4082 6284
380 506 456 579 ale
887 525 1000 580 creua
1026 525 1271 580 nuonncmrus
1298 507 1420 598 (1111).v
1660 503 1729 604 (Α.
1749 501 1795 578 la
1816 501 1969 598 1461.)

379 711 612 788 Thononiuslri
639 713 676 786 in
703 733 816 786 arcem
843 712 989 801 rediret,
1017 712 1180 784 nonnulli
1207 733 1292 785 sano
1320 711 1484 799 coneilio,
1514 711 1575 786 sed
1595 734 1616 784 a
1635 712 1773 804 Regina
1802 713 1944 803 spreto,

377 833 648 924 persuadebant,
677 837 830 906 armatos
858 853 902 907 ex
930 832 1092 906 omnibus
1124 831 1223 906 urbis
1250 831 1395 906 aedibus
1422 833 1545 906 adesse
1573 833 1609 905 in
1637 832 1858 924 praetorium
1885 831 1943 902 iu·

376 953 472 1026 bent.
501 952 672 1026 Convenit
691 954 718 1042 ¹)
746 952 844 1026 illico
872 954 1035 1045 frequens
1062 953 1275 1026 armatorum
1306 974 1491 1042 numerus,
1523 953 1700 1026 consulari
1728 953 1846 1026 edicto
1878 972 1943 1042 pa·

376 1071 524 1146 riturus.
561 1073 767 1148 Mousbatur
802 1073 943 1147 interim
980 1074 1139 1148 Andreas
1177 1073 1412 1148 'lbancninslri
1444 1079 1479 1148 et
1511 1073 1713 1167 aReginae
1745 1072 1943 1146 Elisabeth

377 1193 512 1266 nuntiis
545 1199 580 1266 et
612 1194 655 1267 ab
687 1193 825 1282 eminis,
862 1193 1022 1267 certatim
1055 1193 1111 1266 illi
1139 1193 1426 1284 adhaerentibus,
1460 1195 1632 1287 illumque
1665 1193 1942 1279 comitantibus,

377 1319 550 1408 quatenus
570 1313 681 1387 mrfoo
698 1309 860 1406 populari
891 1314 1032 1404 cedens,
1061 1335 1105 1387 ex
1133 1309 1294 1403 civitate,
1322 1315 1359 1386 in
1388 1335 1456 1407 qna
1479 1309 1604 1402 libere,
1634 1313 1772 1388 cluibus
1793 1307 1939 1404 iuspec-

377 1435 538 1508 tantibus
571 1440 606 1507 et
633 1435 669 1506 id
696 1435 851 1528 graviter
879 1441 913 1508 et
941 1433 1061 1526 iniquo
1090 1435 1205 1507 animo
1238 1435 1447 1523 ferentibus,
1486 1436 1747 1524 deambulabat,
1777 1434 1941 1526 disgres-

377 1576 454 1643 sus,
483 1555 520 1627 in
548 1576 661 1629 arcem
689 1577 726 1627 se
752 1555 936 1646 reciperet:
967 1555 1028 1647 qui
1056 1555 1205 1628 salutari
1225 1556 1389 1642 coneilio,
1418 1577 1462 1629 ne
1485 1556 1712 1630 meticulosus
1731 1559 1941 1647 putaretur,

377 1676 558 1764 obaudite,
587 1676 680 1768 apud
695 1674 726 1764 ²)
754 1676 894 1747 domum
922 1673 1061 1748 Nicolai
1089 1676 1256 1770 Kesling,
1285 1697 1326 1749 ea
1342 1677 1381 1749 in
1399 1676 1587 1750 medietate
1613 1674 1815 1768 plocensi),
1844 1697 1942 1767 quac

377 1797 549 1870 Fraterno
566 1798 782 1889 appellatur,
816 1796 886 1868 sita
900 1797 943 1886 ⁴),
973 1797 1256 1886 cumfratribus,
1290 1797 1413 1870 amisis
1440 1802 1476 1870 et
1502 1795 1710 1870 necessariis
1743 1816 1781 1868 se
1810 1795 1939 1868 obclu-

377 1917 478 2006 dens,
506 1917 672 1992 resistere
699 1916 776 1990 illic
803 1916 950 1991 cuilibet
975 1917 1125 2009 impetui
1144 1917 1244 1992 civili
1263 1917 1474 1991 destinabat.
1503 1917 1650 2010 Signum
1678 1916 1822 2005 deinde,
1858 1915 1940 1988 sira

378 2036 567 2112 Consulum
588 2038 663 2112 sire
682 2059 816 2127 eorum,
840 2038 902 2130 qui
920 2039 956 2111 in
971 2038 1184 2130 praetorium
1203 2043 1453 2126 conuenerant,
1473 2037 1653 2124 mandato,
1672 2038 1820 2129 pulsata
1839 2037 1939 2128 apud

377 2157 540 2232 Sanctam
572 2159 719 2235 hieriam
746 2159 782 2231 in
810 2164 944 2250 partem
978 2180 1083 2231 unam
1114 2179 1300 2251 campana,
1334 2159 1472 2244 datum,
1505 2157 1673 2230 orientem
1702 2156 1935 2242 seditionem,

377 2299 480 2370 quarn
508 2279 719 2352 Consulatus
747 2279 839 2372 ipse,
868 2279 900 2353 si
927 2279 1012 2372 quid
1040 2300 1181 2364 sensus,
1211 2279 1242 2352 si
1262 2279 1347 2371 quid
1365 2278 1600 2365 maturitatis,
1620 2277 1652 2350 si
1671 2276 1756 2369 quid
1774 2277 1937 2369 pruden-

375 2397 446 2472 tiae
472 2399 737 2492 etgravitatis,
766 2399 798 2472 si
826 2399 910 2492 qnid
937 2401 1087 2493 denique
1104 2399 1135 2489 ⁵)
1171 2399 1404 2473 humanitatis
1432 2405 1467 2473 et
1494 2398 1681 2472 civilitatis
1714 2398 1753 2470 in
1786 2420 1829 2472 eo
1858 2400 1936 2472 fne-

374 2523 448 2607 rat,
479 2518 603 2594 merito
635 2521 842 2594 censebatur
873 2517 1111 2610 eitinoturne,
1146 2521 1389 2594 uehementius
1417 2521 1619 2607 commovit,
1653 2539 1848 2611 omnesque
1878 2542 1937 2592 ar·

374 2638 477 2728 mati,
506 2639 568 2713 sed
595 2645 631 2714 et
656 2640 860 2714 uniuersum
888 2641 1019 2733 vulgus
1045 2639 1298 2732 promiscuum,
1327 2640 1419 2732 quod
1447 2639 1611 2733 operibus
1638 2639 1821 2714 derelictis
1848 2662 1934 2713 con·

374 2760 551 2850 currebat,
570 2781 640 2834 non
659 2761 752 2834 furia
769 2761 1027 2851 tantummodo,
1048 2761 1109 2834 sed
1125 2761 1156 2851 ὓ)
1176 2761 1346 2835 ebrietate
1365 2762 1549 2848 refertum,
1569 2760 1607 2832 in
1625 2781 1745 2834 necem
1765 2760 1936 2834 Andreae

375 2881 609 2962 'lhancaineki
636 2882 795 2956 certatim
823 2885 859 2955 et
885 2881 1116 2955 tumultuarie
1149 2882 1361 2956 ferebantur.
1394 2881 1489 2954 lfota
1520 2901 1659 2973 quoqne
1690 2881 1801 2954 semel
1829 2887 1867 2954 et
1895 2882 1935 2954 in

377 3001 583 3076 seditionem
619 3002 762 3076 incensa
793 3001 984 3075 multitudo
1015 3007 1050 3076 et
1078 3003 1239 3094 frequens
1266 3001 1445 3074 hominurn
1478 3001 1666 3089 colluvies,
1699 3001 1819 3075 uanae
1847 3023 1932 3076 con·

375 3121 536 3212 ditionis,
564 3122 752 3216 variaeque
779 3123 883 3212 artis,
912 3124 994 3196 dum
1022 3123 1121 3196 illam
1143 3123 1293 3198 frenaret
1310 3144 1428 3211 nemo,
1456 3121 1597 3196 modum
1615 3143 1758 3196 servam
1775 3143 1846 3195 non
1864 3145 1931 3215 po-

374 3241 456 3316 tuit.
486 3243 560 3335 Quo
583 3243 742 3317 Andreas
760 3242 994 3320 'lbaneainsli
1013 3243 1105 3333 riso,
1135 3243 1294 3338 fragilem
1321 3243 1457 3332 aedem,
1486 3243 1524 3315 in
1542 3264 1611 3335 qua
1635 3241 1862 3332 constiterat,
1885 3245 1931 3316 ad

372 3362 607 3436 resistendum
634 3369 755 3438 tautum
781 3363 1004 3437 multitudini
1030 3369 1146 3452 ratus,
1174 3364 1212 3438 iu
1230 3363 1480 3438 monasterium
1498 3363 1620 3436 Sancti
1638 3363 1840 3452 manciaci,
1860 3365 1897 3436 N
1900 3364 1929 3437 i-

374 3485 471 3557 colao
492 3484 797 3578 Sancnignyewslri
813 3485 855 3574 l),
886 3485 1082 3576 Spithlrone
1102 3484 1345 3572 Melsthinslri‚
1365 3485 1522 3557 Iohanne
1539 3484 1614 3557 filio
1633 3505 1714 3572 suo,
1747 3490 1784 3556 et
1802 3485 1930 3576 paucis

373 3604 581 3697 quibusdam
602 3605 851 3694 familiaribus,
880 3605 982 3678 illum
1001 3606 1267 3694 enubentibus,
1295 3603 1498 3698 diffugit⁸):
1528 3603 1565 3676 in
1585 3604 1780 3696 turrimque
1806 3626 1927 3677 mona-

374 3725 473 3800 sterii
501 3747 538 3800 se
560 3726 702 3818 recipit,
731 3725 1010 3799 incolumitatem
1028 3726 1233 3815 habiturus,
1253 3724 1285 3798 si
1304 3725 1381 3798 illic
1399 3723 1629 3798 constitisset.
1659 3725 1728 3798 Sed
1746 3724 1818 3797 iam
1837 3726 1928 3798 sorti

373 3867 457 3918 suae
484 3846 701 3934 dostlnatus,
730 3852 766 3920 et
792 3846 918 3919 turrim
947 3867 1084 3938 quoque
1112 3846 1181 3920 sihi
1199 3867 1322 3938 parum
1341 3845 1550 3919 munimenti
1568 3851 1748 3938 praestare
1766 3847 1926 3934 medens,

372 3985 416 4040 ex
443 3965 508 4040 illa
535 3986 589 4054 ee,
618 3966 805 4039 comitibus
832 3966 869 4038 in
897 3988 938 4040 ea
964 3966 1225 4040 remanentibus
1252 3971 1288 4040 et
1310 3966 1542 4058 nequicquam
1569 3966 1672 4039 illum
1690 3966 1845 4039 retinere
1863 3989 1926 4040 sa-

372 4087 544 4174 lentibus,
573 4086 722 4175 evolvit,
750 4087 787 4159 in
815 4087 1045 4178 sacristiaque
1073 4107 1110 4160 se
1138 4086 1344 4174 occultavit,
1374 4086 1447 4159 filio
1476 4107 1539 4158 suo
1566 4086 1724 4159 Iohanne
1742 4085 1782 4158 in
1799 4107 1925 4179 ganam

372 4205 581 4280 monasterio
613 4206 765 4283 uicinam
792 4213 828 4280 et
855 4209 995 4280 furnum
1027 4205 1185 4280 mulieris
1219 4206 1346 4280 viduae
1379 4205 1591 4280 divertente.¹
1621 4206 1690 4278 Sed
1717 4207 1926 4281 monasterii
2037 4257 2038 4270 ,

373 4327 505 4402 foribus
532 4327 705 4402 uiolenter
731 4327 933 4419 perfractis,
969 4331 1049 4420 post
1076 4328 1216 4420 longam
1243 4325 1543 4418 disquisitionem,
1577 4326 1660 4398 dum
1692 4347 1774 4399 eum
1802 4327 1840 4400 in
1867 4350 1923 4400 sa·
2036 4405 2038 4436 4

371 4447 529 4522 cristiana
554 4447 776 4522 descendisse
802 4447 1036 4520 confectatum
1064 4453 1134 4536 est,
1163 4447 1345 4520 sacristiae
1373 4448 1464 4519 fores
1483 4446 1681 4539 disruptae,
1707 4451 1742 4520 et
1761 4447 1923 4520 Andreas
2037 4479 2038 4484 ¹

371 4567 605 4642 Thaucninshi
623 4567 715 4653 illio,
744 4568 900 4640 Iohanne
918 4569 1110 4660 Depenwou
1124 4567 1168 4656 9),
1197 4566 1260 4659 qui
1282 4567 1449 4640 ducentos
1469 4567 1633 4654 florenos,
1662 4567 1923 4640 conservandae
2037 4653 2038 4672 χ

371 4687 422 4762 rei
449 4688 580 4781 gratia,
608 4688 651 4762 ab
671 4708 709 4762 eo
729 4694 924 4780 acceperat,
953 4693 993 4760 ut
1020 4687 1160 4761 facilius
1183 4709 1307 4760 aurum
1326 4685 1408 4762 fidei
1427 4707 1511 4761 suae
1528 4686 1806 4760 commendatum
1827 4687 1919 4778 apud

371 4831 450 4884 eum
476 4813 686 4896 remaneret,
714 4807 817 4882 illum
844 4807 1035 4900 proditorie
1062 4809 1340 4896 demonstrante,
1359 4811 1535 4898 repertus,
1561 4807 1604 4880 ab
1623 4805 1781 4880 irruente
1797 4807 1920 4881 rabida

372 4936 408 5003 et
443 4929 575 5005 furiosa
606 4927 850 5018 multitudine,
888 4935 971 5003 ante
1006 4929 1160 5021 corporis
1193 4927 1324 5002 Christi
1355 4926 1590 5019 praesentiam
1621 4925 1659 5000 in
1686 4927 1919 5002 monstrantia

477 5220 501 5301 ¹)
525 5223 670 5286 Convenit
690 5223 792 5300 ilaqae
813 5219 877 5283 ml.
903 5218 993 5304 Lipo.
1017 5217 1044 5300 ¹)
1067 5220 1106 5282 ad
1127 5217 1191 5282 md.
1215 5217 1306 5304 [φα.
1330 5218 1358 5298 ³)
1379 5219 1532 5297 Kieallnk,
1555 5237 1633 5294 quae
1654 5218 1685 5281 iu
1706 5219 1806 5280 media
1820 5221 1917 5297 platea
2036 5227 2037 5232 ’

371 5323 433 5388 Ed.
455 5324 545 5409 Lipa.
577 5323 603 5405 ⁴)
627 5329 685 5388 alta
707 5332 753 5388 eat
773 5322 837 5388 Ed.
861 5321 951 5408 Lapa.
980 5323 1005 5404 ⁵)
1029 5324 1136 5386 deinde
1158 5321 1222 5387 Ed.
1246 5321 1336 5406 La'pc
1368 5318 1396 5406 ⁰)
1420 5323 1474 5384 sed
1496 5323 1585 5384 etiam
1606 5317 1670 5384 sd.
1693 5317 1786 5404 La'pa.
1819 5320 1915 5402 'lde
2035 5407 2036 5412 ἵ

370 5429 560 5509 ocigniewslsi
582 5427 645 5495 lad.
670 5427 761 5515 Lipa.
784 5427 808 5512 ⁸)
830 5429 940 5508 refugit
960 5426 1023 5492 md.
1047 5426 1139 5513 Lipa.
1163 5425 1189 5508 ⁹)
1212 5427 1361 5490 Dosaiwoi
1386 5421 1462 5491 (lod.
1485 5422 1592 5489 Proca.
1807 5433 1810 5438 “
2035 5443 2036 5472 1
