4126 6280
102 571 159 674 (Α.
178 569 224 646 Ι).
245 569 371 671 1454.)
604 593 716 646 urnnu
742 593 985 647 nuonncrrrus
1012 575 1126 664 (xrrr).
1558 573 1631 646 183

101 787 163 856 166
194 783 422 854 6666666661.
460 779 533 853 Neo
564 801 620 853 res
653 780 825 853 caruisset
857 779 991 853 effeetu.
1034 779 1133 872 Ignis
1166 780 1257 853 eninr
1293 780 1385 873 6166,
1429 782 1562 854 6611666
1598 786 1634 855 61
1759 805 1762 812 ·

100 902 417 978 6661661616666111
445 901 669 976 nutrimentis
698 905 877 990 ooauetus,
907 902 944 974 in
970 901 1173 974 universum
1201 901 1457 976 diffundebatur
1474 907 1626 995 pontem,

99 1025 267 1116 singulam
298 1024 373 1096 eius
406 1023 691 1116 eompositionem
729 1023 955 1115 depasturus,
992 1022 1062 1095 nisi
1088 1023 1230 1095 hostilis
1257 1023 1463 1113 multitude,
1497 1045 1541 1098 ex
1574 1045 1629 1097 66-

100 1146 212 1235 str01)
239 1145 424 1219 deeurrens
453 1151 487 1219 et
515 1147 673 1219 oertatim
701 1167 808 1238 aquas
832 1145 1084 1238 superiaoiens,
1113 1147 1282 1239 impetum
1303 1145 1496 1239 grassantis
1515 1154 1631 1219 ineen-

92 1266 145 1340 111
175 1267 399 1340 extinxisset.

96 1625 202 1697 l‘oloni
224 1624 448 1696 inobedientia
474 1625 611 1696 militurn
635 1627 670 1696 ot
690 1624 853 1714 inperitia
874 1623 1004 1712 droun,
1031 1627 1157 1714 portam
1180 1625 1219 1696 rt
1241 1625 1336 1696 initio
1359 1625 1526 1697 vintoniam
1548 1626 1634 1717 apud

96 1745 243 1837 oppidum
272 1745 469 1836 1116661666,
498 1747 533 1818 16
555 1747 683 1819 booten
713 1747 905 1819 itruoiiarnn
933 1747 1078 1818 roieruut
1109 1765 1179 1819 ourn
1207 1747 1382 1837 ignominia
1405 1751 1440 1819 ot
1462 1748 1552 1820 alodo
1574 1766 1634 1820 vua

795 1868 933 1958 ingenti.
1000 1949 1003 1956 .

195 2117 295 2190 Inter
320 2119 405 2191 1666
431 2140 565 2209 66666,
603 2141 623 2192 6
651 2119 799 2193 66611616
830 2141 898 2191 non
931 2119 1135 2208 abhorrens,
1173 2119 1216 2191 ad
1247 2120 1378 2212 Regem
1406 2120 1535 2192 allatus
1563 2125 1630 2208 est,

94 2237 285 2313 exereitum
312 2239 348 2311 in
375 2239 582 2313 Almanuiae
618 2241 777 2332 partibus
814 2240 1013 2333 diligentia,
1051 2240 1167 2313 studio
1201 2245 1236 2314 et
1267 2240 1434 2344 impensis
1471 2241 1632 2334 Magistri

92 2361 318 2449 Almanniae,
347 2361 407 2453 qui
434 2383 502 2464 pro
524 2382 623 2450 aure,
653 2361 695 2434 ad
723 2361 759 2433 id
787 2381 872 2454 opus
900 2361 1075 2449 habendo,
1104 2363 1174 2435 fere
1197 2361 1380 2434 universos
1398 2362 1556 2436 redditus
1576 2363 1632 2435 661

93 2481 233 2555 Ordinis
261 2486 322 2554 661
348 2483 568 2570 vendiderat,
601 2487 662 2555 ant
694 2483 922 2571 distraxerat,
957 2487 992 2555 et
1024 2482 1188 2556 Prnssiae
1225 2482 1447 2556 Thesanrarii
1480 2504 1523 2556 ex
1551 2484 1630 2557 Oro·
1756 2471 1760 2482 “

91 2603 189 2676 66616
218 2624 297 2676 666
326 2603 580 2698 quinquaginta
607 2603 766 2677 millibus
794 2605 1000 2678 domnorum
1016 2603 1047 2695 2)
1075 2605 1239 2698 digressi,
1260 2605 1461 2697 comparari.
1490 2605 1559 2677 Diu
1579 2611 1630 2678 16-

90 2747 168 2798 666
196 2747 316 2798 rumor
341 2725 416 2817 ipse
443 2747 504 2818 pro
532 2727 612 2799 fioto
639 2726 781 2799 babitus
809 2731 878 2816 est,
907 2727 967 2800 sed
995 2727 1160 2800 continua
1191 2725 1406 2799 avisamenta
1433 2726 1631 2818 explorato-

90 2867 165 2918 mm
195 2847 234 2919 iu
261 2847 485 2919 Almanniam
518 2847 721 2936 missorum,
756 2853 791 2922 et
818 2839 1006 2921 amieorum
1040 2847 1170 2940 6661616
1197 2869 1237 2921 66
1263 2847 1451 2920 6616116666
1479 2848 1634 2921 feeerunt

90 2967 130 3038 de
157 2989 297 3041 rumore
325 2969 443 3042 fidem:
477 2975 619 3062 prepter
651 2971 740 3062 quod
773 2970 876 3043 terris
904 2971 1076 3043 duntaxat
1108 2969 1250 3042 Maioris
1278 2970 1459 3056 Poloniae,
1487 2975 1528 3041 ut
1555 2990 1631 3042 ver·

90 3110 149 3160 sus
178 3089 409 3182 Oboynienam
438 3091 699 3164 exereitualiter
726 3092 968 3184 procederent,
997 3091 1198 3164 mandatum
1217 3095 1281 3164 est.
1312 3090 1378 3163 Sed
1397 3095 1517 3182 gentes
1536 3091 1631 3178 illae,

90 3209 155 3281 6161
184 3210 282 3302 regie
311 3211 472 3284 mandato
498 3213 649 3304 parendo
677 3213 917 3305 procederent,
946 3212 983 3284 16
1010 3213 1220 3284 transeundo
1248 3217 1379 3300 tamen,
1408 3211 1631 3284 16166666-

89 3330 279 3404 elesiurum
313 3337 347 3405 61
379 3333 683 3420 monasteriorum,
717 3333 883 3406 villarum
915 3339 949 3407 et
981 3333 1209 3423 deeimarum,
1238 3333 1631 3425 66616111616666666-

89 3458 207 3542 munt,
237 3457 277 3524 61
304 3474 347 3525 66
374 3455 493 3526 166166
527 3455 683 3547 quidem,
718 3455 823 3529 etiam
857 3455 1006 3548 Scythae
1033 3459 1094 3527 aut
1120 3454 1275 3543 barbari,
1310 3453 1419 3526 simili
1451 3459 1634 3527 uterentur

88 3574 302 3646 conditione.
333 3575 464 3666 Spoliis
492 3577 710 3668 eomplebant
743 3577 872 3666 omnia,
907 3583 941 3650 et
969 3577 1108 3668 singula
1140 3576 1343 3668 redigebant
1375 3576 1413 3647 in
1446 3575 1632 3648 desolatio·

87 3713 166 3766 uem
206 3701 242 3768 et
275 3696 492 3784 vastitatem,
530 3696 705 3788 rapientes
744 3697 865 3787 etiam,
900 3719 962 3770 nee
994 3703 1228 3789 temperantes
1266 3717 1302 3769 se
1330 3717 1350 3768 6
1376 3696 1566 3770 violatione
1598 3702 1633 3770 61

88 3816 215 3907 6661116
245 3817 466 3890 feminarum:
496 3839 557 3908 pro
586 3838 654 3909 quo
680 3840 717 3891 re
746 3820 876 3892 elamor
911 3825 946 3892 et
975 3819 1079 3892 fietus
1117 3818 1229 3911 spolia
1257 3821 1292 3890 et
1319 3817 1484 3890 iniuriam
1511 3839 1631 3910 passe-

86 3958 183 4026 rum,
217 3941 254 4010 et
280 3939 445 4011 laerimae
473 3938 657 4011 viduarum
678 3944 711 4012 et
730 3940 979 4032 orphanorum,
1008 3940 1051 4011 ad
1079 3939 1233 4011 tribunal
1252 3939 1333 4028 Dei,
1362 3939 1552 4012 vindictam
1572 3960 1630 4012 ex-

85 4059 240 4149 petendo
270 4060 513 4133 ascendebant.
548 4061 700 4134 Ventum
733 4065 787 4133 est
815 4061 923 4154 igitur
955 4061 992 4134 iu
1024 4063 1138 4134 lenum
1167 4059 1403 4154 designatum,
1437 4062 1479 4132 ad
1511 4061 1633 4133 villam

87 4180 361 4253 Gnerekvvionam
394 4181 646 4274 archiepiscopi
675 4182 903 4272 Gnesnensis,
933 4183 1067 4254 duobus
1101 4181 1311 4254 milliaribus
1335 4182 1566 4274 6016661666
1585 4181 1631 4254 61-

86 4305 175 4391 166,
208 4323 298 4394 quae
324 4307 535 4395 pergentes
566 4304 682 4396 regias
716 4303 929 4376 obsidionem
962 4305 1108 4392 ferebat,
1142 4303 1225 4376 lieet
1266 4302 1343 4376 illio
1379 4303 1553 4376 exereitus
1579 4324 1632 4376 re·

83 4423 181 4515 gius,
213 4429 337 4516 utpote
369 4423 406 4496 iu
433 4445 557 4516 magua
583 4446 697 4498 rernm
726 4426 824 4516 66616
851 4425 1081 4514 66661116166,
1111 4424 1223 4517 magis
1253 4424 1495 4516 voluptatibus
1519 4429 1629 4516 6166-

86 4545 283 4634 tulantiae,
313 4567 416 4637 quam
445 4547 697 4637 expugnationi
726 4550 900 4634 vacasset,
929 4545 1133 4618 611661166
1153 4545 1323 4619 adventus
1343 4545 1480 4618 vieinus
1500 4550 1534 4618 et
1552 4566 1630 4638 pro·

85 4665 247 4758 pinquus
276 4667 501 4739 denuntiatus
530 4673 599 4757 661,
629 4689 732 4760 quem
757 4689 800 4741 ex
824 4666 1025 4756 Almannis,
1057 4667 1212 4756 Slesitis,
1242 4667 1406 4740 Bohemis
1434 4667 1630 4756 collectum,

85 4785 122 4858 iu
150 4787 323 4880 oppidum
350 4788 469 4862 Novae
497 4789 670 4862 Marobiae
698 4787 964 4879 8611161163),
994 4789 1085 4881 quod
1113 4789 1225 4860 adhue
1243 4793 1360 4880 partes
1379 4788 1631 4861 drueiierorum

86 4910 318 5000 sequebatur,
348 4909 531 4983 advenisse
559 4915 690 4983 eertum
718 4915 802 4983 erat.
832 4910 948 4982 Η6166
964 4911 995 5000 ⁴)
1024 4911 1128 4982 duees
1155 4909 1335 5002 praeripui
1358 4913 1471 4999 erant,
1500 4908 1631 4982 Redol-

84 5029 177 5121 phus
209 5031 293 5102 Dux
320 5031 530 5124 Zeganensis
558 5037 593 5105 et
619 5032 843 5104 Bernhardus
872 5029 1166 5121 Sohumborslriil
1195 5031 1387 5116 Bohemus3
1416 5035 1492 5103 6616
1519 5029 1632 5102 611116

197 5323 221 5404 ¹)
249 5343 285 5385 ex
308 5343 378 5386 casu
403 5319 478 5388 0661.
501 5322 609 5389 Pvzez.
642 5325 669 5407 Ω)
692 5327 867 5388 florenorum
898 5325 1040 5389 deuotio
1067 5323 1142 5389 eod.
1178 5323 1266 5388 0616.
1298 5323 1325 5405 ³)
1349 5322 1526 5387 Sehibelken
1558 5317 1633 5388 Cae.

85 5425 196 5492 Przez.
224 5431 355 5490 Sibellen
380 5425 545 5492 06616.
569 5427 803 5512 (Sehioielbein).
827 5429 852 5513 4)
878 5433 989 5492 Η6666
1012 5427 1075 5492 Ea.
1099 5427 1192 5513 Lips.
1221 5426 1246 5510 ⁶)
1271 5428 1442 5492 Sumborslri
1467 5423 1542 5492 Ood.
1566 5425 1633 5494 Lao.

87 5533 295 5612 (Bernhardus
319 5535 355 5595 de
378 5533 585 5614 Zinuenberg).
