4046 6278
389 549 463 622 382
898 571 1011 628 66666
1037 573 1282 627 nuonncmus
1310 555 1424 646 (xrrr).
1659 552 1727 652 (Α.
1747 552 1794 626 D.
1813 554 1933 654 14113.)

386 763 422 832 61
448 764 633 852 gravatum
661 781 698 832 so
726 781 890 852 querens,
919 760 1093 834 discessit.
1121 759 1326 852 Apostolioo
1364 761 1495 854 Legato
1533 761 1747 854 Hieronymo
1782 763 1930 837 Cretensi

386 880 664 972 archiepiscopo,
693 901 756 974 per
782 882 971 954 Balthasar
999 882 1199 969 Ductorem,
1229 887 1264 954 et
1293 881 1519 954 secretarium
1538 903 1640 954 snum
1660 883 1869 971 Iohannem,
1895 885 1932 956 ad

385 1021 507 1092 pacem
539 1002 804 1090 Pruthenicam,
838 1023 900 1093 pro
929 1022 998 1094 qua
1024 1001 1269 1094 principaliter
1296 1023 1316 1073 a
1344 1002 1486 1074 Summo
1519 1002 1691 1076 Pontihoe
1723 1024 1760 1076 se
1793 1002 1930 1076 missum

387 1124 694 1210 commemorabat,
723 1122 918 1214 expetenti,
949 1143 1011 1214 per
1037 1122 1203 1194 Iacobum
1230 1123 1273 1195 (16
1301 1122 1459 1196 Schadeh
1487 1123 1714 1196 Decretorum
1742 1125 1931 1212 Ductorem,

386 1241 594 1315 canonicum
626 1242 959 1331 Sandomiriensem,
988 1247 1024 1314 et
1051 1243 1242 1316 Iohannem
1270 1241 1481 1334 Suppenshi,
1510 1243 1554 1315 ad
1574 1263 1652 1316 eum
1672 1244 1932 1317 wratislaviam

387 1361 531 1451 missos,
559 1384 766 1454 responsum
796 1368 864 1436 est:
894 1365 1027 1436 Favere
1051 1363 1182 1456 Regem
1201 1362 1271 1435 sibi
1289 1363 1331 1436 de
1352 1385 1391 1435 eo
1411 1364 1540 1436 honore
1559 1369 1595 1436 et
1614 1369 1726 1452 sorte,
1754 1365 1932 1437 dummodo

387 1481 547 1575 singulos
579 1483 752 1556 militares
785 1487 819 1557 et
851 1483 946 1556 cives
978 1484 1159 1572 Prnssiae,
1194 1505 1278 1557 suae
1311 1483 1439 1556 ditioni
1471 1485 1664 1572 subiectos,
1698 1507 1815 1578 neque
1842 1485 1935 1573 vitet,

387 1623 499 1695 neque
527 1605 845 1678 excommunicatos
873 1610 1028 1694 censeat,
1059 1610 1094 1678 ot
1112 1605 1148 1680 id
1167 1605 1318 1690 nitetur,
1347 1611 1452 1697 atque
1471 1606 1605 1679 efficere
1626 1607 1721 1678 omni
1741 1611 1871 1678 conatu
1889 1628 1933 1678 sa-

349 1707 351 1712 ’
386 1728 501 1816 tegat,
532 1729 571 1796 ut
599 1732 711 1798 terrae
739 1726 919 1798 naturales
947 1727 1114 1800 Poloniae
1141 1725 1273 1820 Regni,
1302 1727 1545 1814 Pomsraniae,
1575 1726 1798 1800 Gholmensis
1827 1732 1862 1799 et
1880 1727 1935 1800 lli-

388 1845 640 1933 chaloviensis,
675 1847 908 1920 aCruoiforis
943 1847 1116 1939 quondam
1148 1869 1210 1939 per
1241 1847 1314 1920 vim
1346 1853 1381 1920 et
1409 1846 1633 1939 iniquitatem
1666 1853 1876 1940 occupatae,
1907 1847 1937 1919 in

388 1970 557 2057 perpetua
575 1966 797 2058 possessione
816 1967 931 2060 Regni
949 1973 1168 2056 remaneant;
1198 1989 1304 2059 super
1322 1971 1415 2040 terra
1434 1967 1600 2040 Prnssiae
1620 1973 1655 2040 et
1674 1967 1833 2055 damnis,
1854 1989 1937 2039 snm-

388 2087 578 2178 ptibusque
607 2087 796 2161 hincinde
826 2089 944 2176 fectis,
973 2094 1129 2180 potestas
1157 2089 1350 2162 arbitrandi
1369 2089 1462 2180 apud
1481 2089 1583 2160 illum
1602 2088 1795 2176 consistat3
1824 2089 1870 2160 ad
1886 2110 1939 2179 pa·

389 2228 462 2279 cem
492 2209 725 2297 tractandam,
753 2209 1005 2282 Posnaniensis
1033 2209 1190 2282 civitatis
1218 2210 1331 2282 locum
1360 2210 1484 2302 eligat:
1516 2209 1546 2281 si
1575 2211 1659 2281 hoco
1678 2209 1939 2296 detrectaverit,

388 2326 567 2421 intelligat
595 2349 648 2417 se,
678 2330 776 2403 velut
803 2335 1022 2421 suspectum,
1050 2330 1274 2422 repudiatum
1302 2329 1358 2402 iri.
1393 2329 1476 2422 Qui,
1506 2351 1584 2404 cum
1612 2331 1697 2403 haee
1724 2329 1785 2402 illi
1814 2330 1939 2402 denun-

388 2448 478 2521 tiata
504 2471 525 2521 a
551 2449 659 2543 regiis
686 2451 823 2524 nuntiis
851 2451 1018 2540 fuissent,
1038 2451 1075 2523 in
1095 2451 1254 2544 singulas
1274 2450 1490 2524 conditiones
1510 2450 1749 2540 consentiens,
1780 2451 1941 2524 Prnssiae

388 2570 537 2661 populos
569 2571 700 2645 sentire
732 2577 838 2665 atque
871 2593 1027 2646 asserere
1063 2572 1382 2646 excommunicatos
1414 2593 1484 2644 non
1516 2571 1641 2660 tuisse,
1676 2571 1747 2644 sibi
1776 2571 1941 2644 illicitum

388 2691 586 2782 respoudit;
615 2697 720 2785 atque
747 2699 933 2787 propterea
964 2693 1187 2786 repudiatus,
1221 2713 1265 2766 ex
1294 2692 1525 2766 Wrotielavia
1558 2692 1759 2781 discedens,
1795 2692 1942 2784 negotiis
2007 2725 2015 2736 ·

390 2811 557 2905 singulis,
586 2834 648 2906 pro
677 2814 805 2906 quibus
833 2815 964 2888 missus
992 2817 1121 2902 lueret,
1156 2813 1312 2902 infectis,
1345 2815 1491 2887 Romam
1518 2813 1635 2888 rediit.
1664 2813 1816 2886 Civitati
1844 2814 1940 2886 mari·

389 2932 497 3006 timae
524 2933 663 3022 Lubcl,
694 2957 782 3027 qnae
809 2935 847 3008 in
874 2935 1040 3009 Polonico
1069 2936 1283 3028 Bukovyeca
1312 2935 1434 3027 (sortis
1464 2934 1556 3008 onim
1583 2934 1776 3026 aliquando
1806 2935 1940 3007 Poloni-

389 3053 477 3126 calis
506 3057 595 3144 erat)
623 3057 838 3148 appellatur,
868 3077 930 3149 per
948 3057 1140 3130 Iohannem
1159 3055 1334 3128 notarium
1354 3077 1471 3144 suum,
1492 3055 1535 3128 ad
1555 3055 1852 3146 intercipiendum
1871 3055 1937 3128 bel·

389 3175 463 3246 lum
491 3175 760 3266 Prnthonionm,
790 3181 825 3250 et
853 3177 896 3250 ed
924 3177 1196 3268 componendam
1224 3176 1345 3269 aequis
1374 3175 1632 3274 conditionibus
1653 3197 1800 3268 pacem,
1831 3197 1869 3248 so
1887 3177 1940 3248 ad·

390 3294 485 3368 mitti
521 3296 671 3388 petenti,
705 3303 740 3370 et
771 3299 973 3370 mandatum
1009 3298 1205 3389 plenarium
1242 3297 1404 3390 Magistri
1442 3303 1476 3370 et
1507 3296 1648 3370 Ordinis
1688 3297 1941 3370 Cnroilerorum

390 3417 598 3505 ostentanti,
628 3422 785 3509 potestas
813 3421 905 3492 lacta
932 3425 986 3491 est
1004 3440 1077 3492 rem
1096 3417 1338 3512 aggrediendi,
1367 3417 1664 3509 consiguatusque
1683 3417 1941 3511 Bidgostionsis

390 3537 510 3628 oppidi
537 3538 635 3611 locus
662 3559 724 3630 pro
753 3539 865 3632 Rege,
894 3540 1110 3614 Gholmousis
1137 3561 1199 3631 pro
1228 3539 1411 3631 Magistro,
1442 3543 1579 3629 tompus
1605 3539 1687 3611 festi
1705 3539 1942 3627 Pentecostes,

390 3657 475 3729 licet
502 3658 629 3731 civitas
656 3659 775 3733 venire
802 3660 838 3731 in
866 3660 1056 3753 Elbingum
1089 3662 1220 3754 Regem
1254 3659 1524 3751 supplicaverit,
1553 3680 1596 3731 66
1628 3659 1801 3751 Magister
1831 3659 1942 3752 egredi

391 3777 569 3872 Kinsberg
596 3785 788 3872 cogeretur.
825 3780 956 3853 Potitio
993 3781 1113 3854 Iacobi
1141 3780 1360 3873 Syennenski
1393 3779 1476 3852 olim
1506 3779 1659 3871 episcopi
1688 3779 1942 3868 cracoviensis,

392 3898 453 3990 qui
476 3899 519 3970 ad
538 3899 794 3991 possessionem
822 3901 1000 3993 pensionis
1028 3901 1140 3974 clavis
1168 3900 1436 3988 Sandecaensis,
1465 3921 1526 3991 per
1554 3900 1676 3972 Sedem
1702 3901 1944 3991 Apostolicam

391 4019 460 4091 sibi
489 4021 617 4107 tactae,
651 4041 712 4113 per
735 4022 926 4094 Iohannem
945 4023 987 4094 dc
1007 4022 1175 4095 hlolsthin
1208 4027 1243 4095 et
1270 4022 1445 4093 Androam
1474 4021 1516 4093 de
1544 4021 1658 4093 Senno
1680 4023 1706 4110 ¹)
1741 4041 1943 4114 germanum

391 4159 493 4211 suurn
521 4161 558 4213 se
585 4141 725 4214 admitti
753 4141 977 4233 deposcebat,
1007 4141 1220 4214 consiliariis
1247 4141 1478 4233 nequicquam
1512 4140 1812 4233 improbantibus,
1842 4143 1943 4215 reiec

390 4258 486 4348 ta2),
524 4261 701 4354 allegante
738 4263 832 4355 Rege
849 4260 891 4351 ³),
925 4263 1038 4336 scindi
1076 4263 1315 4354 episcopatum
1351 4261 1614 4334 cracoviensem
1648 4283 1717 4332 non
1746 4263 1941 4334 convenire.

392 4380 485 4452 Hinc
513 4387 547 4453 ct
575 4383 766 4474 appellatio
794 4405 814 4455 a
841 4384 1062 4474 processibus
1095 4382 1275 4475 pensionis
1311 4383 1513 4454 huiusmodi
1528 4383 1572 4470 ⁴),
1607 4382 1736 4473 quibus
1771 4383 1942 4455 Iohannes

392 4501 576 4594 episcopus
604 4502 845 4576 Oracoviensis
873 4505 1093 4593 monebatur,
1121 4525 1184 4596 per
1210 4505 1405 4596 praefatum
1430 4503 1620 4576 Iohannem
1640 4503 1847 4593 episcopum
1868 4503 1939 4575 cra-

392 4622 588 4695 coviensem
615 4623 839 4715 interposita,
869 4625 1060 4717 allegante,
1092 4645 1128 4698 66
1157 4625 1193 4696 16
1220 4623 1423 4697 huiusmodi
1442 4623 1660 4714 pensionem,
1691 4622 1763 4695 sibi
1782 4629 1820 4694 et
1838 4624 1939 4696 eecle-

392 4743 464 4816 siae
491 4764 575 4816 suae
601 4764 759 4836 gravem,
789 4766 900 4837 neque
927 4766 989 4837 per
1017 4767 1070 4833 se,
1101 4765 1213 4837 nequo
1240 4766 1303 4837 per
1329 4749 1570 4836 procuratores
1608 4743 1845 4816 consensisse.
1873 4745 1937 4834 hp-

391 4865 575 4956 pellationi
595 4885 678 4938 suae
698 4885 759 4956 per
778 4866 996 4957 Gepituleres
1016 4865 1262 4939 cracoviensos
1282 4865 1487 4951 adhaesum,
1508 4864 1704 4954 Iacoboque
1725 4863 1937 4955 Syennenshi

391 4984 597 5076 compositio
629 5006 746 5058 secum
775 4989 867 5074 acta,
901 5009 1023 5078 pamm
1053 4986 1186 5059 sincero
1219 4991 1373 5073 servata,
1407 4985 1669 5076 necessitasque
1695 4983 1877 5076 imposita,
1903 4987 1938 5054 nt

391 5105 572 5178 Summum
599 5106 806 5179 Pontificem
833 5107 929 5180 adire
956 5107 1189 5199 personaliter
1216 5109 1408 5198 cogeretur.

392 5287 598 5295 ——-—.--—-

500 5381 523 5460 ¹)
546 5383 584 5444 de
606 5371 726 5459 Sysnno
748 5380 811 5445 Eo.
835 5380 926 5466 Lips.
951 5381 977 5460 ς)
1000 5383 1110 5444 relecta
1132 5385 1178 5442 cst
1200 5377 1263 5442 led.
1288 5377 1378 5462 Lips.
1403 5377 1429 5460 ³)
1452 5381 1535 5456 Rege
1557 5379 1699 5440 Poloniae
1721 5379 1865 5440 Oasimiro
1879 5373 1935 5440 Ed

393 5482 484 5568 Lips.
509 5481 535 5565 ⁴)
559 5487 691 5548 eiusdem
713 5484 777 5549 Ed.
801 5484 892 5570 Lipe.
1821 5518 1826 5527 ·
