4264 6280
47 628 52 712 ἶ
185 570 254 669 (Α.
274 570 319 644 D.
341 570 466 669 1446.)
699 595 812 648 nnana
838 595 1082 647 6666666666
1110 575 1224 666 (616).
1683 575 1730 644 21

186 780 345 854 Β6166161
370 785 472 873 gesta
498 783 611 869 erant,
641 802 685 854 66
704 779 824 853 ordine
843 780 1046 852 declaravit.
1075 781 1118 852 In
1145 779 1280 852 dierum
1300 779 1326 866 ¹)
1355 781 1472 849 autem
1500 781 1535 848 61
1562 799 1730 850 annorum

184 920 368 990 processu,
397 901 479 971 dum
507 921 611 991 super
634 901 803 973 electione
821 904 905 971 tunc
923 899 1044 970 habita
1063 920 1174 971 sermo
1193 897 1363 990 digestior
1380 898 1582 984 haberetur,
1611 896 1732 969 audivi

186 1041 249 1111 ego
277 1041 298 1090 a
324 1019 400 1091 viro
427 1019 527 1111 gravi
554 1023 589 1092 et
615 1019 802 1111 prudente,
831 1019 990 1090 Iohanne
1017 1019 1059 1090 de
1083 1015 1731 1104 11666616066666166616661611666,

185 1137 398 1230 sagaciorem
427 1138 624 1228 pontificae,
663 1142 698 1211 et
724 1139 846 1229 Regno
873 1137 1040 1210 Poloniae
1073 1136 1267 1224 utiliorem,
1300 1135 1337 1207 in
1365 1135 1525 1226 eligendo
1552 1135 1731 1208 Friderice

185 1257 387 1330 Marcbioua
415 1257 736 1351 Braudeburgensi‚
766 1279 870 1349 quam
899 1279 935 1330 se
962 1261 996 1330 et
1015 1261 1169 1330 caeteros
1188 1257 1225 1328 16
1243 1257 1339 1328 Duce
1358 1255 1535 1328 Masoviae
1555 1257 1729 1344 Boleslao,

185 1377 280 1448 viam
309 1377 481 1466 tenuisse,
511 1382 545 1450 et
572 1399 780 1470 magnopere
807 1376 949 1449 illorum
977 1376 1187 1451 senteutiam
1216 1375 1402 1463 extulisse,
1435 1379 1540 1466 atque
1570 1374 1601 1446 si
1628 1376 1731 1448 obve-

185 1496 261 1569 6161
288 1497 439 1586 occasio,
469 1502 668 1572 secuturam
696 1499 779 1570 iore.
1414 1513 1417 1521 '

185 1848 288 1918 liner
318 1848 470 1918 Karimiri
499 1849 594 1920 116616
623 1849 1070 1920 1111666166616611611616
1099 1849 1217 1937 ingens
1246 1849 1286 1918 ob
1316 1847 1523 1936 designatum
1553 1847 1733 1918 boleslaum

186 1967 349 2038 lusoriae
372 1967 489 2038 breem
510 1969 544 2039 in
567 1969 685 2057 liugom
711 1967 875 2054 Poloniae
903 1968 1160 2056 mutationisque
1187 1968 1285 2038 animi
1313 1967 1363 2037 661
1391 1969 1519 2038 recreta
1549 1967 1733 2038 enuntiatio

348 2087 484 2176 sopitae
506 2088 602 2160 matri
624 2087 766 2176 11661666
789 2105 827 2158 66
850 2087 1039 2176 quibusdam
1061 2088 1268 2159 aenatoribus
1289 2087 1391 2176 dagni
1413 2086 1572 2158 Poloniae.
1629 2129 1632 2135 -

290 2332 510 2405 certificatus
537 2333 739 2406 Kanimirus
767 2335 849 2404 Dux
877 2331 1088 2406 Litbuaniae
1115 2337 1150 2406 et
1177 2333 1233 2405 sui
1260 2333 1377 2405 nuntii
1404 2334 1542 2404 oraculo
1567 2337 1602 2404 et
1621 2332 1730 2424 pluri-

186 2474 321 2525 morum
353 2453 581 2525 avisamentis
609 2453 873 2544 616661616616,
909 2454 1040 2526 Ducem
1073 2452 1249 2525 Masoviae
1278 2453 1480 2524 Boleslaum
1512 2452 1733 2524 uniformiter

185 2572 223 2644 in
250 2573 382 2664 Regem
410 2572 577 2645 Poloniae
606 2574 754 2646 electum
783 2593 874 2660 6666,
908 2571 944 2643 16
971 2593 1112 2664 gravem
1140 2572 1269 2646 mentis
1302 2571 1515 2644 anxietatem
1542 2573 1730 2662 collapsus,

186 2692 302 2783 coepit
328 2713 398 2763 non
430 2695 501 2764 tam
534 2693 625 2784 ipse,
660 2713 764 2783 quam
796 2713 914 2764 omnes
942 2692 998 2764 sui
1025 2691 1211 2780 Lithuani,
1245 2693 1467 2764 vehementer
1498 2691 1621 2764 timere
1649 2712 1732 2764 suae

186 2811 296 2903 parti,
326 2815 360 2884 61
387 2813 584 2884 futurorum
608 2833 749 2885 suorum
769 2811 1002 2903 periculorum
1022 2815 1056 2884 et
1074 2811 1331 2899 discriminum,
1360 2811 1397 2882 in
1416 2832 1521 2902 quae,
1551 2811 1583 2882 si
1606 2811 1730 2884 electio

186 2931 345 3003 Boleslai
371 2930 548 3004 Masoviae
575 2931 684 3004 Ducis
713 2931 899 3004 sortiretur
918 2931 1094 3019 effectum,
1123 2951 1268 3004 casurus
1288 2934 1377 3019 arat,
1398 2930 1467 3003 sibi
1486 2930 1634 3002 ominari
1653 2950 1729 3002 666-

187 3072 305 3140 66666;
335 3049 506 3122 Lithuani
534 3072 685 3142 quoque,
716 3050 777 3142 qui
804 3051 892 3122 alias
921 3049 1127 3123 electionem
1156 3049 1349 3142 quamlibet
1375 3049 1574 3122 irritaturos
1603 3071 1640 3122 66
1658 3071 1729 3122 666-

187 3171 329 3258 debant,
360 3173 395 3242 61
421 3170 582 3243 ferociter
610 3175 731 3243 contra
757 3170 857 3242 illam
885 3170 983 3261 loqui
1010 3169 1251 3258 insueverant,
1289 3169 1446 3262 singulas
1475 3190 1557 3241 suas
1585 3190 1664 3261 spes
1697 3174 1732 3242 61

187 3290 466 3362 666116666616
492 3290 659 3364 recidisse
685 3291 846 3363 videntes
865 3311 928 3382 per
951 3290 1155 3363 electionem
1188 3289 1345 3362 Boleslai
1360 3287 1392 3379 2)
1420 3289 1457 3361 16
1480 3289 1635 3378 irritum,
1664 3309 1733 3360 non

187 3414 259 3482 tam
286 3411 328 3482 de
359 3410 453 3482 bello
489 3411 634 3482 Polonis
666 3410 861 3498 inferendo,
900 3411 960 3482 sed
975 3408 1006 3499 3)
1043 3410 1085 3482 de
1115 3409 1316 3500 repellendo
1357 3429 1458 3480 curas
1491 3412 1673 3481 verterunt
1704 3411 1731 3497 ).

187 3531 284 3601 Tunc
312 3549 447 3621 quoque
476 3529 550 3601 suis
578 3531 790 3602 Polonorum
808 3534 986 3621 praestare
1009 3529 1331 3602 animadverterunt
1349 3527 1507 3621 ingenia,
1529 3533 1563 3601 61
1581 3529 1619 3600 16
1637 3534 1732 3601 arcto

188 3669 225 3721 se
253 3649 388 3721 tardius
420 3649 583 3722 viderunt
615 3651 809 3722 conclusos.
842 3650 1024 3723 Noverant
1056 3648 1244 3740 siquidem,
1278 3649 1408 3720 Ducem
1441 3647 1662 3736 Michaelem‚
1691 3651 1730 3720 ii·

187 3769 275 3840 lium
303 3768 386 3840 olim
413 3769 522 3842 Ducis
550 3770 668 3862 Magni
691 3769 901 3842 Lithuaniae
922 3769 1155 3862 sigismundi,
1184 3770 1327 3860 longum
1346 3767 1384 3838 in
1401 3767 1557 3840 Masovia
1575 3768 1731 3840 tenuisse

187 3887 418 3976 domicilium,
448 3891 484 3960 et
510 3889 609 3960 velut
627 3888 736 3961 Ducis
756 3889 926 3977 Boleslai,
955 3887 1059 3961 electi
1086 3889 1194 3980 Regis
1212 3887 1254 3977 ⁵),
1282 3907 1447 3980 generum
1474 3890 1509 3960 61
1536 3888 1728 3974 alumnum,

187 4009 224 4080 16
252 4008 327 4080 6166
355 4011 530 4098 potestate
557 4011 593 4080 61
620 4007 809 4081 directione
836 4009 1009 4097 loturum,
1037 4029 1099 4099 per
1127 4029 1230 4099 quem
1257 4007 1443 4078 Boleslaus
1471 4007 1604 4079 electus
1632 4007 1730 4079 civili

187 4127 280 4199 bello
308 4131 426 4217 posset
454 4126 605 4200 faciliter
631 4127 858 4199 Litbuaniam
889 4127 1068 4199 involvere
1099 4132 1241 4219 propter
1272 4126 1527 4200 Lithuanorum
1554 4128 1668 4198 116666
1697 4130 1731 4198 61

187 4247 224 4318 16
250 4245 490 4318 assistentiam
518 4247 607 4319 Daci
626 4247 788 4319 Michaeli
807 4246 1068 4337 praestandam,
1096 4247 1272 4338 proclivas
1291 4250 1440 4333 mentes,
1470 4245 1531 4336 qui
1549 4246 1638 4318 buci
1656 4247 1728 4317 Ka-

187 4365 309 4437 nimiro
337 4370 435 4438 erant
462 4365 606 4454 intonsi,
636 4366 727 4457 quod
754 4366 1021 4457 rempublicam
1049 4388 1167 4439 eorum
1198 4387 1267 4437 non
1294 4387 1356 4457 per
1384 4386 1437 4448 se,
1477 4365 1536 4438 sad
1568 4387 1629 4456 por
1662 4364 1728 4438 Ga·

188 4485 382 4557 stbavdum
397 4485 441 4574 ⁶),
470 4485 526 4557 cui
545 4506 666 4576 parere
684 4485 866 4577 indignum
886 4485 1104 4574 iudicabant,
1137 4485 1420 4573 administrabat,
1450 4489 1484 4557 et
1503 4485 1540 4556 in
1566 4505 1650 4575 pace
1678 4488 1730 4556 at·

188 4625 255 4696 que
282 4603 369 4692 otio,
404 4605 535 4677 Ducem
562 4605 781 4676 Karimirum
812 4604 1023 4677 Lithuaniae
1051 4606 1109 4676 vel
1135 4605 1179 4676 ad
1206 4605 1358 4677 debitam
1390 4603 1639 4677 subiectionem
1666 4605 1730 4675 hu·

188 4723 363 4796 miliatum
390 4724 613 4814 compellere,
642 4726 700 4796 vel
726 4725 868 4815 penitus
896 4745 939 4796 66
967 4724 1070 4797 terris
1098 4725 1309 4797 Lithuaniae
1337 4723 1461 4796 eiicere
1489 4729 1524 4796 et
1542 4724 1730 4811 debellare,

189 4847 224 4915 ot
250 4844 380 4916 Ducem
417 4843 621 4916 Michaelem
658 4858 856 4936 surrogans,
895 4844 995 4916 cuius
1027 4845 1258 4934 dominatum,
1292 4844 1391 4916 velut
1418 4841 1486 4916 sibi
1513 4843 1731 4934 pestiferum,

189 4963 488 5035 abominabantur.
519 4963 587 5036 Sed
614 4967 649 5036 et
676 4965 756 5035 Dux
784 4962 1002 5053 Kanimirns,
1038 4965 1097 5056 qui
1125 4964 1262 5036 vicibus
1290 4963 1426 5054 aliquot
1457 4961 1732 5053 conspirationes

295 5251 319 5331 ¹)
341 5249 431 5313 Haec
454 5272 535 5334 quae
557 5257 733 5334 6666666166
754 5247 981 5312 desiderantur
1002 5251 1039 5312 e'o
1063 5245 1162 5313 doda.
1188 5245 1275 5313 0616.
1299 5258 1328 5312 et
1349 5247 1458 5312 Pence.
1484 5246 1509 5331 ²)
1526 5251 1655 5312 Boleslai
1670 5251 1731 5310 Ma-

191 5355 289 5415 soviae
311 5355 402 5416 Dacis
424 5352 487 5416 Ec.
513 5351 602 5436 Lips.
627 5351 654 5434 ³)
677 5371 765 5429 quam
786 5349 850 5414 Ed.
873 5350 963 5436 Lips.
988 5351 1287 5433 4)6οςῑ166661.Ε61.
1310 5349 1400 5434 Lipa.
1425 5351 1450 5432 1)
1473 5353 1564 5429 Regis
1588 5350 1732 5414 alcestin

193 5451 268 5518 Coa.
294 5451 380 5518 Colo.
405 5454 431 5535 ὖ)
455 5457 628 5518 Gastoldnm
649 5453 712 5519 Ed.
735 5453 826 5539 Dips.
