4040 6290
378 485 451 565 558
885 509 998 594 crpus
1024 511 1269 592 aucupemus
1297 497 1410 606 (xro).
1660 498 1735 605 (Α,-
1752 500 1799 600 D.
1818 505 1914 620 ltu.)

376 705 491 786 censis
519 718 554 787 ct
581 712 813 806 (ticinensis,
840 741 904 812 por
923 717 1113 796 Moraviam
1132 718 1296 798 reductus
1316 730 1350 800 ct
1370 725 1534 818 slesiam,
1554 719 1739 802 Karimiro
1761 720 1911 804 murio-

374 833 493 926 genito
521 836 630 929 Regis
651 839 678 927 ¹)
706 860 743 912 se
770 841 1013 935 coniungebat.
1054 845 1172 918 Sensit
1204 847 1270 922 hoc
1301 851 1510 941 tempestiue
1541 850 1693 924 Mathias
1723 851 1914 944 Hungarim

375 955 469 1044 Rex,
499 955 628 1050 qnippe
655 961 817 1033 nonnulli
845 963 1000 1036 Praelati
1028 971 1062 1038 et
1090 967 1254 1041 senonici
1278 969 1537 1062 strigonienses
1558 972 1862 1065 (archiepiscopus
1877 976 1913 1046 si·

375 1075 515 1166 quidcm
544 1078 796 1172 strigoniensis
824 1083 1015 1176 Iohannes,
1049 1086 1158 1160 ritum
1187 1094 1222 1161 et
1250 1111 1362 1163 mores
1394 1092 1547 1166 Mathiac
1562 1091 1594 1182 ²)
1623 1099 1830 1183 execratus,
1857 1119 1913 1169 on·

375 1197 471 1282 nium
500 1218 634 1290 curum,
665 1221 753 1294 quac
772 1203 808 1276 in
828 1204 996 1285 Mathiaru
1024 1207 1320 1301 decoquebantur,
1350 1233 1427 1288 cum
1455 1213 1612 1300 Iohanne
1634 1216 1806 1308 episcopo
1825 1216 1914 1308 Quir-

372 1320 649 1410 queecclesiensi
685 1329 760 1402 erat
795 1325 972 1418 princeps)
1005 1328 1107 1412 illum
1144 1331 1185 1406 dc
1212 1333 1379 1424 periculis
1412 1334 1581 1428 singulis,
1614 1337 1650 1410 in
1679 1358 1764 1418 cum
1794 1359 1913 1429 compa·

373 1439 681 1536 retroactorum
714 1444 883 1532 socorsum
919 1469 962 1528 ex
990 1451 1105 1538 Berua
1132 1454 1292 1540 celeriter
1319 1476 1478 1548 mouens,
1511 1457 1548 1532 in
1581 1457 1716 1543 Budam
1752 1456 1916 1548 renitet

373 1565 496 1649 maiori
522 1576 694 1671 periculo,
723 1601 827 1672 quum
854 1578 1011 1668 rebatur,
1041 1579 1195 1673 cognito,
1225 1574 1378 1652 omnium
1407 1599 1549 1654 suarum
1567 1582 1726 1675 gentium
1750 1602 1798 1654 cx
1818 1582 1915 1654 Bobe-

373 1697 443 1776 mia
470 1703 505 1776 ct
532 1701 688 1777 Moraria
724 1702 841 1795 copias
878 1702 922 1779 ud
954 1723 991 1780 sc
1018 1701 1190 1780 accersiit.
1224 1701 1422 1784 Conventus
1456 1702 1562 1781 etiam
1593 1701 1733 1798 aliquot
1763 1703 1802 1776 in
1831 1702 1915 1775 nun

372 1817 515 1898 iudicii:
548 1821 760 1915 inquorum
793 1847 862 1901 uno
893 1847 955 1919 per
982 1828 1101 1921 plures
1128 1829 1345 1923 corruptelas
1378 1831 1412 1904 et
1438 1828 1702 1922 promissiones
1736 1829 1916 1923 plerosque

371 1939 415 2012 de
442 1941 632 2017 maioribus
669 1944 737 2020 sibi
769 1945 932 2036 infestos,
967 1950 1010 2022 ad
1042 1971 1079 2022 se
1111 1951 1284 2042 pertraxit
1320 1957 1354 2025 ct
1386 1951 1643 2040 reconciliarit;
1681 1973 1726 2025 err
1768 1973 1854 2045 quo,
1888 1961 1915 2026 et

372 2066 584 2139 caeterorum
613 2065 785 2157 animum,
815 2074 855 2140 ut
882 2075 936 2143 est
963 2075 1089 2145 natura
1115 2073 1231 2165 gentis
1251 2072 1351 2145 illins
1370 2073 1413 2144 ad
1432 2072 1637 2147 uarietatem
1655 2073 1837 2166 procliva,
1866 2075 1916 2146 sed

372 2187 408 2254 et
446 2185 700 2279 archiepiscopi
738 2188 990 2284 strigoniensis
1028 2198 1062 2268 et
1098 2193 1251 2287 episcopi
1289 2193 1687 2286 Quinqueccolesiensis,
1729 2195 1795 2286 qui
1831 2201 1917 2268 eraut

370 2301 475 2383 rocos
503 2305 652 2386 aliorum
681 2314 715 2384 ct
742 2309 931 2404 capitanci,
971 2321 1111 2408 propter
1139 2315 1277 2390 tardum
1304 2312 1477 2391 Kaaimiri
1504 2317 1681 2408 Principis
1711 2317 1751 2389 in
1781 2318 1915 2410 Hungu-

369 2421 457 2506 riam
476 2431 682 2524 adrentum,
712 2437 846 2510 mutare
865 2437 989 2529 coepit.
1023 2437 1225 2512 Karimirus
1249 2437 1432 2529 Princeps,
1463 2437 1764 2532 sconndogcnitus
1794 2439 1914 2531 regius,

369 2551 425 2626 die
454 2554 636 2645 Mercurii,
665 2559 817 2632 secunda
845 2557 1004 2634 Octobris
1021 2557 1064 2648 ³),
1094 2559 1281 2634 comitante
1309 2582 1387 2634 eum
1414 2559 1595 2633 Karimiro
1623 2559 1798 2632 Poloniac
1818 2555 1914 2654 Ragc,

369 2693 414 2748 cx
442 2675 606 2750 Grecoria
634 2698 812 2771 egressus,
842 2678 878 2752 in
907 2679 1059 2754 Sandeca
1087 2681 1258 2772 pervenit.
1287 2681 1359 2754 Ubi
1387 2703 1407 2754 a
1433 2680 1591 2773 genitore
1619 2701 1683 2752 suo
1705 2680 1915 2772 ‚valedictus

368 2816 430 2887 per
457 2796 648 2890 Lubowlya
675 2805 709 2874 ct
736 2799 945 2873 Podolinum
974 2801 1207 2890 iterfaciens,
1238 2802 1498 2893 aliquantulum
1517 2801 1567 2874 ibi
1587 2801 1771 2874 substitit:
1804 2801 1916 2874 deinde

369 2933 448 2992 cum
477 2917 678 2994 Caesoniam
706 2943 775 2994 non
803 2922 1003 2996 mitteretur
1031 2922 1116 3014 (iam
1135 2923 1227 2996 cnim
1247 2923 1345 2998 illam
1365 2923 1534 2996 Nicolaus
1554 2923 1692 3014 Ozupur
1711 2923 1915 3014 Wopcuorb

371 3038 717 3132 moncylvcniensis,
746 3047 781 3116 st
800 3043 978 3116 Emoricus
998 3044 1098 3136 Dyalr
1117 3045 1237 3118 Comes
1257 3044 1535 3137 successiones,
1565 3065 1643 3118 cum
1661 3044 1835 3137 gentibus
1853 3044 1915 3116 lla·

368 3159 464 3235 thiae
491 3159 616 3255 Regis,
646 3163 683 3235 in
711 3163 840 3256 quibus
867 3165 978 3237 meior
1004 3187 1085 3258 pars
1115 3171 1189 3239 erat
1216 3165 1442 3255 Polonorum,
1476 3168 1736 3257 occupaverat),
1768 3172 1915 3256 practer-

365 3302 524 3374 gressns,
552 3304 615 3375 per
642 3284 803 3378 Agrium,
833 3285 1029 3376 Crixow⁴)‚
1063 3287 1099 3360 in
1128 3285 1274 3362 Othucn
1302 3287 1484 3380 oppidum,
1517 3285 1770 3375 diobolaris,
1802 3290 1915 3358 octaua

366 3400 634 3495 Norcmbrisl),
669 3407 790 3479 salvus
819 3411 853 3480 et
880 3407 1066 3481 incolumis
1099 3409 1275 3500 pervenit,
1315 3414 1350 3482 et
1382 3415 1496 3484 castra
1528 3430 1592 3484 sua
1625 3407 1745 3481 felicia
1781 3407 1914 3498 (Pccrlri

366 3523 457 3596 onim
488 3525 672 3618 oppidum,
706 3527 866 3619 expulsis
893 3533 929 3602 ct
957 3530 1140 3602 translatis
1177 3530 1214 3602 in
1242 3531 1377 3604 Budam
1409 3529 1609 3623 oppidanis,
1642 3529 1800 3602 Mathias
1834 3528 1915 3614 Rcr,

365 3664 409 3717 nc
434 3665 475 3718 eo
503 3646 707 3720 Karimirus
740 3648 908 3741 Princeps
941 3649 1129 3742 potiretur,
1163 3651 1337 3743 praesidio
1376 3651 1529 3724 omnium
1566 3651 1725 3742 gcntium
1767 3649 1914 3722 mercede

365 3766 613 3841 conductarum
641 3769 854 3860 muniverat)
882 3770 919 3843 in
948 3770 1094 3844 Othwan
1126 3772 1257 3863 posuit.
1292 3771 1349 3846 Ibi
1376 3772 1556 3863 aliquanto
1584 3775 1742 3862 tempore
1771 3791 1914 3842 commo·

364 3894 480 3978 ratus,
509 3888 685 3982 lignorum
712 3891 850 3965 deiectu
877 3913 1036 3984 pressus,
1062 3893 1106 3965 ad
1124 3893 1375 3968 monasterium
1394 3897 1430 3966 ct
1448 3891 1615 3984 oppidum
1635 3891 1786 3978 Sontas,
1817 3910 1914 3982 supra

365 4008 512 4082 flurium
538 4011 615 4084 ch
644 4016 758 4085 castra
786 4011 1020 4105 transposuit:
1050 4013 1111 4085 ubi
1139 4013 1195 4086 illi
1222 4013 1369 4086 materia
1386 4017 1424 4086 ct
1443 4011 1652 4086 victualium
1671 4017 1707 4084 ct
1726 4011 1911 4085 combusti·

363 4129 489 4204 biliurn
509 4134 728 4224 suppetebat.
757 4133 895 4207 Abindo
915 4155 1075 4222 movens,
1096 4134 1132 4206 in
1151 4133 1305 4208 Nitriam
1325 4133 1437 4220 renit,
1459 4139 1493 4208 ct
1514 4140 1585 4208 tam
1604 4133 1641 4204 in
1660 4151 1795 4220 arcem,
1816 4153 1913 4223 quam

363 4251 559 4341 civitatem,
585 4253 685 4327 iussu
704 4249 873 4328 [ohannis
905 4255 1158 4348 archicpiscopi
1187 4253 1456 4348 strigoniensis,
1492 4253 1552 4346 qni
1580 4252 1802 4328 Nitricnscm
1830 4251 1912 4343 epis·

364 4377 525 4464 copatum
552 4374 703 4448 babebat
729 4375 767 4448 in
795 4376 1012 4463 commenda,
1041 4381 1226 4468 susceptus
1247 4380 1311 4448 cst.
1341 4375 1411 4450 Ubi
1431 4375 1583 4467 primum
1602 4375 1781 4451 lohannes
1809 4372 1910 4465 Quin·

364 4493 655 4587 queecclesicncis
688 4497 871 4589 episcopus
904 4498 947 4570 ad
980 4517 1058 4570 cum
1087 4495 1186 4570 rcuit
1216 4495 1254 4568 in
1281 4495 1440 4570 ducentis
1472 4495 1588 4587 cquis,
1623 4501 1658 4568 ot
1686 4496 1809 4586 paucis
1846 4493 1910 4568 lie-

362 4617 429 4690 bus
457 4622 708 4706 commoratus,
729 4617 764 4690 in
787 4618 1022 4712 strigonium,
1051 4619 1144 4692 unde
1162 4621 1321 4706 venerat,
1341 4617 1457 4692 rediit.
1487 4617 1560 4692 sub
1580 4616 1675 4690 omni
1693 4621 1812 4689 autern
1832 4622 1909 4687 tenr-

360 4757 445 4833 pore
470 4737 572 4827 bclli,
601 4739 694 4830 qnod
722 4759 761 4811 eo
784 4758 878 4812 anno
904 4739 998 4831 apud
1022 4738 1221 4811 Pannonios
1240 4759 1302 4829 per
1319 4738 1539 4812 Karimirum
1558 4737 1761 4828 Principem
1777 4741 1909 4830 gastun

361 4859 431 4949 cst,
453 4880 560 4933 nemo
589 4879 633 4932 cx
660 4858 849 4932 baronibus
882 4858 1087 4952 Hunguriac
1112 4859 1157 4930 od
1185 4858 1405 4934 Karimirum
1437 4858 1638 4950 Principcm
1671 4857 1786 4946 rcnit,
1814 4875 1908 4928 neno

361 5003 399 5056 sc
422 4981 459 5054 ei
485 4981 685 5069 coniunxit,
715 4981 777 5073 qui
803 4981 892 5054 alias
916 4980 1196 5073 ricprccubantur
1222 5001 1286 5072 pro
1314 4980 1378 5054 illo
1406 4979 1511 5057 mori:
1541 4979 1602 5054 sed
1627 4999 1750 5055 omnes
1769 4979 1838 5052 fide
1854 4997 1906 5046 ra·

377 5273 380 5280 “
470 5257 492 5339 ¹)
518 5259 654 5321 Oasimiri
674 5259 818 5320 'Pelopiae
839 5257 931 5335 Regis
955 5253 1019 5318 nc.
1042 5255 1137 5340 Ltpc.
1163 5252 1189 5338 ²)
1214 5255 1344 5318 namins
1366 5255 1457 5332 Regis
1480 5251 1542 5316 Eat.
1567 5251 1657 5336 Lips.
1682 5251 1709 5330 ³)
1733 5254 1842 5316 mensis
1858 5251 1905 5312 oe-

361 5364 454 5429 mnas
477 5360 540 5426 Ed.
563 5361 656 5445 Lipr.
681 5359 708 5440 ⁴)
733 5362 856 5443 Ozysow
878 5358 942 5426 Ea.
965 5357 1056 5446 Ligu.
1080 5359 1237 5440 (snilrszo).
1262 5357 1287 5440 ⁵)
1310 5359 1420 5420 mensis
1443 5357 1620 5428 Novembris
1643 5353 1707 5419 Ea.
1731 5353 1820 5449 Lipc.
