4090 6290
374 565 448 640 658
885 589 998 643 arnan
1024 589 1269 643 oeconomus
1298 573 1412 661 (rur).
1543 683 1547 688 Ι
1648 572 1716 672 (Α.
1739 569 1785 645 D.
1806 569 1936 670 1477.)

374 775 473 849 citeri
505 775 752 848 asserebantur
784 774 951 865 excituri,
987 776 1095 849 donec
1127 775 1204 850 Rex
1226 777 1251 866 ¹)
1285 797 1362 850 crum
1395 751 1572 870 ampliori,
1607 779 1638 852 si
1670 780 1707 852 id
1737 779 1936 853 necessitas

373 895 544 990 exigeret,
574 895 846 988 subsequeretur
864 896 1039 983 exercitu,
1061 917 1297 969 occurrsurum.
1328 897 1507 970 Solicitati
1526 899 1670 992 insuper
1689 903 1841 973 fuerunt
1862 900 1934 971 Ma·

375 1017 492 1092 sorice
518 1017 650 1104 Duces,
680 1016 873 1106 conradus,
902 1015 1121 1106 Kaaimirus,
1151 1019 1336 1090 Baleslaus
1366 1023 1400 1090 et
1427 1018 1630 1110 Iannssius,
1660 1028 1736 1093 tam
1764 1021 1812 1093 ab
1832 1021 1935 1091 Hun-

373 1137 491 1230 gariae
518 1135 672 1229 Rega2),
703 1159 807 1228 quam
834 1158 855 1209 a
882 1136 1085 1224 cruciferis,
1115 1143 1156 1208 ut
1184 1159 1261 1210 aum
1291 1138 1341 1210 eis
1370 1138 1517 1227 sentire,
1548 1146 1582 1214 et
1601 1147 1723 1214 contra
1752 1141 1892 1233 Regem
1907 1138 1937 1228 ³)

374 1263 410 1332 at
437 1259 596 1351 Regnum
624 1257 791 1330 Palaniaa
820 1257 939 1329 foedus
968 1257 1139 1330 cumillis
1159 1257 1301 1350 iungere
1328 1259 1478 1348 uellent,
1508 1265 1772 1353 conventusque
1795 1261 1937 1352 aliquot

374 1379 511 1450 Ducum
539 1377 714 1450 Masouiao
742 1399 821 1450 cum
849 1377 1036 1450 cruciferis
1065 1379 1107 1451 ob
1136 1400 1211 1451 earn
1239 1401 1310 1450 rom
1338 1363 1462 1452 habiti.
1492 1380 1646 1452 Procliri
1671 1402 1815 1473 quaque
1835 1385 1936 1452 erant

377 1499 514 1571 Ducum
546 1499 723 1571 Masuriaa
755 1519 834 1570 cum
868 1497 942 1570 suis
976 1498 1204 1586 consiliariis,
1240 1500 1283 1570 ad
1316 1505 1387 1571 tam
1423 1499 1657 1590 perniciosum
1691 1501 1818 1574 faedus
1855 1521 1935 1572 can·

381 1618 620 1707 sentiendum,
649 1618 773 1704 animi,
803 1617 873 1689 nisi
891 1618 974 1690 illos
992 1625 1105 1692 metus
1134 1618 1242 1711 Regis
1266 1623 1301 1690 at
1319 1619 1432 1709 Regni
1460 1619 1642 1709 Palaniae,
1671 1641 1938 1712 paucorumque

378 1737 657 1812 consiliariorum
688 1737 864 1810 Maseriaa
901 1743 1059 1828 spectata
1086 1739 1216 1826 uirtus,
1246 1760 1266 1810 a
1293 1739 1425 1811 nefario
1454 1759 1555 1830 opere
1588 1745 1802 1814 revocasset.
1841 1740 1935 1811 Mili·

376 1864 470 1931 tares
499 1857 643 1948 insuper
666 1857 814 1954 accires
841 1858 1024 1946 Prassiaa‚
1054 1859 1201 1932 scelesto
1220 1858 1399 1950 proposito
1419 1858 1672 1932 cruciferorum
1692 1861 1736 1932 ad
1756 1860 1936 1952 liquidum
2039 1907 2040 1954 q

378 1977 533 2072 cognito,
563 1977 678 2050 dietata
705 1978 798 2070 apud
825 1977 1065 2070 Marienburg,
1095 1978 1222 2050 ultima
1250 1979 1305 2051 die
1332 1978 1429 2050 Iunii
1445 1979 1475 2068 4)
1509 1981 1698 2068 celebrata,
1729 1980 1936 2054 firmissime

2038 1851 2040 1884 l

2038 1967 2040 2080 l

379 2101 578 2188 coniurant,
612 2097 793 2172 aditione
825 2102 860 2171 et
887 2097 1086 2171 obedientia
1121 2099 1229 2192 Regis
1258 2105 1292 2172 et
1320 2099 1434 2193 Regni
1472 2100 1638 2174 Poloniaa
1674 2123 1862 2194 nunqnam
1900 2121 1936 2172 se
2039 2133 2040 2142 ,

378 2219 588 2309 descituras:
618 2241 786 2292 memoras
813 2218 1101 2312 gravissimarum
1134 2219 1358 2308 iniuriarum,
1395 2241 1483 2312 quae
1511 2221 1576 2293 sub
1605 2220 1776 2314 Magistro
1807 2227 1846 2294 et
1874 2219 1934 2294 Or·
2038 2173 2040 2272 i

379 2341 460 2416 dine
487 2341 721 2433 pertulerant,
749 2339 966 2431 respiciendo
989 2339 1031 2410 ad
1049 2339 1320 2429 beatitudinem,
1350 2341 1639 2433 felicitatemque,
1660 2363 1729 2434 qua
1750 2343 1819 2415 sub
1839 2343 1935 2434 Rege

380 2467 415 2535 et
442 2463 562 2554 Regno
590 2461 757 2534 Palaniae
784 2459 975 2552 pollebant.
1014 2459 1115 2533 Unde
1143 2464 1178 2534 et
1205 2459 1242 2532 in
1269 2461 1385 2534 diaeta
1420 2461 1637 2550 huiusmodi,
1668 2463 1934 2555 quamprimum

378 2582 511 2656 bellurn
538 2581 733 2674 ingrueret,
762 2579 895 2672 singuli
922 2579 1055 2651 milites
1083 2600 1120 2652 se
1148 2601 1244 2652 arma
1272 2586 1492 2672 sumpturos,
1522 2581 1681 2674 singulae
1701 2605 1785 2657 vera
1807 2583 1934 2656 cirita·

378 2708 449 2793 tos,
484 2723 521 2776 sa
549 2706 760 2774 armatorum
793 2704 926 2774 certum
959 2720 1141 2772 numerum
1175 2700 1334 2790 daturos,
1369 2699 1548 2792 singuli⁵)
1581 2708 1737 2794 agrestes
1768 2709 1936 2795 quatuor,

381 2824 544 2916 quintam
572 2821 817 2913 expediturum
847 2821 1053 2909 decernunt,
1086 2819 1339 2912 decorantque.
1368 2820 1542 2895 Militares
1570 2824 1757 2914 quoquell
1786 2829 1825 2896 at
1853 2823 1936 2896 ciri·

381 2951 475 3017 tates
503 2943 568 3016 sab
595 2942 723 3016 Ordine
754 2941 1003 3030 consistentes,
1038 2941 1183 3033 speciali
1216 2947 1390 3014 conventu
1417 2942 1554 3031 habito,
1588 2943 1799 3034 decernunt,
1832 2949 1935 3018 tame·

382 3065 523 3139 ritatem
542 3063 811 3152 cruciferorum,
831 3061 862 3134 si
881 3061 917 3134 in
937 3061 1070 3134 bellum
1089 3067 1210 3134 contra
1228 3062 1358 3154 Regem
1375 3065 1409 3135 et
1423 3063 1584 3156 Regnum
1599 3064 1770 3138 Palaniae
1783 3065 1937 3156 grassati

384 3183 530 3276 hrerint,
559 3184 763 3257 nullatenus
792 3187 986 3258 secuturas.
1015 3181 1213 3256 Celebravit
1240 3186 1276 3255 ot
1304 3181 1393 3254 Orda
1422 3182 1653 3257 crucifericus
1677 3184 1715 3256 in
1742 3184 1936 3277 Kinsbcrg,

385 3310 510 3400 quasia
537 3304 749 3398 Allgllsffl),
779 3303 941 3398 generale
969 3301 1184 3394 Capitulum,
1214 3307 1249 3375 et
1277 3303 1341 3375 sub
1368 3303 1568 3394 praesentia
1595 3305 1935 3392 commendatorum,

385 3426 446 3519 qui
473 3425 516 3500 da
543 3426 665 3499 Rheno
685 3425 728 3498 ad
747 3424 951 3498 electionem
970 3429 1218 3512 conuenerant,
1248 3424 1406 3496 Fratrem
1426 3423 1616 3497 Martinam
1635 3425 1811 3514 Truhsos,
1842 3426 1935 3498 Carn-

2038 3463 2040 3516 l

385 3549 619 3621 mandatorem
651 3545 931 3634 Osterodensem,
965 3544 1103 3618 nouiter
1130 3565 1174 3618 ex
1202 3545 1312 3617 Roma
1343 3565 1539 3634 reuersum,
1573 3544 1611 3616 in
1637 3545 1854 3638 Magistrum
1881 3565 1934 3636 ga·

385 3668 538 3741 noralem
566 3665 712 3760 eligunt.
743 3666 809 3756 Qui
837 3671 872 3739 et
900 3665 991 3758 ipsa,
1022 3665 1183 3757 quamvis
1210 3664 1266 3737 rir
1293 3665 1498 3738 credebatur
1515 3665 1669 3756 prudens
1689 3670 1725 3738 et
1743 3666 1934 3750 modestus,

386 3789 500 3861 furere
518 3785 648 3878 coepit,
676 3785 870 3859 rescribens
889 3785 1100 3857 Consulibus
1120 3783 1382 3873 cdanensibus,
1411 3784 1519 3877 ligam
1538 3789 1574 3859 at
1592 3786 1715 3858 faedus
1735 3805 1817 3858 cum
1839 3787 1933 3858 Hun-

385 3907 504 4003 gariae
531 3907 627 4000 Rege
641 3905 672 3997 Θ)
700 3905 809 3979 ictum
836 3905 1033 3980 rescindere
1056 3925 1263 3999 magnopere
1286 3904 1592 3996 persuadentibus,
1623 3907 1745 3978 foedus
1766 3905 1862 3978 illud
1879 3927 1932 3980 na·

386 4029 552 4106 cessitate
569 4017 744 4120 pressum,
765 4025 919 4100 violente
937 4027 1032 4120 Rege
1050 4024 1217 4100 Polonias
1237 4046 1318 4098 suas
1337 4024 1600 4118 inscriptiones,
1630 4030 1665 4101 ot
1691 4026 1788 4100 nihil
1807 4027 1851 4100 de
1869 4027 1932 4114 his,

388 4170 476 4246 quaa
495 4146 616 4222 Ordini
635 4145 858 4240 promiserat,
887 4147 1110 4236 observante,
1138 4167 1200 4239 pro
1228 4146 1293 4219 Dei
1311 4147 1440 4220 honore
1459 4151 1493 4220 et
1513 4145 1670 4236 Ordinis,
1691 4151 1933 4240 terrarumque

389 4293 530 4347 arrarum
558 4267 812 4343 instauratione
827 4268 870 4358 ⁹),
900 4267 1100 4342 confecisse.
1130 4266 1316 4341 Abstinuit
1343 4271 1459 4340 tamen
1479 4268 1522 4341 ab
1542 4268 1637 4340 omni
1654 4268 1861 4342 hostilitate
1877 4289 1933 4360 pra
2039 4335 2040 4348 ,

388 4393 454 4468 illa
481 4395 630 4478 aestate,
660 4394 694 4462 et
713 4389 822 4478 bello,
851 4389 1054 4482 intelligens
1076 4409 1113 4462 se
1131 4387 1334 4462 vanissimis
1352 4387 1534 4480 promissis
1554 4389 1598 4462 ab
1617 4389 1826 4482 Hungariae
1845 4391 1934 4481 Rege
2039 4385 2040 4388 ‘

389 4511 523 4588 Mathia
549 4509 642 4584 bella
670 4515 754 4582 tunc
773 4509 817 4598 ¹⁰)
845 4514 965 4582 contra
997 4509 1214 4582 Mriderieum
1246 4509 1425 4582 caesarem
1458 4511 1694 4583 Romanorum
1727 4510 1766 4583 in
1794 4509 1935 4583 Austris

389 4641 505 4728 gasto,
536 4633 702 4724 occupato
723 4631 767 4722 ¹¹)
796 4630 956 4704 delusum
975 4651 1067 4720 essa,
1096 4628 1299 4723 intelligens
1319 4629 1423 4703 etiam
1442 4629 1660 4704 Karimirum
1680 4631 1853 4704 Poloniae
1872 4632 1933 4704 Re·

388 4775 467 4850 gam
500 4773 578 4829 oum
611 4751 772 4826 omnibus
805 4773 946 4826 suarum
979 4755 1150 4826 terrarum
1183 4750 1351 4842 subdit-is,
1385 4750 1416 4826 si
1449 4751 1533 4845 quid
1569 4772 1706 4827 morare
1740 4753 1871 4843 uellet,
1903 4751 1935 4825 in

499 5081 520 5166 ¹)
545 5083 608 5146 Rex
640 5082 799 5144 casimirus
828 5079 892 5144 Ea.
922 5077 1013 5165 Lipa.
1046 5077 1073 5162 ⁹)
1096 5100 1115 5142 a
1136 5075 1249 5143 Mathia
1270 5075 1441 5159 Hungariae
1462 5074 1545 5159 Rege
1568 5070 1632 5144 Ed.
1656 5070 1752 5165 lips.
1786 5073 1815 5164 ³)
1842 5089 1936 5147 contri

390 5185 565 5252 Oasimirnnr
587 5186 698 5263 Regem
720 5184 784 5248 Ea.
807 5184 897 5268 Lips.
929 5183 955 5262 ¹²)
979 5187 1089 5246 mensis
1118 5187 1194 5245 Iunii
1217 5182 1281 5246 Ed.
1308 5182 1398 5267 Lips.
1435 5183 1460 5265 ὓ)
1489 5187 1598 5262 singuli
1621 5204 1740 5261 quoque
1763 5185 1830 5248 Ed.
1853 5186 1935 5270 Lipa.

391 5295 417 5373 ὅ)
443 5296 530 5354 etiarn
554 5287 616 5353 Ed.
640 5288 732 5371 Lips.
766 5287 790 5366 ⁷)
815 5291 862 5349 dic
885 5289 994 5349 mensis
1024 5289 1150 5364 Augusti
1177 5285 1240 5351 Ed.
1266 5285 1359 5370 Lr'ps.
1391 5285 1417 5368 8)
1442 5307 1506 5349 oram
1529 5290 1643 5348 Mathia
1665 5291 1841 5366 Hungariae
1863 5293 1936 5366 Rege

391 5393 453 5458 ml.
478 5395 567 5478 Lo'ps.
599 5391 625 5478 ⁹)
655 5394 820 5454 vastatione
851 5390 913 5456 Ed.
946 5390 1035 5476 lips.
1071 5391 1110 5472 ¹⁰)
1140 5394 1191 5469 qni
1220 5397 1290 5453 tunc
1316 5393 1393 5452 bello
1416 5389 1478 5454 fal.
1506 5389 1596 5474 Lips.
1634 5389 1667 5466 Η)
1693 5403 1857 5472 occupatus
1880 5400 1935 5455 erat

391 5498 455 5564 Ed.
479 5495 569 5584 Lr'pa
