4264 6280
427 559 476 634 50
936 581 1048 634 arnus
1075 577 1320 634 nuouucnrus
1347 559 1462 650 (run).
1588 617 1591 622 .
1698 557 1763 656 (Α.
1785 558 1829 632 Ι).-
1851 557 1978 656 1448.)

424 767 546 839 mavit.
576 767 626 839 De
654 766 782 857 quibus
810 766 971 840 omnibus
1000 767 1077 838 Rex
1097 767 1124 856 ¹)
1151 766 1283 859 gratias
1318 766 1459 838 Summo
1492 765 1657 837 Pontifici
1672 763 1703 854 ²)
1731 787 1854 857 agene,
1893 787 1977 838 eun-

425 887 502 959 dem
529 887 721 960 Iohannem
750 886 949 978 Baptistam
966 884 996 976 3)
1025 888 1191 978 expensis
1219 886 1327 979 largis
1356 885 1569 978 procuravit.

425 1241 567 1331 legatus
589 1242 710 1314 liicolai
737 1242 843 1330 quinti
865 1241 970 1331 Papae
994 1258 1014 1311 a
1037 1241 1174 1330 sbigneu
1204 1241 1408 1312 cracoviensi
1440 1241 1590 1330 episcopo
1614 1243 1649 1312 at
1673 1241 1742 1310 aius
1772 1241 1872 1326 clero,
1903 1242 1978 1312 civi·

424 1363 548 1452 busque
571 1363 851 1448 bracoviansibus,
874 1364 1005 1451 praeter
1027 1361 1295 1448 Universitatcru,
1323 1377 1406 1450 quae
1429 1361 1604 1450 Eugenium
1626 1361 1744 1450 Papam
1766 1362 1977 1450 agnoscebat,

923 1499 994 1553 auru
1017 1499 1139 1552 summo
1161 1482 1282 1552 honore
1305 1481 1477 1570 arripitur.

529 1729 634 1802 Faria
653 1733 793 1821 quarta,
818 1728 855 1801 in
874 1729 929 1801 die
948 1729 1061 1802 sancti
1080 1728 1270 1817 Bonifacii,
1294 1728 1503 1816 licentiatis,
1531 1728 1735 1802 Karimirus
1754 1729 1848 1816 Rerr,
1870 1729 1975 1800 Prae·

424 1850 508 1922 latis
537 1855 572 1922 st
598 1850 788 1924 baronibus
816 1849 930 1941 Regni
963 1850 1018 1922 sui
1052 1849 1218 1922 Poloniae
1248 1854 1282 1924 at
1309 1851 1466 1922 Ducatns
1499 1849 1617 1941 Magni
1645 1849 1873 1935 Lithuaniae,
1903 1849 1975 1920 dis-

425 1971 542 2042 soluta
574 1971 820 2057 conventione,
856 1991 898 2042 ex
927 1969 1057 2042 Lublin
1090 1970 1255 2057 discedit,
1287 1975 1321 2041 et
1348 1992 1410 2061 per
1438 1970 1678 2057 Urzandovr4)
1706 1976 1741 2040 et
1769 1969 1973 2054 anichost,

426 2090 512 2162 foria
540 2095 641 2164 sexta
667 2095 748 2181 post
775 2089 960 2182 prandium
980 2089 1077 2162 venit
1097 2090 1367 2178 Sandomiriam,
1397 2091 1458 2162 ubi
1477 2089 1578 2162 stetit
1597 2091 1639 2160 ad
1660 2089 1779 2162 feriam
1801 2089 1972 2180 quintam.

424 2212 572 2284 Fecerat
604 2215 722 2282 tamen
759 2211 851 2282 inira
883 2210 956 2284 dies
988 2210 1071 2282 illos
1109 2211 1314 2282 descensum
1347 2211 1383 2282 in
1420 2209 1640 2298 Praisaovv5)
1678 2211 1720 2280 ad
1757 2210 1972 2282 venationes

423 2332 527 2403 Eeria
555 2331 679 2422 quinta
706 2331 869 2403 recedens
898 2351 941 2402 ex
970 2330 1205 2418 Sandomiria,
1236 2351 1297 2421 per
1328 2330 1495 2420 Opathovv
1522 2330 1620 2402 vonit
1643 2329 1686 2400 ad
1707 2330 1869 2401 Sanctam
1888 2330 1972 2401 Cru-

424 2471 496 2522 cem
524 2450 562 2522 in
589 2450 734 2522 Calvum
763 2455 931 2522 montem:
960 2451 1021 2522 ubi
1040 2450 1181 2521 adorato
1209 2449 1306 2542 ligno
1327 2450 1474 2522 Sanctae
1499 2449 1636 2536 Crucis,
1666 2469 1728 2539 per
1747 2449 1921 2521 Schidlovv
1939 2456 1974 2521 et

422 2569 741 2659 Proschovviouel),
775 2569 963 2642 comitante
1000 2591 1079 2642 eum
1117 2569 1248 2660 Sophia
1284 2569 1479 2662 Reginoi),
1514 2569 1612 2642 venit
1650 2569 1850 2642 cracoviam
1888 2570 1973 2641 feria

423 2690 548 2782 quinta
583 2695 664 2762 ante
701 2692 828 2762 festum
866 2689 988 2762 Sancti
1024 2689 1192 2762 Iohannis
1230 2691 1429 2781 Baptistae:
1467 2689 1528 2762 ubi
1560 2691 1629 2762 iam
1659 2712 1736 2762 eum
1766 2690 1928 2780 Baptista
1940 2689 1972 2776 8)

423 2810 580 2883 Nuntius
599 2810 815 2902 apostolicus
839 2811 961 2884 diebus
989 2811 1125 2900 aliquot
1153 2816 1405 2900 praecesserat,
1436 2817 1470 2882 at
1490 2811 1558 2882 luit
1576 2831 1638 2902 per
1657 2809 1837 2882 Praelatos
1858 2815 1892 2881 et
1911 2811 1971 2881 Oa-

422 2930 566 3002 nonicos
595 2931 761 3003 ecclesiae
789 2930 1000 3002 cathedralis
1029 2930 1284 3019 OracoviensiS,
1314 2936 1348 3002 et
1376 2952 1494 3002 omnes
1526 2931 1775 3003 conventuales
1808 2929 1973 3002 ecclesias

422 3070 462 3122 ao
489 3050 585 3121 cives
614 3049 875 3138 CracovieusoS,
904 3049 965 3141 qui
993 3049 1029 3122 in
1057 3049 1202 3138 ωἰ11ε9)
1236 3071 1402 3141 equorum
1435 3051 1603 3123 comitiva
1631 3050 1698 3122 sibi
1726 3051 1909 3122 exiverant
1935 3051 1973 3121 in

423 3169 580 3257 obvium,
602 3168 782 3260 splendide
800 3174 973 3260 receptus.
1004 3169 1227 3242 Universitas
1247 3175 1363 3241 tamen
1383 3170 1623 3242 Cracoviensis
1642 3170 1777 3242 nullam
1797 3170 1846 3256 ei,
1867 3170 1972 3241 etiam

422 3290 554 3361 monita
582 3293 617 3360 et
643 3293 782 3381 rogata,
811 3290 925 3362 voluit
953 3290 1064 3362 facero
1093 3291 1341 3377 reverentiam,
1370 3295 1514 3380 propter
1536 3293 1742 3377 tractatum,
1772 3310 1874 3380 quem
1893 3311 1971 3380 pro·

421 3409 550 3481 fitendo
579 3409 763 3482 veritatem
792 3409 1008 3497 condiderat,
1040 3409 1138 3481 etin
1168 3432 1235 3500 quo
1264 3410 1461 3483 Basiliense
1488 3410 1700 3496 Concilium,
1736 3409 1803 3481 rite
1830 3430 1971 3500 congre-

420 3533 559 3620 gatum,
589 3529 785 3620 Eugenium
805 3529 848 3618 ¹⁰)
885 3531 1056 3620 deponere
1093 3533 1127 3601 et
1155 3530 1307 3602 Felicem
1345 3531 1474 3622 eligere
1506 3530 1679 3620 potuisse,
1715 3551 1757 3601 ex
1787 3529 1972 3620 scripturis

420 3649 581 3740 pluribus
609 3649 812 3724 declaravit.
842 3649 1028 3722 Fremebat
1060 3652 1177 3721 autem
1210 3651 1410 3739 praedictus
1444 3651 1627 3741 episcopus
1661 3650 1825 3740 Baptista
1853 3655 1972 3722 contra

421 3768 712 3856 Universitatem,
743 3775 777 3841 et
804 3769 873 3841 nisi
901 3768 1187 3860 prudentissimis
1215 3770 1501 3859 persuasionibus
1530 3775 1565 3841 et
1593 3769 1788 3842 rationibus
1812 3790 1874 3859 per
1893 3769 1970 3840 Sbi-

421 3908 549 3980 gueum
579 3887 796 3960 Cardinalem
825 3894 859 3960 et
887 3889 1088 3980 episcopum
1121 3889 1384 3962 cracoviensem
1417 3890 1542 3962 fuisset
1575 3889 1775 3981 mitigatus,
1810 3889 1969 3962 decreve-

420 4012 475 4080 rat
505 4008 624 4098 pluros
652 4008 694 4080 de
718 4007 959 4082 Universitate
987 4008 1061 4081 suis
1080 4009 1218 4099 privare
1241 4009 1436 4098 beneficiis,
1466 4015 1500 4082 et
1521 4009 1644 4082 eiicere
1664 4030 1722 4082 eos
1740 4009 1782 4082 de
1801 4030 1970 4082 consensu

420 4126 529 4218 Regis
550 4127 594 4215 ¹¹)
623 4147 667 4198 ex
695 4127 828 4220 Regno.
857 4128 940 4219 Ipse
968 4135 1084 4200 tamen
1113 4129 1308 4202 Cardinalis
1336 4130 1432 4202 dedit
1451 4129 1561 4218 viam,
1591 4151 1652 4220 per
1672 4151 1774 4220 quam
1794 4133 1879 4201 haec
1899 4151 1968 4201 om-

419 4246 478 4319 nia
506 4247 543 4318 iu
571 4247 717 4338 pulchro
746 4248 866 4320 ordine
900 4249 1092 4338 composita
1129 4250 1271 4321 fuerunt
1298 4255 1333 4320 et
1358 4250 1536 4336 restricta,
1577 4255 1612 4321 et
1644 4270 1713 4340 pax
1750 4249 1970 4322 Cracovieusi

421 4365 546 4438 Studio
575 4373 681 4458 atque
708 4367 818 4438 honos
847 4373 1019 4440 servatus.

528 4689 550 4768 ¹)
576 4691 736 4752 Oasimirus
759 4695 823 4753 Rex
845 4691 908 4754 Ed.
933 4690 1022 4773 Lipa.
1049 4692 1076 4770 ⁹)
1099 4694 1217 4753 Summo
1240 4695 1374 4755 Pontifici
1394 4697 1525 4756 Romano
1541 4697 1665 4756 Nicolao
1681 4697 1783 4771 quinto
1799 4693 1862 4757 Ea.
1879 4694 1969 4778 Lc'ps.

420 4793 447 4874 ³)
471 4795 611 4855 Ioannem
634 4797 799 4871 Baptistam
822 4797 1001 4873 Episcopum
1025 4802 1053 4856 et
1075 4797 1220 4872 Legatum
1243 4795 1306 4859 Ed.
1330 4795 1420 4880 Lapa.
1443 4797 1471 4878 ⁴)
1487 4800 1633 4876 Vrarpdow
1649 4796 1711 4860 Ed.
1728 4795 1818 4880 Lips.
1837 4797 1862 4877 5)
1879 4800 1968 4859 Krao-

418 4915 497 4957 szow
522 4891 599 4959 Ood.
623 4895 692 4960 Lis.
717 4897 742 4978 ⁸)
766 4899 961 4959 Proscheniee
983 4896 1046 4960 Ed.
1078 4897 1168 4980 Lipe.
1198 4898 1223 4978 ⁷)
1245 4901 1360 4976 Regina
1382 4903 1523 4962 Poloniae
1549 4902 1692 4977 genitrice
1715 4921 1769 4961 sua
1791 4899 1854 4962 Ea.
1879 4900 1968 4984 Lipe.

419 4997 445 5071 Β)
470 5001 596 5060 Ioannes
618 5003 754 5078 Baptista
775 4998 838 5062 Ed.
863 4999 953 5084 Lipr.
985 5000 1011 5081 ⁹)
1035 5003 1065 5060 in
1088 5004 1168 5062 mille
1191 5003 1329 5064 videlieet
1359 5001 1422 5064 Ed.
1451 5001 1542 5086 Lips.
1579 5003 1617 5080 ¹⁰)
1641 5005 1806 5080 Eugenium
1833 5012 1967 5080 quartum

419 5098 482 5162 Ed.
507 5099 597 5185 Lips.
631 5102 671 5181 ¹¹)
695 5105 830 5192 Cauimiri
852 5105 944 5180 Regis
967 5101 1029 5166 Ed.
1055 5102 1144 5187 Lipr.

2124 2927 2127 2938 r
