4046 6278
62 580 134 682 (Α.
155 581 202 658 ὓ.
222 580 350 680 1464.)
584 604 697 656 amns
723 603 968 656 nuonnonrus
994 585 1110 675 (ιω).

460 943 464 950 ·
513 903 674 976 anunm
695 903 774 993 lteri
796 901 1180 993 maurusiorum.

177 1151 311 1245 Regina
335 1151 520 1226 Elisabeth
537 1171 679 1225 oonsors
702 1150 875 1225 Karimiri
902 1151 1011 1245 Regis
1030 1152 1070 1242 1),
1101 1157 1203 1224 senta
1230 1149 1315 1224 lleii
1331 1149 1375 1240 1),
1404 1151 1489 1224 hora
1507 1150 1622 1243 prima

67 1271 188 1346 noetis
215 1271 323 1344 liliam
348 1271 489 1346 effudit:
518 1271 689 1364 quaetio
718 1271 828 1360 Solis,
858 1276 983 1364 quarta
1008 1271 1143 1346 deoima
1168 1269 1300 1344 mensis
1327 1269 1441 1357 Iunii,
1475 1269 1513 1343 in
1540 1269 1620 1344 Gra·

68 1391 230 1466 eoriensi
257 1392 405 1466 eoeleste
431 1413 493 1483 per
519 1392 711 1464 Iohannem
742 1391 1003 1466 Crotoniensem
1031 1391 1232 1484 episcopum
1258 1390 1453 1483 baptisato,
1491 1389 1623 1482 Sophia

69 1532 200 1586 nomen
227 1513 372 1604 aceepit.
401 1512 494 1586 Ludi
521 1512 645 1586 deinde
671 1513 710 1584 in
736 1514 843 1586 deeus
870 1533 981 1586 novae
1004 1511 1099 1585 filiae
1121 1510 1252 1600 habiti,
1281 1515 1318 1584 et
1335 1509 1491 1606 praemia
1509 1508 1622 1584 uiato-

69 1632 174 1706 ribne
200 1633 380 1726 proposita
406 1637 512 1727 atque
539 1633 622 1706 dota
637 1631 680 1723 3),

70 1989 256 2062 [ammiror
277 1989 346 2061 lter
368 1989 409 2062 le
430 1989 527 2062 rebar
548 1989 750 2062 intuentur
771 1989 940 2062 oonrlbnn
955 1988 1060 2078 raptu
1082 1987 1216 2062 unte!
1232 1987 1483 2062 utranianttiu
1498 1987 1623 2060 untur

72 2110 339 2196 lubioranu'bnr,
362 2109 494 2182 arbitria
515 2109 669 2200 utrinqne
691 2111 884 2200 ternpus,
910 2111 945 2181 in
972 2110 1099 2182 norm
1125 2109 1245 2182 irritata
1267 2109 1437 2182 arbitrale
1459 2125 1531 2182 ou
1552 2108 1624 2181 tin·

585 2229 694 2302 aliens
715 2231 757 2304 la
779 2230 907 2304 Purus
929 2229 1112 2304 oontenlit.

181 2476 356 2552 Vieesima
382 2476 506 2550 deinde
532 2477 664 2552 mensis
690 2477 788 2552 Iunii
802 2478 834 2567 4)
871 2477 1073 2550 Kanimirns
1106 2477 1183 2550 Rex
1198 2475 1229 2567 5)
1256 2495 1301 2550 ex
1328 2475 1510 2566 (traeovia,
1539 2476 1623 2550 soli·

76 2597 271 2670 uitantibus
303 2597 407 2669 illum
438 2596 582 2671 Maioris
613 2597 782 2671 Poloniae
813 2596 1043 2685 eonsiliariis,
1077 2617 1255 2689 egressus,
1288 2596 1394 2670 aeleri
1426 2617 1531 2670 enrsn
1563 2617 1626 2689 por

76 2718 267 2810 Myeohou,
303 2716 551 2808 Pyotrlroviam
585 2723 620 2790 et
652 2717 853 2791 Lanoieiam
885 2717 923 2790 in
949 2717 1041 2790 Kolo
1074 2716 1251 2809 peruenit,
1289 2721 1324 2790 et
1354 2717 1411 2791 die
1444 2715 1626 2790 Dominiao

78 2837 200 2912 Saneti
218 2835 387 2910 Iohannis
407 2837 605 2928 Baptistae,
626 2842 835 2912 conventum
853 2837 995 2926 habuit,
1016 2837 1273 2929 expeditionem
1292 2842 1413 2911 eontra
1430 2837 1624 2926 Prnoeiam,

78 2959 204 3032 saltem
233 2977 276 3030 ex
304 2956 478 3030 militibus
506 2963 677 3030 terrarum
700 2958 843 3032 Maioris
861 2958 1040 3044 Poloniae,
1074 2958 1348 3031 instauraturus.
1378 2959 1446 3032 Sed
1473 2979 1552 3031 eum
1569 2957 1627 3030 illi

80 3099 219 3170 qnoque
246 3081 388 3170 propter
407 3076 687 3151 cracoviensium
715 3078 871 3152 militnm
893 3077 1088 3152 absentiam
1108 3098 1244 3151 sumere
1266 3098 1363 3150 arma
1381 3078 1625 3166 detrectarent,

79 3200 233 3272 fertones
260 3218 368 3289 aeque
396 3197 500 3272 terris
527 3218 645 3270 eornm
672 3197 846 3290 impositi,
876 3197 1135 3290 senoitnmqne,
1163 3203 1205 3270 nt
1226 3198 1305 3271 Rex
1325 3219 1364 3271 eo
1383 3219 1473 3271 anno
1491 3197 1625 3272 bellum

79 3322 201 3390 eontra
227 3317 421 3392 Ornoiieros
447 3318 687 3390 tantummodo
714 3339 776 3409 per
802 3319 981 3392 ourienses
995 3318 1028 3407 6)
1055 3323 1090 3391 et
1117 3318 1348 3392 mercenarios
1376 3318 1509 3393 milites
1532 3321 1625 3410 agot.

80 3438 129 3510 lla
157 3443 276 3510 antem
303 3437 390 3510 belli
417 3437 454 3510 in
483 3457 562 3510 eum
589 3458 718 3510 annum
738 3438 863 3512 dilatio
882 3438 1056 3512 militares
1083 3443 1118 3512 et
1137 3439 1231 3512 oives
1250 3438 1484 3512 Prnthenieoe
1501 3437 1627 3532 grandi

80 3557 242 3630 molestia
269 3557 435 3648 pereulit,
464 3557 838 3650 ingeminabantnrqne
865 3580 928 3650 per
954 3560 1142 3632 nonnullos
1170 3559 1418 3633 detrectatores
1436 3578 1627 3645 murmura,

81 3678 173 3768 qnod
201 3677 358 3770 ignavia,
387 3677 634 3768 imperitisque
660 3679 890 3768 Polemonem,
918 3700 975 3752 roe
1001 3679 1236 3752 Prothonieae
1262 3679 1433 3772 segniter,
1461 3678 1628 3752 ridienlo·
1771 3740 1776 3748 .

85 3818 191 3888 seqne
221 3801 439 3889 gererentur,
473 3798 757 3889 sustinerentqne
779 3799 897 3889 potine
923 3795 1070 3888 bellum,
1103 3819 1208 3891 quam
1239 3799 1421 3872 inferrent.
1454 3799 1509 3872 Ex
1536 3798 1629 3871 Kolo

83 3917 158 3992 Rex
188 3917 386 4005 discedens,
414 3917 575 4008 pervenit
602 3917 639 3990 in
667 3919 874 4010 Brnesenye:
903 3919 964 3992 nbi
990 3941 1103 4010 usqne
1130 3919 1174 3992 al
1200 3919 1293 3992 diem
1324 3920 1444 3993 Lunae
1471 3924 1552 4011 pest
1579 3921 1628 3991 fe·

83 4042 178 4108 stum
204 4037 443 4110 Enattationis
471 4036 620 4110 sanotae
638 4037 775 4127 (trucis,
804 4059 894 4130 quae
913 4039 983 4112 init
1001 4039 1135 4112 deoima
1153 4039 1304 4131 septima
1320 4039 1452 4113 mensis
1471 4039 1629 4131 Septem·

82 4154 153 4228 bris
171 4155 214 4244 7),
243 4157 308 4229 sub
336 4156 533 4248 frequentia
560 4156 841 4232 oonsiliariornm
873 4179 992 4232 seeum
1023 4159 1100 4232 illio
1127 4159 1339 4232 morantium
1365 4158 1484 4248 stetit,
1512 4158 1629 4252 provi-

84 4275 195 4348 dendo
222 4276 326 4349 rebus
353 4275 597 4363 Protheniois,
628 4297 716 4368 qnae
743 4278 851 4351 armis
878 4284 913 4354 et
940 4279 1087 4354 arbitrio
1115 4279 1319 4372 agebantur.
1353 4279 1429 4352 Iam
1457 4277 1631 4371 siqnidem

85 4394 269 4486 episeopus
297 4396 524 4468 Lnbienensis
539 4394 572 4483 Β)
599 4397 777 4470 Amulius
805 4419 884 4472 enm
911 4399 1047 4473 dnobus
1074 4398 1258 4474 Canonioie
1285 4419 1369 4473 snus
1401 4397 1631 4472 Lubieaensis

86 4515 267 4602 ecelesiae,
287 4515 452 4588 videlieet
470 4515 618 4588 Alberto
636 4516 788 4590 Reohem
802 4517 834 4607 9)
853 4519 1077 4607 Rostoeenei‚
1097 4518 1245 4593 Alberto
1263 4518 1481 4593 Kromendilr
1499 4518 1544 4607 ¹⁰)
1566 4517 1628 4592 Iri-

85 4632 202 4724 pensi,
230 4633 500 4722 archidiaconis,
525 4635 609 4710 item
628 4635 723 4710 oives
746 4637 788 4711 de
806 4637 946 4726 Lnbek,
975 4637 1151 4712 Henriens
1178 4639 1334 4730 Kastorp
1352 4637 1401 4727 11)
1426 4639 1630 4725 Proconsul,

87 4753 258 4829 Henrions
286 4753 457 4846 Liperode
485 4754 719 4846 Camerarius,
747 4761 783 4832 et
802 4757 977 4834 Hemious
995 4758 1157 4832 Haohten
1175 4758 1310 4851 Legum
1328 4759 1473 4846 Doetor,
1500 4757 1630 4834 (tonsu-

193 5077 217 5158 ¹)
237 5079 379 5145 Poloniao
407 5079 499 5157 Regu
528 5076 593 5143 Ed.
621 5076 713 5162 [ripa.
743 5077 769 5159 ¹)
798 5085 884 5142 sexta
911 5081 961 5142 die
989 5081 1100 5144 nimus
1121 5080 1193 5145 uari
1214 5076 1279 5146 ud.
1300 5076 1393 5163 Im'pr.
1415 5079 1441 5160 ο)
1463 5081 1534 5144 dato
1556 5085 1633 5143 eunt

90 5179 150 5246 El.
175 5179 266 5265 Lipr.
290 5179 317 5261 4)
340 5182 493 5259 vigesima
513 5183 623 5244 nensis
644 5183 722 5244 lunii
745 5182 794 5244 dle
815 5179 878 5247 Ed.
902 5179 993 5265 Le'pr.
1025 5180 1051 5261 5)
1073 5183 1215 5248 Pelopiae
1235 5183 1300 5248 Rau
1321 5181 1385 5246 Ed.
1408 5180 1500 5267 Lipa.
1531 5181 1559 5262 ο)
1581 5201 1635 5261 per

90 5285 207 5348 Antieos
229 5281 292 5345 Ed.
315 5280 407 5367 Ilipa.
440 5282 466 5362 ⁷)
489 5285 604 5348 damma
629 5286 756 5362 septima
782 5286 893 5348 mensis
914 5282 1097 5362 Septembris
1119 5285 1168 5348 oie
1188 5283 1252 5351 Ed.
1276 5283 1368 5369 Lipe.
1399 5285 1426 5366 ο)
1447 5285 1634 5350 Lobana-aia

93 5382 152 5452 Eo.
174 5384 267 5470 Lipa.
291 5385 318 5466 ο)
341 5387 380 5448 de
400 5387 521 5451 Beohen
544 5384 606 5450 Et.
631 5385 725 5470 Ltpe.
752 5386 791 5467 ¹⁰)
814 5387 1000 5454 Oremendalr
1026 5383 1103 5451 Cot.
1118 5385 1228 5454 Pom.
1244 5389 1446 5454 Ommeuduik
1459 5385 1523 5452 Eoi.
1539 5386 1634 5472 Εὗρε.

97 5487 133 5568 ¹¹)
153 5489 304 5567 Kaatborp
326 5485 389 5557 Ed.
413 5486 503 5572 Dipo.
