4052 6286
376 545 451 617 492
883 561 997 616 arena
1022 561 1268 615 nuonuormus
1296 543 1410 634 (xm).
1646 537 1714 640 (Α.
1733 537 1781 615 D.
1800 537 1935 638 W.)

375 748 628 844 negligentiam
655 748 849 840 privarent:
881 746 1014 820 bollum
1042 745 1147 820 civile
1166 745 1258 820 inter
1275 746 1428 838 parietes
1454 747 1633 840 proprios,
1661 747 1744 820 dum
1769 752 1933 821 exterum

375 872 570 945 detractent
589 871 627 959 1),
656 867 843 960 accepturi.
873 867 995 960 Regiis
1010 865 1041 956 2)
1070 866 1205 939 nuntiis
1225 868 1268 940 ad
1287 867 1428 960 singula
1446 867 1600 941 modeste
1619 867 1931 960 respondentibus,

377 998 413 1066 et
439 991 598 1085 legitime
625 987 852 1063 excusatione
879 988 1011 1080 Regem
1039 1009 1142 1060 suum
1169 987 1212 1061 de
1239 1009 1309 1060 nou
1336 987 1573 1080 acceptatione
1605 988 1720 1082 Regni
1748 987 1935 1062 Bohemici

375 1110 627 1205 purgantibus,
647 1108 906 1201 impetebantur
924 1129 1081 1197 rursum,
1109 1112 1151 1180 ut
1169 1109 1294 1181 saltem
1312 1108 1567 1202 primogenitus
1585 1109 1694 1202 Regis
1714 1106 1935 1196 Peloriaca

377 1233 452 1306 illis
471 1252 549 1304 cum
569 1231 668 1304 mille
686 1229 925 1302 tantummodo
945 1228 1124 1320 equitibus
1143 1228 1353 1302 traderetur:
1384 1228 1445 1320 qui
1468 1229 1690 1304 coronatione
1714 1229 1812 1322 apud
1830 1228 1934 1301 Wra-

376 1353 556 1426 tislariam
574 1351 616 1425 de
635 1350 795 1424 manibus
814 1349 939 1442 Legati
954 1350 986 1438 4)
1016 1353 1194 1441 suscepta,
1215 1369 1371 1423 summae
1388 1369 1505 1422 rerum
1524 1348 1735 1442 provideret.
1764 1350 1837 1423 Sed
1857 1370 1935 1422 cun

379 1473 505 1566 Legati
531 1472 620 1564 regii
653 1471 690 1543 id
717 1491 855 1562 quoque
890 1491 960 1542 non
987 1471 1080 1562 apud
1113 1491 1167 1558 ee,
1201 1471 1261 1543 sed
1288 1469 1381 1561 apud
1408 1470 1575 1543 Poloniae
1602 1471 1735 1564 Regem
1763 1491 1935 1562 quaeren-

379 1595 462 1666 dum
478 1591 508 1682 5)
537 1592 775 1666 ostenderent:
804 1589 922 1662 nuntii
949 1590 993 1662 ad
1021 1589 1241 1663 Karimirum
1268 1589 1435 1662 Poloniae
1462 1591 1611 1683 Regem,
1639 1589 1676 1662 id
1703 1589 1861 1682 petituri
1879 1590 1935 1663 de·

378 1713 465 1788 creti
480 1713 523 1801 θ).
553 1711 677 1804 Legati
706 1730 787 1783 raro
806 1709 911 1802 regii,
941 1710 984 1783 ab
1003 1709 1168 1783 universo
1187 1709 1474 1784 Wratislauiensi
1493 1714 1666 1784 conventu
1685 1709 1822 1804 rogati,
1851 1711 1936 1782 Pra-

377 1855 457 1926 gam
484 1832 612 1905 iterum
639 1835 879 1919 revertuntur,
908 1830 1005 1922 pacis
1033 1829 1253 1904 sufferentias
1269 1830 1302 1920 ⁴⁷)
1330 1851 1409 1904 cnm
1427 1830 1576 1924 Georgio
1595 1831 1640 1903 ad
1660 1832 1795 1905 festum
1815 1831 1938 1904 Sancti

379 1952 564 2026 hdalberti
592 1951 797 2024 ordinaturi.
828 1950 962 2042 Quibus
990 1950 1059 2024 etsi
1085 1950 1197 2024 omnis
1226 1950 1287 2024 ille
1318 1950 1620 2025 Wratislariensis
1647 1956 1850 2024 conventus
1869 1953 1936 2024 ele

379 2073 500 2167 gantia
527 2073 616 2146 dona
643 2072 680 2144 in
705 2075 850 2164 argento
870 2071 1024 2163 etoquia
1044 2070 1215 2144 misisset:
1245 2071 1363 2144 eadem
1391 2075 1508 2145 tamen
1527 2071 1698 2146 modestia
1716 2073 1816 2163 apud
1835 2071 1935 2144 Wra
1983 2167 1988 2174 ,

380 2193 578 2280 tislaviam‚
607 2213 677 2284 qna
704 2197 739 2264 et
765 2191 802 2262 in
829 2191 960 2283 Praga,
989 2191 1062 2273 usi,
1091 2191 1135 2262 ad
1162 2191 1411 2282 acceptandum
1439 2191 1518 2281 illa,
1546 2192 1648 2264 nulla
1674 2192 1817 2265 ratione
1838 2197 1936 2284 pote·

380 2320 461 2388 rant
488 2312 625 2400 induci,
654 2311 842 2384 maximam
872 2315 907 2383 st
935 2311 1148 2404 singularem
1176 2311 1316 2384 laudem
1344 2310 1387 2384 ob
1417 2311 1453 2384 id
1480 2313 1523 2386 ab
1541 2313 1719 2386 uniuersis
1738 2313 1936 2388 consecuti:

381 2434 469 2508 satis
498 2454 535 2506 se
562 2453 746 2506 munerum
773 2431 949 2523 accepisse
976 2431 1062 2520 rati,
1092 2430 1123 2502 si
1150 2430 1202 2504 eis
1230 2431 1456 2521 authoribus,
1485 2432 1527 2505 ab
1554 2433 1662 2506 armis
1690 2438 1765 2506 tarn
1794 2433 1937 2508 infestis

381 2557 469 2628 foret
496 2554 701 2628 discessum.
728 2551 872 2626 Nemini
899 2555 1017 2625 autem
1044 2551 1302 2626 Catholioorum
1330 2551 1418 2625 satis
1445 2551 1597 2644 placuit,
1627 2554 1885 2645 compromisso
1904 2555 1939 2627 iu

382 2674 549 2748 Poloniae
577 2675 707 2766 Regem
722 2671 754 2762 8)
782 2673 890 2762 facto,
919 2676 1080 2747 exortum
1107 2671 1293 2752 dissidium
1321 2672 1431 2746 finiri:
1459 2693 1528 2746 non
1556 2673 1649 2764 qnod
1675 2673 1718 2746 de
1746 2675 1850 2768 Rege
1873 2675 1937 2747 Po

381 2795 497 2868 leniae
524 2793 736 2887 ambiguitas
764 2797 873 2882 esset,
902 2793 963 2866 sed
991 2793 1083 2885 quod
1111 2796 1301 2884 oporteret,
1330 2793 1374 2866 ad
1402 2793 1438 2866 id
1457 2813 1664 2866 consensum
1684 2793 1828 2867 Summi
1846 2795 1937 2868 Pon·

383 2915 505 3004 tiliois,
536 2915 635 2988 cuius
663 2913 819 2988 iussione
845 2913 979 2987 bellum
1006 2917 1167 3004 coeptum
1195 2917 1286 3002 erat,
1320 2913 1490 2988 adhiberi.
1525 2912 1698 2988 Veniebat
1724 2918 1762 2988 et
1789 2914 1830 2988 iu
1859 2936 1938 2988 con·

384 3035 644 3124 siderationem,
674 3034 767 3127 quod
794 3033 965 3127 Georgius
992 3034 1097 3107 rebus
1124 3033 1200 3106 suis
1227 3033 1339 3127 magis
1368 3033 1558 3108 mendaciis
1586 3038 1623 3108 et
1641 3034 1803 3123 fallacia,
1832 3056 1938 3128 quarn

384 3156 561 3249 aequitate
593 3160 628 3230 et
661 3153 815 3244 iustitia,
850 3155 1031 3228 consulere
1063 3154 1253 3241 domuerit,
1293 3175 1357 3228 nec
1395 3175 1473 3228 eum
1505 3155 1638 3228 decreti
1674 3155 1938 3230 conditionibus

383 3297 541 3350 usurum.
570 3277 720 3370 Pragam
739 3279 856 3347 autem
875 3273 992 3347 nuntii
1007 3273 1038 3364 9)
1065 3275 1215 3363 reversi,
1244 3275 1329 3348 licet
1350 3275 1470 3376 plures
1489 3275 1717 3348 difficultates
1735 3297 1821 3368 pars
1840 3281 1937 3349 utra·

384 3420 452 3490 que
479 3395 744 3488 interposuerit:
774 3400 932 3488 treugam
953 3393 998 3484 10)
1026 3399 1143 3468 tamen
1171 3394 1214 3466 ad
1242 3394 1333 3468 diem
1361 3394 1588 3469 Ascensionis
1616 3395 1758 3469 Domini
1791 3397 1936 3470 duratu-

383 3540 458 3592 ram
486 3517 684 3592 conhciunt.
714 3517 789 3609 Qua
816 3519 970 3604 firmata,
999 3517 1175 3608 extemplo
1204 3515 1390 3608 Georgius,
1424 3515 1531 3588 misso
1559 3516 1632 3588 filio
1661 3537 1725 3589 suo
1752 3517 1935 3591 Victorino

384 3637 671 3732 tangentibus,
699 3638 950 3729 Imperatorem
969 3636 1014 3726 ¹¹)
1043 3641 1078 3708 ot
1106 3635 1287 3709 austriam
1315 3635 1415 3728 graui
1443 3636 1535 3710 bello
1562 3657 1706 3710 rerrarev
1719 3638 1848 3729 eoepit.

831 3989 985 4062 11111111
1007 3989 1077 4060 ltux
1100 3988 1324 4079 (lingoniensis
1345 3989 1490 4062 norim.

489 4239 554 4313 Die
581 4237 721 4327 Martis,
749 4236 934 4310 undecima
959 4235 993 4309 N
996 4236 1169 4310 orembris
1189 4235 1246 4326 ι1),
1275 4235 1449 4310 Henricus
1477 4237 1558 4310 Dor
1577 4237 1831 4330 Glogoriensis
1849 4241 1937 4312 alias

387 4357 704 4448 Koauohoriensis,
724 4358 816 4450 apud
834 4358 1033 4430 Koauchow
1053 4355 1098 4447 13)
1127 4356 1290 4445 moritur,
1315 4361 1350 4429 et
1369 4357 1407 4430 in
1425 4356 1573 4430 ecclesia
1591 4358 1789 4449 parochiali
1808 4360 1847 4433 iu
1866 4361 1936 4432 Ka

389 4482 528 4555 auchow
556 4479 742 4571 sepelitur,
771 4477 913 4550 unicum
940 4477 1142 4568 relinquens
1161 4476 1290 4564 hlium,
1320 4476 1511 4550 Hauricum
1530 4477 1587 4549 sni
1605 4478 1777 4566 nominis,
1798 4487 1837 4552 et
1854 4480 1938 4553 duas

390 4601 502 4689 filias,
542 4601 680 4672 Annam
714 4604 749 4672 et
781 4597 982 4686 Elisabeth,
1020 4617 1065 4669 ex
1100 4597 1203 4669 huna
1234 4597 1309 4670 filia
1341 4597 1488 4671 Gouradi
1524 4596 1632 4670 Ducis
1665 4597 1938 4688 Olesnicaeusis,

498 4942 522 5022 ¹)
545 4945 709 5004 detrectant
731 4939 792 5004 Ed.
817 4939 910 5024 Lips.
935 4939 961 5018 Ω)
983 4941 1075 5018 Regis
1097 4941 1238 5002 Poloniae
1260 4939 1396 5000 Gasimiri
1419 4935 1482 5000 Ed.
1505 4935 1599 5023 Lipa.
1631 4937 1660 5017 3)
1683 4939 1776 5018 Regis
1800 4941 1939 5004 Poloniae

391 5048 526 5111 Oasimiri
550 5043 614 5108 Ed.
637 5043 728 5127 Lips.
760 5041 786 5124 4)
816 5043 965 5121 Rudolphi
987 5044 1094 5120 Legati
1116 5043 1280 5120 Apostolici
1303 5038 1366 5103 Ed.
1388 5038 1479 5125 Lips.
1512 5040 1539 5120 ⁵)
1561 5043 1765 5118 quaerendum
1787 5062 1858 5105 esse
1879 5042 1938 5106 Ed

388 5149 480 5233 Lips.
501 5147 529 5228 ι)
545 5149 655 5210 decreti
678 5153 755 5210 sunt
778 5144 842 5208 Ed.
865 5145 957 5229 Lipa
983 5144 1008 5225 τ)
1032 5147 1167 5208 inducias
1190 5143 1253 5207 Ed.
1277 5143 1368 5228 Lupa.
1393 5144 1419 5224 ⁸)
1431 5147 1465 5218 ,in
1481 5146 1657 5207 casimirum
1672 5147 1817 5209 Poloniae
1831 5149 1939 5224 Bagam

392 5251 455 5316 Ed.
479 5251 573 5334 Lips.
597 5249 622 5329 ο)
646 5252 750 5312 Nuntii
774 5251 909 5312 casimiri
936 5251 1076 5311 Poloniae
1098 5249 1189 5326 Regis
1212 5246 1275 5309 Ed.
1300 5246 1388 5331 Lips.
1417 5247 1457 5328 ¹⁰)
1479 5267 1581 5326 pacem
1604 5246 1669 5312 Ed.
1692 5247 1782 5332 Lipa
1814 5249 1852 5327 ¹¹)
1871 5251 1937 5310 Fra
2023 5265 2024 5322 ς

392 5357 522 5419 doricum
544 5357 740 5416 Rornanorum
763 5356 971 5430 Imperatorem
995 5350 1059 5413 Ed.
1082 5349 1176 5434 Lips.
1208 5351 1247 5431 ις)
1270 5354 1379 5414 mensis
1401 5347 1577 5414 Novembris
1600 5349 1665 5414 Ed.
1689 5349 1781 5435 Lipa.
1817 5351 1858 5428 1’)
1880 5353 1937 5412 Ka
2023 5343 2024 5352 ’

394 5461 530 5523 sauohow
551 5456 615 5521 Ed.
639 5457 733 5542 Lipe.
757 5455 951 5538 (Fraystadt).
