4264 6280
433 532 455 607 8
938 554 1051 609 nmen
1076 554 1321 608 nuonncnrus
1348 538 1463 628 (xm).
1697 534 1830 636 (Ml.
1849 533 1978 636 1445.)

430 743 540 816 ticulo
568 743 802 832 defendimus,
832 748 867 816 et
886 764 929 817 en
948 744 1203 817 Lithuanorum
1224 765 1329 819 causa
1346 745 1522 838 propriam
1542 743 1714 834 faciendo,
1743 747 1876 820 bellum
1895 747 1976 818 illo-

429 887 524 956 rum,
552 865 588 938 in
616 887 680 938 nos
707 885 929 956 conversum,
959 865 1060 938 annis
1088 867 1251 959 pluribus
1269 867 1454 960 gessimus.
1484 867 1526 939 In
1545 867 1819 956 conditionibus,
1848 868 1977 960 quibus

429 989 533 1062 unica
567 988 689 1061 haeres
717 991 753 1060 et
780 987 855 1061 filia
889 987 1002 1080 patris
1038 988 1094 1060 tui
1128 988 1300 1092 Hedvigis
1337 987 1515 1061 Friderico
1552 989 1858 1083 Brundeburgeusi
1884 991 1975 1063 llar-

430 1110 548 1183 chioni
575 1111 784 1202 desponsata
811 1109 895 1200 fnit,
925 1130 1001 1183 eam
1027 1109 1284 1203 providentiam
1311 1109 1505 1199 tenuimus,
1533 1114 1632 1202 patro
1659 1114 1719 1184 tuo
1747 1112 1881 1204 prolem
1904 1132 1975 1183 rna·

430 1231 600 1304 sentinam
633 1231 670 1303 in
703 1232 859 1304 futurum
890 1232 1117 1324 producente,
1152 1232 1266 1325 Regni
1298 1232 1465 1304 Poloniae
1498 1231 1753 1305 successionem
1785 1232 1828 1305 ad
1854 1233 1975 1320 filiam,

431 1353 591 1446 quamvis
620 1353 716 1426 avito
745 1359 780 1426 et
806 1353 958 1446 pristino
985 1353 1061 1426 iure
1079 1353 1279 1441 haeredem,
1307 1374 1376 1424 non
1396 1373 1497 1444 posse
1517 1351 1669 1425 devolvi.
1699 1355 1834 1446 rigente
1854 1353 1891 1424 in
1909 1355 1975 1426 hu-

429 1473 541 1547 manis
569 1479 668 1567 patre
695 1479 772 1563 tuo,
801 1474 943 1566 publica
970 1475 1027 1547 illi
1054 1475 1121 1547 fide
1149 1474 1415 1566 spopondimus,
1444 1496 1553 1547 unum
1580 1495 1599 1546 e
1626 1474 1727 1547 vobis
1747 1475 1883 1547 duobus
1904 1475 1973 1546 fra-

429 1597 543 1669 tribus
572 1596 641 1669 sibi
668 1617 730 1668 vos
758 1595 795 1668 in
823 1595 942 1688 Regno
972 1595 1227 1668 substituturos
1247 1597 1285 1685 ¹).
1315 1595 1412 1688 Quod
1440 1616 1558 1687 opere,
1587 1601 1697 1669 morte
1715 1596 1828 1688 patris
1847 1596 1902 1668 tui
1921 1617 1975 1668 se·

429 1722 526 1806 cnta,
547 1717 814 1810 complevimus,
836 1721 870 1789 et
884 1737 1086 1808 germanum
1106 1721 1205 1790 tunm
1224 1716 1476 1806 Wladislaum,
1495 1721 1639 1808 propter
1655 1718 1711 1790 ius
1731 1723 1765 1790 et
1778 1721 1976 1810 respectum

429 1839 740 1932 primogeniturae,
778 1837 815 1910 in
851 1839 981 1931 Regem
1017 1842 1197 1927 nostrum,
1236 1839 1412 1932 abrogatis
1449 1838 1667 1931 quibuslibet
1702 1837 1976 1931 impedimentis

429 1982 518 2053 quae
550 1960 878 2053 interponebantur,
912 1961 1184 2052 assumpsimus,
1218 1967 1253 2033 et
1284 1983 1346 2052 pro
1379 1961 1479 2034 illius
1511 1962 1656 2049 honore,
1690 1961 1909 2053 promotione
1941 1967 1978 2032 et

428 2083 600 2174 profectu,
628 2103 836 2176 magnopere
863 2081 1061 2154 institimus
1076 2081 1118 2172 2).
1148 2082 1221 2155 Nec
1248 2083 1361 2157 minor
1384 2083 1485 2155 nohis
1504 2083 1546 2155 de
1565 2087 1600 2155 te
1619 2082 1764 2156 incessit
1790 2103 1889 2170 cura,
1922 2101 1976 2154 so·

427 2202 627 2292 licitudine,
656 2202 992 2295 interpositioneqne
1019 2186 1154 2292 nostro,
1183 2203 1219 2275 in
1238 2205 1369 2296 Regem
1389 2203 1592 2292 Bohemiae,
1622 2207 1732 2278 morte
1757 2203 1975 2296 Sigismundi

428 2325 655 2417 Imperatoris
688 2329 822 2413 secuta,
856 2331 891 2398 te
918 2325 1018 2418 eligi,
1055 2346 1094 2398 ac
1130 2325 1173 2397 ad
1205 2326 1482 2418 prosequendam
1514 2325 1719 2399 electionem
1752 2331 1849 2397 tuam
1887 2325 1977 2397 dnos

427 2445 604 2539 palatinos
636 2468 714 2519 cum
747 2446 830 2518 forti
863 2446 1019 2520 exercitu
1057 2447 1260 2520 Bohemiam
1293 2447 1403 2536 mitti,
1436 2470 1505 2520 non
1543 2446 1619 2520 sine
1655 2445 1876 2541 gravissimis
1915 2467 1975 2519 ex·

428 2568 563 2660 pensis,
592 2567 866 2660 procuravimus.
894 2569 998 2641 Bella
1025 2567 1149 2642 deinde
1175 2589 1237 2662 pro
1265 2575 1326 2641 tuo
1354 2569 1445 2659 iure,
1475 2591 1554 2642 eum
1572 2569 1719 2642 Alberto
1738 2569 1975 2641 Romanorum

428 2694 463 2762 et
490 2689 692 2784 Hungariae
718 2690 813 2781 Rege
841 2695 876 2762 et
902 2690 1068 2762 universa
1096 2691 1347 2764 Almunnorum
1379 2690 1521 2763 natione
1551 2690 1742 2783 gessimnS,
1771 2695 1811 2761 nt
1839 2711 1974 2782 germa-

427 2833 494 2884 nus
521 2817 604 2884 tuus
632 2811 867 2899 Wladislaus
897 2811 1002 2884 otiam
1021 2833 1098 2884 cnm
1117 2812 1285 2904 potentiis
1314 2812 1404 2900 suis,
1434 2812 1495 2884 vix
1520 2811 1778 2904 quindecimum
1797 2831 1927 2882 annum
1944 2808 1976 2898 3)

427 2954 550 3026 agene,
584 2933 677 3006 bella
709 2955 771 3024 pro
804 2933 879 3006 iure
910 2939 970 3005 tuo
999 2932 1275 3006 administrando
1302 2933 1339 3005 in
1368 2933 1516 3006 Slesiam
1549 2955 1627 3005 cnm
1660 2931 1817 3006 exercitu
1853 2952 1974 3024 perso·

427 3054 556 3127 naliter
583 3052 705 3142 iverit,
734 3054 886 3146 adeoque
914 3054 1037 3127 electio
1065 3060 1127 3126 tua
1153 3060 1326 3146 promota,
1355 3060 1396 3126 ut
1414 3055 1542 3127 bonnm
1561 3055 1682 3141 finem,
1711 3053 1782 3126 nisi
1803 3053 1975 3126 Albertus

428 3176 505 3248 Rex
533 3175 719 3248 immatura
746 3181 856 3248 morte
884 3175 974 3248 diem
1002 3175 1167 3264 obiisset,
1200 3175 1364 3249 habitura
1397 3175 1514 3250 luerit.
1548 3177 1667 3269 Regno
1700 3175 1844 3267 insuper
1872 3174 1973 3246 Hun-

426 3297 543 3390 gariae
571 3300 732 3384 vacante,
766 3315 919 3388 operam,
953 3317 1021 3388 qna
1053 3295 1272 3369 Wladislaus
1304 3318 1506 3389 germanae,
1540 3303 1576 3370 et
1602 3297 1785 3370 Elisabeth
1817 3295 1975 3388 Reginae

427 3424 463 3491 et
489 3418 731 3491 universorum
759 3419 999 3491 Praelatorum
1028 3423 1063 3490 et
1089 3419 1257 3490 baronum
1285 3419 1488 3511 Hungariae
1515 3419 1652 3492 decreto
1681 3424 1716 3492 ot
1743 3439 1905 3504 assensu,
1934 3417 1973 3490 in

427 3541 557 3633 Regem
576 3539 777 3630 Hungariae
796 3544 998 3632 assumptus
1023 3546 1057 3611 et
1076 3540 1208 3612 electus
1227 3545 1300 3626 est,
1319 3540 1543 3629 navavimus,
1564 3545 1669 3632 atque
1688 3561 1766 3611 cunr
1786 3540 1849 3612 illo
1868 3539 1972 3610 Hun-

426 3662 559 3754 gariam
586 3660 817 3752 personaliter
845 3661 1074 3749 transeundo,
1102 3661 1329 3753 gravissimos
1358 3668 1520 3753 sumptus
1549 3661 1722 3749 faciendo,
1758 3660 1880 3732 multis
1908 3681 1973 3731 nos

426 3782 593 3877 periculis
622 3781 825 3870 obiecimus
859 3782 970 3854 totius
1002 3782 1297 3871 Christianitatis,
1331 3805 1433 3876 quem
1465 3788 1649 3876 propterea
1681 3782 1781 3874 sequi
1809 3781 1971 3854 credeba-

426 3927 520 3993 mus,
549 3907 653 3996 prout
680 3924 743 3976 nos
770 3924 833 3976 nec
861 3904 977 3995 opinio
1011 3904 1154 3993 fefellit,
1192 3925 1256 3978 nec
1287 3905 1424 3997 privato
1453 3905 1489 3976 id
1517 3909 1660 3997 agentes
1692 3909 1865 3995 respectu.
1903 3901 1973 3975 Sed

426 4047 490 4099 neo
517 4025 581 4098 illa
607 4025 730 4118 grandi
764 4025 990 4116 occupatione
1022 4025 1185 4114 distenti,
1219 4026 1272 4098 tui
1300 4032 1335 4098 et
1362 4025 1518 4098 Ducatus
1547 4024 1758 4098 Lithuaniae
1791 4023 1972 4116 potuimus

427 4145 604 4236 oblivisci,
635 4146 719 4238 quio
747 4147 791 4218 ad
818 4147 1068 4238 providendum
1102 4146 1211 4218 statui
1244 4148 1399 4219 Donatus
1428 4147 1599 4234 eiusdem,
1634 4147 1726 4237 quod
1754 4145 1971 4232 verebamur,

426 4271 462 4343 in
490 4267 694 4343 intestinam
722 4267 947 4358 divisionem,
975 4268 1045 4341 nisi
1074 4269 1233 4341 celeriter
1261 4269 1546 4354 occurrissemus,
1576 4289 1678 4360 posse
1701 4267 1843 4354 adduci,
1871 4271 1971 4338 nota·

424 4391 490 4465 bili
516 4392 685 4465 baronum
712 4389 826 4482 Regni
855 4393 889 4461 et
917 4391 1092 4462 exercitus
1120 4395 1260 4462 caterva
1289 4390 1474 4481 stipatum,
1504 4396 1538 4462 te
1566 4388 1679 4480 Regni
1706 4389 1872 4460 thesauro
1890 4408 1971 4479 pro-

426 4517 601 4601 curatum,
625 4509 890 4605 provisumque,
910 4511 946 4582 in
965 4511 1208 4599 Lithuaniam,
1229 4531 1290 4603 pro
1310 4511 1410 4583 illius
1429 4531 1513 4603 pace
1533 4518 1567 4584 et
1584 4509 1837 4603 gubernatione
1854 4513 1972 4581 trans-

425 4633 602 4723 misimuS,
631 4631 779 4704 maiores
807 4632 940 4723 copias,
970 4633 1001 4705 si
1028 4633 1064 4705 id
1091 4633 1282 4705 necessitas
1302 4634 1578 4725 expostulasset,
1608 4631 1863 4706 transmissuri.
1894 4631 1971 4722 Quo

426 4753 586 4831 effectum
614 4758 682 4843 est,
717 4757 757 4824 nt
783 4757 898 4825 motus
933 4775 1050 4827 omnes
1082 4758 1143 4826 tuo
1176 4754 1328 4826 adventu
1356 4754 1392 4826 in
1420 4754 1664 4841 Lithuaniam,
1698 4757 1797 4846 parte
1824 4753 1973 4826 adversa

426 4875 658 4950 obedientiam
685 4875 885 4966 profitente,
915 4875 1209 4967 conquiescerent.
1239 4875 1368 4948 Verum
1395 4897 1474 4948 oum
1500 4897 1685 4968 germanus
1709 4881 1792 4948 tonus
1812 4874 1969 4947 Wladis-

425 4999 520 5088 laus,
549 4999 627 5071 Rox
653 5001 786 5084 noster,
815 4995 852 5069 in
880 4997 1039 5070 Turciam
1068 5017 1146 5070 cum
1174 4999 1329 5070 exercitu
1356 4997 1528 5070 catholico
1555 4997 1750 5086 traiiciens,
1780 4997 1971 5068 lurcorum

426 5120 621 5207 Caesarem,
651 5123 770 5191 contra
798 5117 994 5209 opinionem
1027 5117 1197 5207 omnium,
1231 5117 1366 5210 aliquot
1397 5117 1539 5210 praeliis
1573 5117 1722 5191 fudisset
1749 5117 1907 5190 adversis
1935 5121 1972 5190 et

534 5396 556 5471 ¹)
580 5415 671 5457 unum
693 5416 709 5456 e
731 5397 816 5456 vobis
840 5394 954 5456 duobus
977 5395 1115 5456 fratribus
1139 5413 1193 5456 nos
1208 5397 1238 5454 in
1255 5395 1388 5471 Regnum
1413 5395 1645 5454 substituturum.
1675 5389 1750 5454 uod.
1779 5390 1843 5454 Lo.
1877 5391 1902 5472 ῃ)
1926 5394 1969 5452 in-

427 5503 583 5564 stituimus.
612 5498 687 5562 uod.
712 5494 801 5562 Colo.
826 5497 852 5578 ³)
875 5517 983 5560 annum
1006 5496 1147 5561 docetote
1175 5495 1250 5560 ooo.
1276 5493 1363 5560 Colo.
1387 5506 1416 5559 ot
1437 5495 1546 5560 Proca.
