4082 6284
86 565 153 666 (Α.
171 565 220 641 D.
239 564 356 666 1461.)
602 588 715 642 ursus
741 589 987 644 nuonuomrue
1014 572 1129 662 (κω).
1562 571 1637 644 819

85 775 254 863 leuatam,
282 773 413 848 nelarie
441 774 604 864 invasus,
640 779 733 848 testa
765 775 892 868 eapitis
921 775 998 868 (diu
1025 776 1119 850 enim
1154 775 1349 867 restiterat)
1383 780 1488 868 rupta
1520 781 1566 850 et*
1583 799 1638 851 ae-

84 895 185 968 rebro
215 893 847 984 eduso,oeeiensest.1ueadarer
877 913 1014 988 quoque
1046 903 1224 969 mortuum
1256 895 1447 970 saevitum:
1477 897 1570 989 qaod
1597 898 1640 970 de

85 1015 236 1088 aeolesia
262 1033 385 1108 usqae,
401 1017 446 1088 ed
463 1016 678 1108 praetorium
696 1034 759 1108 per
776 1018 914 1108 plateae
931 1015 1052 1090 uenale
1079 1019 1156 1090 luto
1181 1015 1345 1106 oblinam,
1374 1021 1544 1106 trastum,
1559 1015 1639 1110 pla

85 1135 185 1208 ribus
213 1136 426 1229 pugionibus
453 1136 491 1209 i'n
519 1136 672 1229 singulis
704 1158 792 1229 pene
819 1136 906 1211 loeis
937 1138 1177 1226 eonfoderant,
1211 1138 1422 1230 barbamque
1447 1141 1484 1212 et
1511 1138 1639 1230 eapitis

86 1255 202 1330 arinen
234 1257 452 1330 adusserant.
487 1256 601 1330 Biduo
630 1279 755 1350 eorpus
787 1257 824 1330 in
851 1257 1025 1350 praetorio
1057 1258 1232 1346 habitum,
1269 1257 1375 1331 tertia
1406 1257 1464 1330 die
1499 1258 1638 1332 demum

85 1376 129 1450 ad
157 1376 281 1451 Saueti
308 1377 493 1451 Adalberti
520 1378 703 1452 ecelesiam
730 1377 887 1467 illatum,
917 1383 1041 1472 quarta
1068 1378 1190 1452 amieis
1218 1379 1410 1466 redditum,
1439 1383 1474 1452 et
1502 1379 1539 1451 in
1562 1401 1636 1452 ma·

85 1517 155 1589 gua
181 1498 351 1589 Xyauseb
369 1499 396 1588 ¹)
424 1499 627 1590 sepulturae
649 1499 745 1571 iusto
764 1498 904 1591 quidem
923 1501 1069 1586 bonore,
1099 1499 1161 1572 sed
1187 1499 1352 1572 lamentis
1376 1499 1521 1588 referto,
1541 1520 1637 1574 man·

86 1618 221 1690 datum.
250 1619 425 1692 Iohannes
452 1618 548 1692 filius
575 1618 701 1693 uniens
729 1619 889 1693 Andreae
921 1617 1170 1709 ThaneainsII,
1203 1639 1281 1692 eum
1309 1640 1329 1692 a
1356 1620 1485 1712 popule
1513 1619 1551 1692 in
1577 1641 1637 1711 pa·

86 1739 153 1811 tris
172 1738 292 1811 odium
311 1739 356 1812 ad
374 1759 493 1813 ueoem
512 1744 748 1832 quaereretur,
775 1761 838 1832 per
864 1740 984 1814 aedem
1011 1739 1181 1813 Iohannis
1205 1739 1385 1832 Dlugoseh
1402 1739 1638 1814 eanoniealern

86 1859 234 1932 aeialem
261 1863 297 1932 et
323 1858 396 1933 arei
428 1859 633 1934 rieiniorem
665 1859 811 1952 effugit·
832 1859 890 1932 Ad
921 1859 1079 1952 quintam
1113 1859 1327 1952 etamplius
1358 1861 1478 1932 heram
1511 1860 1638 1948 noetis,

91 1978 205 2052 turris
220 1979 452 2073 expugnatio,
466 1981 501 2053 N
503 1980 614 2054 ieolao
629 1977 972 2073 mnaaignyewslm)
990 1984 1025 2054 et
1039 1979 1234 2072 Spithlrone
1248 1979 1488 2068 blelstbiuslri‚
1504 2001 1639 2055 eorum·-

87 2121 153 2192 que
172 2101 410 2175 familiaribus
428 2101 583 2175 animose
600 2100 864 2194 resistentibus,
893 2104 1044 2190 tentata,
1072 2101 1186 2174 altera
1202 2101 1341 2175 demum
1360 2101 1433 2190 die,
1462 2121 1540 2176 oum
1559 2104 1637 2176 vul*

86 2242 151 2314 gua
179 2221 412 2294 nihilomiuus
449 2242 507 2296 eos
535 2227 637 2294 noete
665 2227 700 2295 et
727 2221 883 2294 interdiu
910 2219 1101 2310 obsideret,
1138 2238 1183 2294 ex
1218 2221 1308 2295 turri
1340 2221 1377 2294 iu
1409 2223 1636 2315 praetorium,

86 2341 197 2433 paeti,
229 2341 321 2432 quod
348 2341 541 2416 ineolumes
569 2363 627 2415 eos
656 2363 732 2416 esse
760 2341 930 2430 sinerent,
964 2341 1123 2430 deduetI,
1153 2346 1188 2415 et
1216 2341 1323 2415 tertia
1340 2342 1406 2416 'die
1432 2343 1635 2417 reeoneilia·

87 2462 181 2534 tione
210 2482 290 2535 eum
318 2462 511 2554 Consulatu
539 2461 830 2554 et·popularibus
857 2462 994 2550 habIta,
1024 2461 1162 2534 dimissi
1189 2467 1284 2554 sunt.
1313 2463 1514 2536 Infeoturue
1533 2483 1637 2536 aaran

85 2589 157 2656 tam
184 2582 380 2656 horrendus
408 2581 657 2656 Prutheuieam
687 2582 946 2674 expeditionem
973 2582 1175 2666 ridebatur,
1204 2583 1379 2656 militibus
1398 2583 1637 2658 Oraaorieusi·

87 2703 151 2776 bns
179 2707 216 2776 et
245 2702 588 2776 Saudomirieusibus
615 2702 652 2776 in
679 2703 851 2777 ultIouem
883 2702 1048 2776 facinoris
1082 2723 1119 2775 se
1150 2704 1244 2776 ultro
1277 2703 1547 2786 devorantibus,
1575 2715 1636 2777 ox·

87 2823 269 2914 peditione
296 2821 437 2897 omissa.
472 2825 569 2917 Rege
601 2828 717 2898 tamen
743 2845 806 2915 per
831 2822 969 2897 erebros
996 2822 1140 2896 nuntios
1171 2824 1215 2896 ad
1242 2825 1434 2897 Iohannem
1461 2825 1503 2898 da
1522 2823 1636 2896 'dhan-

88 2943 163 3016 caiu
191 2944 426 3016 eastellanum
455 2944 717 3019 cracoviensem
744 2945 860 3016 ultum
887 2943 933 3017 lri
960 2945 1076 3018 seelns
1105 2923 1310 3036 nollioente,
1344 2943 1553 3032 destinatos,
1583 2943 1635 3016 in·

89 3065 190 3138 lertio
219 3065 435 3156 eouquierit.

486 3419 669 3494 maxaera
690 3420 777 3494 Illas
799 3419 959 3494 desinire
981 3421 1060 3512 Issi
1082 3422 1239 3496 amdam.

191 3663 259 3742 Die
286 3667 465 3758 ldereurii,
494 3669 618 3761 quinta
645 3669 800 3763 Augusti
815 3668 858 3760 ³),
887 3671 980 3763 apud
1007 3670 1206 3744 Oraeoriam
1225 3669 1409 3743 Elisabeth
1428 3671 1565 3764 Regius
1582 3672 1635 3744 iai-

89 3787 164 3860 uior
190 3793 357 3880 quartum
384 3789 497 3862 filium
525 3790 630 3862 enixa
657 3795 723 3864 est.
753 3791 819 3883 Qui
846 3793 939 3884 apud
952 3790 1221 3865 Graeoriensem
1240 3791 1422 3864 ecelesiam
1442 3812 1462 3862 a
1481 3792 1637 3865 Iohanne

89 3907 276 4000 Pnyouski
312 3909 554 3983 arehidiaeono
581 3915 617 3983 et
645 3911 928 3985 administratore
961 3911 1202 3986 Graeoriensis
1238 3911 1406 3984 eoelesiae
1420 3911 1452 3999 ⁴)
1480 3911 1635 4003 baptisa-

89 4032 161 4116 tus,
189 4029 394 4102 Alexander
421 4030 596 4103 roeitstus
623 4038 692 4121 ost,
723 4033 820 4104 tenui
849 4033 1061 4106 solennitate
1087 4032 1388 4124 baptisteriorum,
1416 4037 1559 4123 propter
1576 4032 1635 4104 ab·

90 4149 239 4222 sentiam
271 4149 380 4243 Regis
400 4149 431 4240 ⁵)
467 4156 502 4224 et
537 4165 656 4224 meum
694 4170 800 4244 super
830 4174 913 4227 usae
943 4154 1104 4227 Andreae
1134 4151 1371 4226 lhaueaiuski
1401 4151 1635 4226 intervenim-

89 4273 175 4358 tem,
203 4271 391 4344 eelebrata.

195 4543 220 4626 ¹)
242 4543 333 4624 Xiasa
358 4541 434 4609 Cod.
457 4541 564 4609 Pam.
595 4543 884 4626 ⁹)Seenignyewslri
908 4542 969 4609 ml.
994 4545 1083 4630 Lips.
1116 4545 1272 4628 ³>niarasis
1301 4547 1429 4626 Augusti
1456 4541 1520 4609 Ed.
1544 4522 1637 4629 Litus.

91 4645 116 4727 ⁴)
140 4651 329 4726 episcopatus
354 4645 430 4712 ooo.
453 4647 560 4712 Pma
587 4649 615 4729 ⁶)
636 4643 728 4727 aega
752 4651 888 4711 (tosianiri
911 4647 973 4712 Ed.
997 4647 1092 4732 Lr'pa.
