4152 6270
387 557 459 630 146
890 576 1003 630 ursus
1029 577 1273 632 6666666166
1301 560 1414 650 (xm).
1648 557 1714 660 (Α.
1734 559 1778 634 D.
1799 559 1932 660 1453.)

385 763 478 839 Gens
505 762 683 836 immunda
702 763 1001 858 6116666161666,
1030 764 1215 838 1616166116
1242 765 1279 871 16
1298 767 1434 839 6666116
1454 767 1480 856 ¹)
1509 771 1709 859 stuprorum
1726 771 1932 863 generibus,

385 906 473 978 6666
499 889 667 978 regnante
695 885 787 978 apud
813 886 966 960 Francos
994 886 1136 979 Pipino,
1170 894 1303 960 montes
1332 888 1474 980 Caspios
1506 889 1634 979 exivit,
1669 913 1709 964 ac
1735 892 1837 985 longo
1867 892 1933 965 iti·

260 1013 262 1018 '
383 1028 464 1081 nere
491 1028 528 1080 se
554 1008 591 1080 in
618 1007 740 1080 Asiam
767 1007 913 1100 recapit,
943 1007 1061 1100 ibique
1087 1009 1235 1100 posthac
1261 1013 1395 1083 morata
1422 1015 1486 1083 est.
1515 1011 1562 1083 Et
1585 1013 1743 1104 quamuis
1764 1015 1826 1086 sub
1845 1014 1934 1086 miti

383 1129 478 1202 coelo
497 1133 533 1202 et
550 1129 725 1201 mundiori
753 1133 861 1218 terra,
890 1151 952 1222 per
974 1134 1027 1201 tot
1055 1130 1195 1203 saecula
1221 1152 1344 1222 parom
1372 1133 1548 1204 excultam
1567 1154 1604 1206 se
1623 1135 1840 1225 praebuerit:
1873 1157 1934 1206 sa-

384 1251 438 1343 pit
465 1255 582 1324 tamen
610 1251 722 1324 adhoc
749 1252 899 1322 multum
926 1251 1096 1343 pristinae
1124 1251 1372 1340 deformitatis,
1400 1274 1463 1326 uec
1491 1275 1624 1327 omnam
1652 1256 1843 1328 barbariem
1869 1256 1935 1329 de·

383 1371 499 1446 tersit.
528 1372 829 1465 Constantinopoli
857 1377 1071 1464 expugnata,
1101 1372 1298 1464 Principes,
1328 1373 1591 1466 Optimatesquc
1610 1381 1746 1468 666166,
1774 1378 1937 1450 61616116

386 1500 421 1568 61
448 1494 694 1588 sanguinarius
723 1495 879 1567 carnifex
907 1494 1003 1567 foeda
1026 1495 1220 1587 1616616666
1239 1494 1419 1587 iugulans,
1448 1496 1572 1569 Peram
1593 1497 1755 1585 subinde,
1783 1499 1936 1570 illustre

385 1638 403 1692 6
429 1616 570 1710 regione
596 1616 694 1689 urbis
722 1615 939 1708 conquisitae
968 1615 1074 1688 situm
1103 1617 1284 1709 oppidum,
1320 1617 1621 1708 opulentissimam
1651 1620 1840 1691 61616166
1871 1619 1937 1691 Ia-

384 1737 569 1812 66666166
584 1735 615 1828 ²)
643 1737 830 1826 coloniam,
869 1741 986 1810 tantae
1013 1738 1111 1811 urbis
1139 1738 1250 1826 clade,
1288 1742 1359 1810 tam
1387 1738 1576 1830 improuisa
1608 1741 1821 1828 calamitate,
1853 1745 1938 1812 tarn

385 1859 501 1932 vicino
530 1859 682 1946 excidio,
711 1857 870 1931 territam
899 1866 933 1932 et
961 1859 1145 1947 deiectam,
1173 1881 1235 1951 per
1261 1859 1473 1934 deditionem
1502 1865 1557 1952 (ut
1584 1861 1842 1951 praemisimus)
1872 1881 1939 1932 66-

386 1980 489 2073 cepit.
518 1980 605 2053 Eius
633 1981 836 2052 demollitus
864 1980 1117 2072 pulcherrimos
1144 2001 1278 2068 muros,
1308 1981 1438 2072 templa
1457 1981 1617 2072 spoliari,
1647 1987 1767 2054 sancto
1785 1982 1938 2066 uiolari,

384 2102 558 2196 reliquum
587 2106 747 2174 ornatum
774 2101 911 2174 civitati
940 2101 1062 2191 adimi,
1091 2103 1185 2176 cives
1209 2102 1366 2194 alioquin
1386 2108 1474 2175 tetre
1494 2108 1529 2175 61
1548 2102 1690 2196 indigne
1709 2103 1829 2176 vexari
1849 2125 1939 2194 per-

385 2223 498 2298 misit:
532 2221 659 2315 6611166
692 2223 736 2294 ad
768 2223 857 2296 hano
889 2223 997 2311 diem,
1032 2224 1119 2316 proh
1147 2225 1276 2297 soclus!
1307 2223 1467 2315 nequiter
1494 2230 1529 2297 et
1556 2225 1687 2298 nefaria
1715 2225 1941 2298 dominatur.

384 2345 629 2419 Audiebantur
655 2343 795 2418 assidue
823 2350 856 2418 et
884 2345 1102 2418 sermonibus
1130 2345 1235 2419 tritae
1258 2345 1420 2438 querelae
1438 2344 1480 2419 de
1499 2350 1570 2418 tam
1589 2367 1712 2438 aspera
1731 2351 1765 2418 61
1782 2345 1943 2418 immani

384 2466 609 2540 barbarorum
642 2465 866 2552 crudelitate,
900 2466 936 2538 16
964 2467 1067 2540 66616
1094 2488 1133 2540 66
1161 2467 1329 2560 sanguino
1357 2466 1514 2540 fidolium
1546 2467 1771 2557 debacchata,
1800 2489 1820 2540 a
1849 2467 1941 2560 661-

384 2589 531 2661 busdam
551 2593 713 2680 suscepta
731 2587 923 2680 augebatur
941 2588 1056 2661 verbis
1076 2588 1272 2676 calamitas,
1303 2590 1489 2680 futuraque
1511 2588 1634 2680 populi
1653 2589 1821 2662 christani
1841 2589 1943 2662 omi·

384 2711 560 2784 nubantur
590 2709 757 2802 pericula.
793 2709 1017 2802 Singulorum
1050 2711 1135 2782 haec
1162 2715 1236 2783 6161
1263 2709 1453 2783 sententia:
1486 2711 1621 2782 nullam
1647 2710 1822 2802 prioribus
1852 2731 1942 2783 sae·

385 2831 491 2921 culis,
524 2853 637 2924 neque
669 2831 951 2924 perniciosiorem
978 2831 1056 2904 urbi
1084 2831 1190 2904 alicui
1219 2831 1460 2923 captivitatem
1492 2831 1671 2904 accidisse.
1706 2831 1814 2903 Erant
1842 2852 1942 2903 non-

385 2953 493 3044 nulli,
515 2953 576 3047 qui
595 2953 662 3026 etsi
683 2958 799 3025 166166
817 2953 914 3026 urbis
932 2953 1035 3024 ruina
1059 2953 1101 3025 ad
1121 2953 1456 3026 commiserationem
1474 2957 1710 3025 moverentur:
1731 2951 1885 3026 Graecos
1905 2950 1943 3042 8)

384 3079 515 3164 tamon,
553 3080 694 3176 propter
722 3095 839 3148 eorum
871 3077 1031 3146 naturam
1046 3074 1089 3163 4),
1127 3073 1296 3164 6116165),
1334 3073 1529 3167 perfidiam,
1568 3072 1752 3160 desidiam,
1790 3073 1942 3158 luxum,

385 3197 587 3285 avaritiam,
617 3196 710 3269 omni
739 3195 912 3288 supplicio
940 3195 1142 3269 iudicabant
1169 3196 1307 3288 dignos,
1342 3195 1433 3289 quod
1466 3194 1725 3268 Catholicorum
1753 3193 1943 3266 exercitus

388 3317 431 3390 ad
457 3318 731 3411 recuperandum
765 3319 903 3391 Terram
938 3317 1100 3390 Sanctam
1131 3317 1406 3409 proficiscentes,
1440 3317 1534 3389 calce
1561 3315 1598 3387 16
1626 3315 1773 3388 farinam
1799 3315 1941 3403 mixta,

386 3439 653 3533 extinguebant,
688 3439 779 3532 quod
811 3439 886 3512 vice
918 3438 988 3510 iam
1016 3439 1190 3530 frequenti
1205 3438 1236 3528 6)
1270 3437 1351 3512 fidei
1379 3437 1570 3510 catholicae
1596 3435 1863 3528 professionem,
1900 3437 1944 3508 in

385 3561 605 3654 generalibus
633 3560 804 3634 Conciliis'
829 3560 1021 3634 solenniter
1040 3561 1182 3649 factam,
1211 3559 1350 3632 Latinis
1369 3559 1549 3631 illudendo
1569 3557 1804 3649 abnegabant,
1835 3557 1945 3649 quod

385 3683 423 3755 in
450 3683 607 3774 praelata
632 3683 717 3755 urba
745 3681 1130 3772 Constantinopolitana
1157 3680 1299 3773 publica
1331 3681 1556 3772 epheborum,
1590 3677 1784 3751 cuiusmodi
1812 3679 1944 3750 666166

385 3804 423 3878 16
449 3805 595 3878 66616116
612 3805 641 3894 7)
669 3803 814 3878 urbibus
841 3803 921 3896 igue
949 3802 1127 3895 expiatur,
1156 3801 1410 3876 constituerant
1437 3799 1635 3893 lupanaria:
1664 3799 1707 3872 ob
1737 3819 1829 3891 quae
1848 3819 1945 3872 cun·

386 3929 458 3998 stat
493 3925 714 4018 Pentapolim
751 3927 884 3998 sulfure
916 3929 950 3998 61
978 3925 1058 4018 igno
1085 3923 1226 3998 coelesti
1262 3923 1485 4016 dispersisse,
1524 3926 1558 3995 et
1585 3923 1621 3994 in
1646 3920 1783 3994 steriles
1801 3941 1844 3993 ac
1864 3923 1944 3994 oli-

386 4047 448 4120 das
475 4047 586 4119 undas
616 4048 791 4120 redactam
823 4067 909 4120 esse.
942 4047 1159 4138 inquorum
1192 4045 1391 4138 pectoribus
1424 4049 1523 4117 tanta
1554 4041 1753 4116 invaluerat
1785 4040 1945 4134 ignaria

385 4172 489 4260 61666
516 4167 680 4256 avaritia,
714 4173 754 4240 ut
780 4189 894 4261 66666
920 4167 1103 4240 minimum
1135 4167 1275 4260 quidem
1308 4187 1351 4240 cx
1378 4187 1477 4254 auro,
1516 4169 1743 4258 argentoque,
1772 4184 1842 4255 quo
1875 4164 1947 4236 ab·

385 4289 578 4378 undabant,
612 4289 776 4363 volebant
807 4289 1004 4383 impendere
1032 4289 1075 4360 ad
1103 4310 1186 4362 snae
1217 4287 1315 4361 urbis
1342 4289 1508 4376 tutelam,
1543 4290 1583 4359 ut
1609 4286 1772 4378 praedam
1804 4285 1948 4358 Turcis

386 4411 640 4503 opulentiorem
667 4411 917 4504 relinquerent.

493 4705 516 4787 ¹)
538 4707 698 4768 innumeris
723 4701 798 4768 Ood.
822 4701 888 4767 Lis.
913 4703 937 4778 π)
961 4705 1159 4766 (tennensium
1182 4699 1245 4768 Ed.
1271 4699 1359 4785 Lips.
1384 4701 1410 4784 8)
1433 4720 1543 4778 aequos
1567 4695 1643 4764 Coc.
1667 4696 1774 4761 Przcz.
1801 4695 1829 4776 ⁴)
1845 4705 1947 4760 natu-

387 4831 463 4890 ram,
493 4829 589 4872 mores
620 4807 683 4876 Ed.
707 4807 797 4894 Lipc.
829 4809 951 4889 1)61116
975 4803 1050 4872 Cod.
1074 4805 1140 4868 ab.
1172 4805 1198 4888 ⁶)
1223 4809 1272 4883 661
1303 4809 1416 4883 6116661
1437 4807 1495 4866 iam
1518 4807 1634 4866 vicibus
1658 4799 1734 4866 Ood.
1759 4799 1827 4864 Lis.
1853 4800 1887 4880 τ)
1914 4805 1948 4862 16

387 4917 474 4977 161116
496 4911 560 4978 Ed.
584 4913 673 4999 Lapa.
