4152 6270
345 503 419 574 112
858 519 971 572 muna
997 516 1242 570 uuouncmrus
1269 495 1382 587 (xm).
1616 489 1683 590 (Α.
1702 488 1748 564 D.
1763 485 1905 585 1452.)

345 707 437 781 nalis
466 711 501 780 et
527 705 771 778 Palatinarum
798 701 1025 776 sententiam:
1063 723 1163 775 nemo
1191 705 1309 774 tamen
1335 719 1397 792 per
1425 699 1554 771 claram
1572 717 1693 771 vocem
1712 697 1821 769 animi
1842 695 1906 767 sui

235 847 236 852 ’
344 827 575 902 intentionem
595 825 787 918 expressit;
815 823 926 896 tantis
945 829 1062 897 tamen
1089 829 1125 896 et
1143 823 1171 911 1)
1199 821 1348 914 privatis
1368 819 1586 892 sermonibus
1606 817 1795 910 Sbignenm
1815 816 1903 888 Gar-

345 948 515 1036 dinalem,
544 948 644 1020 velut
670 945 786 1018 virum
814 945 986 1036 optimum
1019 942 1304 1029 commendando,
1339 942 1539 1014 coelotenus
1572 938 1775 1026 efferebant,
1804 937 1904 1009 ordi-

345 1067 522 1142 nationem
559 1065 733 1139 Kauimiri
769 1065 894 1157 Regis,
933 1064 1058 1155 suique
1085 1063 1284 1156 regiminis,
1323 1061 1480 1134 modesta
1507 1065 1542 1132 et
1569 1061 1716 1150 vulgata
1742 1056 1905 1130 admoni-

346 1189 441 1262 tione
469 1188 713 1280 corrigentem.

366 1547 454 1636 ltaga
476 1545 636 1616 kazimiro
659 1542 831 1614 dracoviaa
854 1541 1038 1630 lagationes
1062 1541 1218 1610 externas
1241 1537 1410 1622 audiente,
1433 1535 1580 1606 thanen
1603 1537 1710 1606 terras
1732 1533 1887 1604 l’oduliaa
1949 1539 1951 1542 ’

946 1659 1145 1750 praedantur
1166 1659 1305 1748 inpane.

455 1915 631 1987 Venerunt
658 1912 702 1984 ad
728 1911 948 1984 Kazimirum
977 1910 1110 2000 Regem
1125 1905 1157 1993 2)
1185 1906 1385 1979 Oracoviam
1412 1906 1530 1995 plures
1558 1904 1674 1976 Duces
1692 1902 1911 1994 inpropriis

351 2035 527 2128 personis,
557 2036 726 2107 venerant
753 2031 902 2103 aliorum
930 2032 1065 2102 Ducum
1094 2033 1129 2102 et
1148 2025 1496 2100 Wratislaviensium
1524 2024 1655 2096 ciuium
1679 2023 1811 2112 nuntii,
1844 2044 1910 2114 pe·

352 2157 543 2246 tabantque
571 2174 689 2228 omnes
718 2151 944 2224 audientiam.
973 2151 1051 2222 Rex
1079 2149 1147 2222 etsi
1173 2147 1375 2240 petentibus
1400 2145 1614 2218 audientiam
1632 2145 1784 2218 libenter
1801 2164 1910 2234 prae-

353 2275 522 2348 stitisset:
552 2273 628 2346 sine
654 2269 828 2345 Praelatis
857 2274 973 2342 tamen
1002 2275 1037 2342 et
1063 2268 1252 2341 baronibus
1280 2267 1381 2340 illam
1409 2267 1521 2339 facere
1549 2265 1692 2339 videbat
1719 2266 1912 2338 dedecoro·
1945 2311 1950 2317 -

354 2417 433 2468 sum
448 2393 491 2484 ³).
530 2393 657 2466 Omnes
694 2391 868 2484 siquidem
904 2391 1051 2462 barones
1083 2388 1236 2480 partium
1264 2387 1546 2460 cracoviensium
1578 2386 1766 2458 consilium
1793 2385 1914 2476 Regis

354 2517 515 2590 exibent:
544 2518 731 2607 postquam
758 2511 925 2584 videbant
953 2510 1171 2582 Oardiualem
1195 2513 1230 2581 et
1248 2508 1447 2595 Palatinos,
1479 2505 1740 2579 cracoviensem
1760 2511 1794 2579 et
1816 2507 1912 2578 San-

355 2636 618 2723 domiriensom,
648 2653 685 2706 so
713 2632 861 2705 consilio
890 2631 1081 2704 abdicasse.
1110 2629 1172 2701 Fit
1199 2629 1242 2702 ob
1270 2629 1336 2701 hoo
1363 2627 1486 2700 multis
1518 2627 1641 2700 diebus
1669 2628 1706 2700 in
1735 2627 1914 2700 ecclesiae

356 2754 597 2830 cracoviensis
626 2752 814 2846 capitulari
847 2751 1067 2838 deliberatio,
1096 2750 1134 2822 in
1162 2770 1231 2840 qua
1259 2749 1331 2820 fero
1360 2769 1496 2837 omnes,
1527 2749 1711 2820 recensitis
1739 2748 1913 2838 hisquae

358 2878 572 2970 agebantur,
601 2873 685 2946 altis
713 2872 876 2964 suspiriis
896 2877 931 2944 et
949 2871 1119 2959 lacrimis,
1149 2869 1249 2960 quasi
1276 2869 1346 2940 ium
1374 2870 1415 2941 de
1438 2869 1636 2960 republica
1663 2873 1913 2956 commosset,

356 2997 596 3089 deplorabant.
626 2994 793 3085 Captatur
820 2991 998 3064 unanimis
1025 2991 1110 3063 haec
1137 2989 1330 3061 conclusio:
1360 2989 1476 3061 omnia
1503 2990 1545 3060 ad
1565 2988 1829 3062 conventionem
1851 2988 1913 3060 Si·

356 3118 568 3204 nebiensem,
606 3135 668 3206 pro
697 3115 785 3186 festo
813 3111 934 3184 Sancti
966 3108 1226 3183 Bartholomaei
1259 3110 1459 3197 tenendam,
1497 3108 1641 3183 differri.
1680 3111 1730 3182 Do
1757 3110 1916 3182 ecclesia

358 3239 531 3311 duntaxat
549 3234 792 3308 Premisliensi
810 3233 1010 3306 reformatio
1037 3233 1197 3324 petenda,
1226 3251 1270 3303 ne
1297 3233 1373 3303 Rex
1389 3232 1420 3320 4)
1449 3230 1720 3303 nominationem
1744 3231 1915 3318 Miklasz,

357 3361 558 3451 vergentem
586 3355 623 3428 in
650 3354 841 3427 notabilem
861 3353 1027 3426 offensam
1046 3351 1176 3424 iurium
1195 3351 1325 3443 Regni,
1356 3355 1604 3442 prosequatur,
1632 3357 1696 3423 aut
1714 3351 1830 3424 litoris
1850 3353 1919 3424 vel

358 3479 495 3552 nuntiis
526 3479 744 3569 promoveat,
781 3495 961 3566 quousque
978 3472 1008 3563 5)
1040 3473 1077 3545 in
1105 3473 1370 3546 conventionem
1402 3471 1637 3544 Siradiensem
1664 3471 1844 3560 veniatur,
1874 3477 1919 3544 et

360 3598 514 3672 omnium
541 3616 713 3670 consensu
740 3595 870 3666 vulnus
898 3593 1099 3666 huiusmodi
1126 3593 1185 3665 vol
1213 3591 1346 3684 suscipi
1373 3595 1493 3683 posset
1520 3593 1578 3664 vel
1604 3591 1772 3678 rescindi,
1800 3597 1838 3663 et
1866 3593 1917 3664 de

359 3721 424 3791 hoe
457 3716 678 3790 consiliarios
705 3715 821 3787 literis
848 3713 1052 3806 patentibus
1073 3713 1252 3786 certificet.
1283 3712 1380 3804 Quod
1400 3712 1431 3783 si
1450 3712 1528 3784 Rex
1544 3713 1575 3801 6)
1603 3711 1786 3784 admittere
1804 3713 1916 3783 nolu-

360 3838 444 3927 erit,
485 3858 604 3909 omnes
632 3858 669 3908 so
696 3835 843 3908 consilio
882 3857 943 3906 suo
978 3833 1150 3907 abdicent.
1180 3833 1394 3925 Proponitur
1419 3853 1476 3906 res
1503 3853 1566 3923 per
1593 3853 1759 3923 organum
1778 3833 1917 3904 Iohan-

360 3959 417 4032 nis
445 3959 487 4030 de
515 3957 664 4031 Camacas
697 3955 880 4030 castellani
909 3960 943 4028 ot
970 3954 1144 4046 capitanei
1176 3953 1428 4027 cracoviensis.
1461 3953 1539 4024 Rex
1556 3954 1598 4042 ⁷),
1625 3953 1788 4044 pluribus
1821 3953 1920 4024 deli—

359 4079 602 4152 berationibus
633 4077 782 4165 habitis,
816 4080 916 4167 paret
947 4073 1167 4162 necessitati,
1201 4078 1236 4146 et
1262 4095 1325 4165 por
1356 4073 1496 4145 literam
1528 4077 1705 4162 patentem
1732 4074 1922 4164 promittit

361 4323 454 4408 acta,
492 4324 528 4391 et
560 4317 596 4390 in
623 4317 702 4408 ipsa
715 4315 748 4405 ⁸)
777 4315 975 4388 differentia
1011 4315 1138 4387 decisa.
1177 4315 1273 4385 Tunc
1300 4315 1438 4386 demum
1475 4313 1669 4404 legationes
1706 4315 1922 4405 Principum

363 4444 399 4510 et
423 4438 587 4511 civitates
602 4437 634 4526 9)
662 4437 803 4509 auditae
822 4441 920 4524 sunt,
946 4440 980 4508 et
998 4435 1188 4527 unicuique
1207 4455 1398 4527 congruum
1416 4453 1622 4524 responsum
1641 4435 1784 4506 factuam.
1812 4435 1920 4506 llan-

364 4558 412 4630 ait
440 4563 556 4632 autom
583 4557 787 4630 Kaaimirus
815 4557 892 4630 Rex
920 4555 1103 4628 Oraooviae
1130 4577 1199 4627 uno
1226 4576 1344 4627 manse
1372 4553 1602 4644 etamplius,
1631 4554 1773 4647 nogotia
1796 4555 1922 4648 Regni

363 4678 622 4770 pertractando:
652 4699 719 4771 quo
747 4678 823 4750 illic
851 4683 982 4766 stante,
1013 4677 1174 4750 Thartari
1202 4676 1288 4750 feria
1316 4675 1439 4768 quinta
1466 4681 1546 4746 ante
1566 4676 1694 4747 festum
1714 4675 1836 4748 Sancti
1856 4677 1919 4748 Io-

364 4799 491 4872 hannis
520 4798 720 4890 Baptistae,
750 4803 861 4871 terras
889 4798 1055 4870 Podoliae
1081 4797 1261 4870 hostiliter
1279 4797 1468 4884 intrantes,
1497 4797 1610 4868 multa
1633 4798 1760 4869 damna
1779 4797 1921 4869 faciunt

364 4919 403 4992 in
430 4918 602 4992 occisione
629 4918 752 5010 populi
775 4918 976 5008 christiani,
1005 4919 1189 4991 cremando
1208 4919 1326 4989 villas.
1356 4917 1547 4990 Castellum
1571 4938 1709 5009 quoquo
1727 4917 1813 4991 Row
1832 4939 1918 4989 con-

475 5209 497 5290 ¹)
519 5211 648 5270 'Pontum
670 5207 733 5270 Ed.
760 5206 854 5291 Lips.
885 5206 910 5288 2)
931 5208 1042 5284 Regem
1072 5209 1213 5269 Poloniaa
1242 5205 1305 5270 Ed.
1329 5205 1420 5290 Lips.
1451 5207 1479 5287 3)
1502 5208 1712 5269 dedecorosum
1743 5227 1820 5270 esse.
1850 5205 1919 5271 Ed.

367 5312 458 5397 Lupa.
490 5311 516 5392 ⁴)
540 5313 702 5374 (iasimirus
723 5314 787 5373 Rex
808 5307 872 5372 Ed.
897 5307 988 5393 Lc'ps.
1021 5309 1046 5390 5)
1069 5312 1163 5372 donee
1185 5309 1248 5373 Ed.
1272 5309 1363 5393 Lipa.
1395 5309 1421 5390 ⁶)
1445 5312 1606 5372 Casimirus
1634 5312 1699 5374 Rex
1728 5309 1792 5374 Ed.
1824 5309 1918 5396 Lupa.

370 5415 395 5497 7)
419 5416 581 5484 casimirus
603 5415 667 5476 Rex
689 5406 752 5478 Ed.
776 5411 868 5498 Lapa.
893 5412 919 5494 8)
943 5413 1008 5489 Qua
1030 5414 1149 5490 quidem
1171 5411 1233 5478 Ed.
1256 5411 1346 5496 Dipo.
1372 5411 1398 5495 ⁹)
1422 5415 1580 5478 civitatum
1602 5412 1665 5476 Ed.
1689 5411 1781 5500 Dipo.
