4052 6286
92 567 164 670 (Α.
181 565 229 644 D.
248 563 376 667 1408.)
609 586 723 640 amna
748 581 994 640 nuonnomus
1021 566 1136 658 (xm).
1571 558 1642 634 501

93 777 195 873 ginm
219 773 489 870 praediaabatur
506 773 547 865 ¹),
580 771 779 849 uoluntaria
810 771 1062 866 assumpsisse,
1097 776 1133 848 at
1159 771 1360 867 propediem
1386 771 1425 847 in
1438 767 1649 846 'subsidium

92 898 298 974 Pannoniae
329 896 420 990 Regi
438 894 470 987 ²)
503 899 688 970 uenturam
720 895 803 969 fora.
842 895 1061 969 Zdenkonem
1098 893 1358 988 Konopuiarlri,
1397 891 1649 968 eatbolieorum

93 1021 331 1096 Bobemorum
357 1017 602 1111 capitaneum,
630 1035 710 1090 aum
734 1016 882 1092 eaeteris
901 1015 1100 1092 Bobemiois
1118 1015 1308 1092 baronibus
1327 1021 1363 1091 et
1381 1013 1561 1110 suffragiis
1578 1011 1649 1088 iam

95 1143 136 1216 in
154 1139 312 1217 exeruitu
330 1138 438 1234 Regis
457 1136 661 1232 Hungariae
688 1136 894 1226 consistere,
923 1157 1027 1230 quem
1044 1137 1254 1227 multifarie,
1281 1159 1351 1212 non
1369 1134 1573 1212 exereitatis
1592 1155 1647 1210 so·

95 1265 174 1338 lum
199 1260 381 1357 gentibus,
409 1279 531 1333 rarum
559 1263 595 1332 et
620 1257 836 1348 bombardis,
866 1259 1135 1352 tormentisque,
1170 1258 1287 1352 equis,
1315 1257 1440 1348 armis,
1469 1255 1650 1352 quadrigis

100 1389 139 1459 et
164 1381 290 1477 peritis
322 1379 489 1470 duribus,
519 1379 712 1456 dedueebat
738 1379 903 1453 iuloitum
929 1400 1021 1470 esse,
1052 1401 1092 1454 ao
1119 1379 1272 1454 maxime
1290 1379 1496 1473 flagrantem
1514 1376 1649 1452 deside·

57 1503 61 1510 *
96 1505 170 1596 rio,
198 1509 239 1577 ut
266 1502 336 1577 sibi
362 1501 505 1576 dmatur
532 1500 777 1594 opportunitas
804 1521 884 1574 oum
910 1499 1060 1595 Georgia
1087 1500 1310 1576 decernendi:
1339 1521 1466 1596 rogans
1484 1496 1651 1573 obnixius

98 1625 268 1701 Poloniae
294 1624 426 1716 Regem
441 1620 485 1713 ³),
512 1625 554 1695 nt
581 1621 676 1695 omui
703 1620 925 1696 annotatione
952 1621 1098 1712 omissa,
1127 1643 1205 1698 oum
1225 1623 1300 1696 suis
1318 1619 1488 1716 potentiis
1508 1639 1650 1695 aeneor-

98 1751 214 1843 garet,
243 1749 278 1820 et
304 1745 466 1838 Regnum
494 1742 699 1832 Bobeniaa,
728 1742 798 1818 sibi
816 1747 851 1818 et
869 1741 944 1817 suis
962 1743 1048 1818 filiis
1068 1744 1241 1834 oblatum,
1268 1765 1308 1819 ae
1326 1741 1559 1818 haereditario
1577 1740 1653 1818 iure

100 1867 172 1942 sibi
198 1865 373 1954 debitum,
401 1885 423 1937 a
449 1863 635 1956 tyrannide
661 1862 878 1954 Giruiluonis,
908 1863 1044 1939 Summi
1067 1864 1250 1939 Pontificio
1273 1869 1309 1938 et
1327 1868 1381 1938 tot
1399 1861 1651 1938 eatbolieorum

101 1991 241 2083 Regum
260 1991 295 2061 et
312 1984 519 2079 Prineipum
550 1985 661 2059 fretus
693 1985 832 2059 solatiis
847 1985 891 2076 ⁴),
926 1985 1094 2076 solueret,
1128 1993 1164 2061 et
1190 1987 1228 2060 in
1255 1984 1514 2060 catholioorum
1546 1983 1653 2058 ritum

101 2109 320 2185 vendicaret:
349 2111 465 2184 eertus
493 2106 663 2180 Matbiam
690 2107 894 2203 Hungariae
920 2109 1052 2203 Regem
1080 2107 1118 2182 in
1145 2130 1248 2182 suum
1276 2111 1311 2182 et
1337 2105 1491 2180 filiorum
1511 2125 1652 2180 snorum
1716 2187 1718 2190 ,

101 2233 274 2320 favorem,
302 2250 371 2322 quo
399 2227 548 2302 aelerius
576 2227 764 2304 Bohamiae
791 2228 952 2323 Regnum
970 2228 1047 2303 illis
1066 2229 1225 2318 aeeedat,
1244 2249 1341 2303 arma
1358 2226 1535 2316 induisse;
1563 2226 1653 2300 mul·

102 2351 219 2444 tiplex
249 2349 473 2443 dispendium
505 2353 542 2422 et
572 2348 723 2423 dedeeus
755 2348 793 2422 in
825 2369 863 2424 se
895 2354 930 2424 et
961 2349 1048 2424 liliis
1080 2350 1302 2440 incursurus,
1336 2348 1369 2423 si
1395 2367 1458 2442 per
1484 2346 1655 2423 desidiam

103 2474 272 2547 thronum
307 2469 423 2563 Regni
449 2469 654 2558 Bobeniaa,
687 2469 798 2543 ulium
824 2470 1038 2563 prehendere
1069 2471 1280 2565 permiserit.
1316 2468 1504 2546 Seeretiori
1530 2467 1656 2543 deinde

102 2590 301 2681 audientia,
330 2591 374 2664 ad
402 2611 506 2683 quam
532 2611 602 2663 non
628 2589 699 2664 nisi
718 2590 873 2684 quinqua
890 2591 1085 2666 eonsiliarii
1104 2591 1256 2666 adhibiti
1284 2595 1396 2682 luere,
1424 2589 1552 2684 petita,
1582 2589 1655 2664 lla·

103 2712 219 2786 thiam
244 2711 448 2805 Hungariaa
475 2709 606 2804 Regem
632 2710 675 2786 de
702 2711 864 2803 pluribus
892 2711 1086 2786 virtutibus
1114 2734 1240 2807 magna
1262 2713 1367 2788 lande
1386 2711 1547 2800 efferens,
1576 2730 1656 2786 sua·

102 2833 212 2907 debat
237 2830 463 2924 persuasione
490 2831 698 2924 multiplici,
717 2836 759 2904 ut
776 2832 979 2907 Kauimirns
996 2833 1074 2907 Rex
1089 2832 1133 2924 5),
1161 2834 1244 2908 data
1261 2833 1295 2908 ei
1312 2833 1388 2908 lilia
1405 2831 1542 2908 saniore
1560 2829 1655 2906 Hed-

103 2952 198 3047 uigi,
225 2951 300 3025 filio
327 2971 409 3026 uara
436 2951 609 3026 Rriderioi
637 2951 872 3026 Romanorum
899 2953 1128 3046 Imperatoris
1151 2953 1410 3044 Maximilianu
1439 2951 1576 3026 iuniore
1594 2950 1657 3026 So·

103 3073 208 3168 phia,
241 3072 279 3146 in
306 3077 501 3163 oonsortes,
536 3072 745 3148 affinitatem
776 3073 951 3168 insignem
979 3078 1015 3150 et
1041 3074 1175 3169 Regnis
1206 3075 1332 3150 utilem
1363 3078 1399 3148 et
1424 3071 1657 3149 neeessariam

102 3216 188 3269 eum
213 3197 379 3286 utroque,
409 3194 471 3287 qui
498 3193 723 3270 strietissimo
752 3193 888 3269 foedera
916 3195 985 3270 sibi
1002 3195 1154 3270 invitem
1172 3195 1333 3290 colligati
1352 3199 1451 3284 sunt,
1480 3193 1658 3288 iungeret:

102 3336 234 3409 magno
261 3319 358 3390 metu
379 3319 569 3407 utrumque
594 3313 827 3406 liberaturus,
855 3336 935 3390 eum
961 3319 1111 3410 uterque
1137 3337 1178 3391 ea
1201 3316 1420 3392 destineatur
1446 3313 1659 3408 suspitione,

102 3457 154 3511 ne
171 3435 338 3510 Poloniae
355 3435 450 3526 Rex,
479 3435 668 3510 Bobemiae
685 3435 847 3530 Regnum
865 3437 1030 3529 adeptus,
1049 3459 1159 3512 unum
1178 3459 1222 3513 ex
1239 3436 1439 3527 Pannonia,
1459 3437 1612 3510 alterurn
1626 3434 1659 3526 0)

103 3579 155 3633 ex
182 3556 343 3646 dustria,
372 3557 448 3631 iure
475 3556 630 3630 filiorum
657 3557 813 3631 naturali
839 3557 1013 3632 deturbet.
1047 3558 1255 3634 Assumeret
1284 3558 1430 3653 proinde
1456 3555 1660 3631 Karimirus

103 3677 278 3753 Poloniae
304 3677 382 3752 Rex
410 3698 450 3751 aa
477 3677 657 3751 meliorem
683 3678 841 3769 duraret,
870 3683 1001 3754 eertum
1027 3700 1090 3772 par
1115 3678 1208 3754 filias
1235 3679 1273 3754 in
1300 3677 1505 3773 Hunguriae
1531 3684 1567 3752 et
1585 3677 1660 3750 Au·

104 3799 220 3874 striae
246 3799 368 3893 Regna
383 3797 426 3888 7),
455 3819 559 3890 quam
587 3802 763 3891 speratam
789 3820 853 3891 per
878 3798 971 3873 filios
999 3799 1270 3890 sueoassionem,
1302 3821 1366 3876 nea
1392 3798 1506 3894 pluris
1532 3797 1661 3892 penda·

103 3927 181 4010 ret,
210 3919 429 3993 haereditare
456 3917 549 3992 filios
577 3939 681 4012 qnam
708 3919 818 3994 filias:
846 3940 955 4013 aequa
983 3941 1028 3994 ax
1054 3919 1197 3996 filiabus
1224 3920 1327 3996 iuxta
1344 3919 1488 3996 nubliis
1515 3922 1661 4012 nepotas

103 4043 150 4116 in
177 4039 350 4134 Dominiis
376 4037 566 4132 praedietis
592 4038 796 4131 habiturus,
825 4039 1094 4135 insignibusque
1120 4040 1214 4117 filiae
1232 4042 1412 4117 leuaturus
1439 4038 1543 4130 uiris,
1572 4060 1662 4134 quae

105 4163 159 4236 ad
184 4161 273 4235 alios
299 4159 531 4234 nihilominus
563 4159 778 4237 transiturae
810 4166 911 4253 sunt,
945 4168 980 4238 ot
1007 4163 1197 4253 inuentum,
1225 4184 1270 4236 an
1297 4163 1342 4238 ad
1367 4182 1477 4254 aequo
1503 4160 1663 4255 insignes

105 4281 219 4356 viros.
247 4280 424 4374 Gogitaret
450 4280 610 4373 iusuper,
639 4302 709 4356 non
736 4281 839 4357 iaoile
866 4304 904 4358 se
930 4283 1100 4358 blatbiam
1127 4304 1172 4358 ex
1200 4281 1417 4372 Pannoniae,
1450 4302 1514 4358 nea
1539 4279 1663 4356 Rride·

105 4402 225 4476 rianm
252 4422 297 4475 ex
325 4401 492 4476 Austriae
518 4403 756 4496 possessione,
784 4403 822 4476 in
849 4403 978 4496 quibus
1009 4410 1157 4498 uterque
1188 4425 1314 4499 magna
1345 4425 1383 4478 se
1411 4401 1579 4477 solidavit
1605 4403 1664 4476 fir·
1765 4411 1767 4416 '

106 4521 253 4610 mitate,
281 4523 537 4612 detraeturum;
570 4523 631 4599 sed
663 4523 770 4598 sobet
800 4527 988 4618 utrumque
1020 4525 1170 4599 aliorum
1202 4524 1445 4618 quaesiturum
1472 4522 1665 4598 affinitates

108 4648 152 4719 et
180 4641 306 4716 solatia
319 4641 363 4734 ⁸),
392 4642 521 4736 quibus
548 4643 779 4734 aetatiores,
809 4645 840 4718 si
867 4665 937 4738 qua
962 4646 1018 4719 uis
1045 4645 1234 4741 ingruerit,
1263 4645 1432 4735 effleiant,
1461 4645 1493 4720 si
1511 4664 1549 4718 se
1568 4664 1663 4738 spre-

109 4771 193 4840 tum
219 4763 264 4838 iri
283 4763 509 4839 adverterint.
537 4763 692 4840 Foedere
709 4764 845 4858 potins,
865 4787 970 4859 quam
988 4766 1111 4857 armis,
1139 4788 1213 4842 ram
1229 4767 1415 4862 gerendum
1433 4765 1664 4859 persuadens:

109 4885 236 4980 plures
255 4886 406 4974 fruetus,
436 4885 549 4958 omnis
567 4885 778 4960 hostilitatis
806 4886 1006 4980 suspitione
1034 4889 1193 4978 exelusa,
1220 4888 1441 4962 habiturum:
1469 4908 1549 4962 oum
1570 4889 1667 4962 utar·

110 5027 186 5100 que
211 5006 348 5100 Regum
374 5025 437 5098 per
463 5005 584 5080 foedus
611 5026 734 5082 aauera
761 5011 948 5082 ponuntur
975 5008 1040 5100 sit,
1072 5014 1114 5083 ut
1139 5009 1238 5102 prole
1268 5029 1387 5084 eorum
1413 5029 1484 5083 uon
1510 5010 1667 5097 extante,

226 5299 249 5381 ¹)
271 5301 490 5380 praetioabatur
511 5297 576 5367 Ed.
598 5297 691 5384 Lipr.
722 5297 942 5383 ⁹)Pannonioo
970 5300 1047 5381 Regi
1077 5300 1208 5366 Matlriae
1234 5299 1298 5366 Ed.
1321 5299 1413 5388 Lipr.
1444 5299 1472 5384 ¹)
1494 5301 1669 5368 Ominum

111 5407 231 5484 Regem
251 5402 315 5468 Ed.
338 5401 429 5491 Dipo.
461 5401 488 5486 ⁴)
516 5405 635 5468 auxiliis
667 5401 729 5468 Ed.
762 5403 853 5490 Lapa.
886 5403 912 5486 ⁵)
941 5405 1083 5470 Poloniaa
1111 5407 1175 5471 Rex
1198 5403 1261 5472 Ru
1286 5404 1377 5492 Lipr.
1401 5403 1428 5487 ⁴)
1450 5407 1575 5470 alterurn
1596 5425 1668 5471 roro

112 5505 183 5573 Ed.
208 5505 297 5593 Lipr.
322 5507 349 5582 'l
370 5511 401 5571 in
423 5509 595 5589 ilungariaa
615 5509 751 5590 Regnum
773 5515 803 5573 at
822 5510 973 5575 bustulam
994 5507 1059 5576 Ed
1081 5507 1173 5596 Ls’pr.
1197 5507 1224 5592 ⁸)
1247 5511 1359 5576 auxilia
1379 5506 1444 5574 Ed
1466 5506 1561 5596 Lupa.
