4152 6270
91 562 155 664 (Α
174 563 220 640 Ι).
243 565 370 667 lubi.)
597 595 709 649 nunus
734 598 979 654 noooronurs
1002 584 1115 674 (xum).
1544 587 1616 662 123

86 889 252 965 miluom
267 909 323 982 per
337 894 515 985 humor,
538 898 692 971 bien
715 902 951 989 attrebates,
975 921 994 976 e
1016 903 1388 996 musulaniorum
1404 909 1614 1002 nquam

258 1016 429 1113 ropetitur,
452 1035 490 1092 oe
512 1021 642 1093 tantem
664 1023 747 1095 bello
769 1026 992 1114 extorquetur,
1015 1024 1085 1098 soie
1107 1025 1253 1098 osouru
1276 1031 1440 1118 superate.

185 1271 229 1344 In
256 1271 369 1344 reditu
388 1272 416 1360 ¹)
443 1293 544 1366 saepe
570 1273 755 1348 bolislaus
782 1275 859 1349 Rex
887 1275 1003 1368 lugam
1036 1275 1178 1350 moIItus
1212 1279 1281 1364 est,
1315 1277 1460 1350 oonsilio
1491 1279 1615 1371 praua

82 1393 161 1486 gogi
180 1395 307 1481 fretus,
328 1395 388 1486 qui
406 1399 526 1486 postea
544 1400 681 1488 eaptus,
701 1396 802 1488 longo
821 1401 975 1488 tempore
993 1395 1133 1470 vinonio
1151 1397 1332 1470 sustinuit.
1362 1398 1568 1492 Imperatori
1583 1399 1614 1490 ²)

82 1514 116 1587 in
144 1515 327 1588 Florentia
353 1516 487 1610 agenti,
516 1517 681 1590 notabilis
700 1516 891 1590 ambasiato
906 1515 936 1606 3)
964 1519 1161 1611 Regnorum
1181 1518 1398 1612 Hungoriuo‚
1428 1521 1614 1595 Bohemioe

81 1643 114 1711 ot
142 1639 300 1711 Dueatus
328 1637 507 1726 lustriae,
535 1638 634 1711 errius
662 1639 882 1732 Augustinus
910 1639 1091 1730 episeopus
1119 1639 1308 1713 lauriensis
1337 1645 1410 1714 orat
1438 1641 1613 1735 prinoeps,

80 1761 246 1834 ooeurrit:
281 1781 382 1852 quae,
410 1759 587 1832 audientia
613 1759 769 1848 obtenta,
797 1760 833 1832 in
861 1781 994 1832 summa
1020 1761 1109 1851 petit
1136 1765 1170 1832 et
1196 1761 1358 1853 requirit,
1387 1766 1427 1834 ut
1445 1760 1519 1836 illis
1537 1764 1604 1838 La·

80 1881 248 1970 tisinum,
287 1901 404 1954 eorum
434 1881 564 1973 Regem
596 1885 630 1954 ot
657 1881 842 1954 Dominum
873 1880 1054 1968 restituat,
1092 1886 1153 1954 out
1179 1881 1309 1956 bellum
1338 1887 1508 1975 expectet.
1548 1885 1615 1977 Qui

79 2003 160 2076 olum
189 2023 308 2076 eornm
343 2001 546 2094 petitionem
583 2003 722 2076 silentio
757 2007 792 2075 et
818 2022 956 2076 roeessu
992 2002 1168 2094 insperato
1204 2003 1429 2092 absolvisset,
1467 2005 1611 2080 Romam

78 2123 244 2217 profesti,
273 2144 386 2196 eorum
413 2123 508 2215 Papa
523 2123 554 2212 4)
582 2129 616 2197 et
642 2123 885 2196 Gurdinolibus
912 2123 1011 2217 gravi
1038 2124 1139 2196 illum
1168 2125 1308 2216 querela
1326 2125 1490 2214 obruunt,
1520 2128 1612 2219 quod
1691 2118 1694 2124 ’

78 2245 278 2338 Priuoipom
297 2265 412 2318 eorum
432 2244 500 2318 sub
517 2266 578 2317 suo
598 2249 745 2333 teneret,
774 2244 875 2337 quusi
893 2244 1065 2333 vinetum,
1090 2244 1251 2338 imperio,
1271 2267 1334 2320 neo
1352 2251 1488 2320 curaret
1506 2247 1608 2322 illum

80 2367 216 2460 pluries
234 2371 393 2460 rogatus,
421 2365 621 2453 restituere,
650 2365 734 2440 lieet
752 2365 872 2459 Regna
899 2372 934 2439 et
952 2365 1112 2439 Dominis
1136 2387 1199 2440 sua
1217 2366 1430 2460 intelligeret
1448 2368 1609 2460 pluribus

76 2489 213 2583 guerris
231 2485 261 2578 ⁵)
289 2488 493 2575 (informata,
523 2487 727 2562 olaudioare.
760 2489 850 2560 Dum
883 2509 1019 2580 quoque
1045 2487 1122 2561 illio
1148 2488 1549 2564 nullamtribulationis
1575 2499 1609 2564 ot

77 2609 320 2703 angustiarum
348 2629 488 2681 suarum
515 2615 656 2701 possent
678 2609 828 2702 reperire
856 2609 1040 2698 medelam,
1069 2609 1112 2682 ad
1129 2614 1272 2701 penates
1296 2610 1444 2699 reuersi,
1474 2633 1607 2686 omnem
1748 2612 1749 2616 ‘

77 2753 173 2824 spem
202 2731 247 2803 au
273 2751 368 2803 arma
395 2735 611 2804 oonrortunt.
639 2730 932 2819 lustratorum
959 2753 1068 2804 unum
1094 2730 1285 2804 exereitum
1308 2731 1507 2824 glomerati,
1535 2733 1605 2806 No·

76 2873 153 2934 varu
183 2851 385 2939 Civitatem,
415 2853 483 2924 imo
507 2852 620 2944 ipsum
648 2855 910 2945 Imperatorem,
940 2851 1000 2945 qui
1026 2857 1110 2926 tune
1128 2851 1165 2924 in
1184 2873 1223 2926 ea
1241 2852 1402 2946 degebat,
1432 2852 1609 2932 obsidione

76 2974 239 3067 tingunt,
268 2977 301 3046 et
327 2973 513 3046 bombarda
539 2974 660 3046 maiori
687 2974 839 3062 admota,
869 2973 1047 3046 oiritatem
1074 2973 1157 3046 adeo
1182 2973 1371 3048 fortissime
1389 2973 1604 3066 eonoutiuut,

74 3099 113 3168 ut
148 3095 314 3168 univorsa
350 3094 474 3167 oiuitas
511 3095 623 3168 tribus
655 3095 826 3168 duntaxat
857 3095 985 3168 ietibus
1017 3094 1222 3168 eonomine
1255 3094 1469 3187 inutraque
1502 3101 1603 3188 porta

75 3221 305 3309 rumperetur.
333 3215 530 3308 Pugnatum
558 3223 611 3289 est
638 3217 680 3289 ud
707 3221 824 3308 portus
856 3215 1060 3308 aliquandiu
1091 3235 1198 3308 aequo
1216 3215 1246 3306 7)
1273 3215 1394 3292 llario.
1427 3217 1606 3292 Postremo

74 3337 283 3410 Caesariano
305 3337 395 3410 aeies
423 3337 646 3410 multitudino
674 3341 850 3430 superato,
885 3343 981 3430 terga
1013 3337 1109 3410 dedit
1123 3335 1166 3425 ⁸),
1195 3340 1300 3428 atque
1326 3337 1363 3409 in
1388 3338 1509 3412 urbem
1536 3344 1604 3414 tre·

74 3457 239 3550 pidanter
265 3457 369 3550 fugit,
398 3479 588 3550 parumque
614 3458 753 3547 abluit·
775 3458 859 3550 quin
886 3459 969 3532 urbs
1001 3480 1078 3531 eum
1105 3457 1250 3531 (laesere
1277 3464 1472 3551 raperetur,
1507 3481 1607 3554 aegre

75 3578 237 3652 hostibus
264 3578 433 3670 repressis
465 3577 614 3652 iaetibns
645 3579 908 3653 bombardorum
936 3586 973 3652 et
998 3597 1176 3667 sanorum,
1216 3584 1497 3672 caeterorumque
1523 3581 1605 3656 unis-

74 3700 208 3772 silium.
243 3701 316 3792 Quo
348 3700 439 3772 melo
472 3700 613 3772 territus
647 3701 840 3792 Imperator
854 3701 897 3790 9),
926 3700 1043 3774 missis
1071 3700 1372 3790 eaduoeatorlbus,
1403 3701 1606 3776 Ladislanm

74 3821 303 3893 Australibus
322 3821 377 3910 ¹⁰),
406 3820 603 3894 interventu
632 3821 746 3894 baroli
769 3821 978 3895 Marohionis
1003 3822 1172 3895 Bullensis
1196 3826 1230 3895 et
1254 3821 1470 3915 Sigismundi
1493 3822 1604 3896 erebi·

74 3942 231 4034 episoopi
249 3942 547 4034 Salonburgensis,
567 3943 739 4031 restituit3
759 3944 819 4036 qui
838 3943 961 4017 abinde
980 3944 1147 4016 Viennam
1167 3943 1351 4033 dodurtus,
1381 3943 1525 4016 summis
1544 3944 1604 4016 ho

72 4063 218 4136 neribus
246 4064 440 4136 eelebratus
467 4069 520 4136 est
539 4064 599 4154 ¹¹):
628 4065 819 4156 Imperator
846 4065 937 4139 enim
964 4065 1179 4154 rudericus,
1207 4064 1267 4158 qui
1294 4065 1424 4138 Romae
1451 4068 1485 4137 ot
1513 4063 1603 4138 Noa·

71 4185 145 4278 poli
178 4184 309 4257 divinis
341 4186 411 4258 fere
437 4184 624 4259 honoribus
652 4187 845 4260 oelobratus
874 4190 941 4274 est,
975 4186 1112 4258 domum
1138 4205 1316 4274 reuersus,
1345 4207 1365 4258 a
1391 4184 1542 4277 propriis
1570 4190 1605 4258 et

70 4305 273 4378 domestIeis
300 4305 510 4378 eontnmolia
537 4311 571 4378 et
597 4307 800 4381 oonltnsione
830 4305 989 4380 obruitur
1016 4306 1197 4401 singulari.
1227 4305 1412 4380 bolislaus
1440 4306 1517 4380 Rex
1545 4305 1602 4378 ‹ie-

69 4427 191 4519 inoeps
219 4427 255 4500 in
281 4427 425 4500 comitis
452 4427 563 4500 Giliao
588 4427 700 4501 Ulrlei
722 4432 894 4519 potestate
918 4428 1000 4516 luit,
1029 4449 1097 4500 non
1116 4427 1194 4501 sine
1208 4426 1435 4519 plurimorum
1454 4425 1601 4515 inuidia,

70 4548 305 4622 aemulatione
331 4553 366 4621 et
393 4548 513 4622 liuore.

178 4876 202 4957 ¹)
224 4879 258 4938 In
281 4879 344 4955 ipso
366 4882 462 4938 antem
484 4878 580 4938 reditu
602 4879 694 4938 Roma
714 4877 864 4938 Frederioi
885 4877 1079 4937 Romanorum
1100 4877 1287 4953 Imperatoris
1310 4872 1372 4937 Ed.
1396 4872 1484 4958 Lips.
1503 4873 1530 4954 ⁹)
1544 4877 1600 4935 lm·

70 4983 201 5062 peretori
222 4983 378 5046 Proderieo
399 4978 461 5048 Ed.
489 4979 576 5063 Lipr.
610 4980 635 5061 ³)
657 4981 766 5058 legatio
789 4977 850 5042 Eo.
874 4977 964 5067 Lips.
997 4976 1025 5057 ⁴)
1047 4999 1143 5041 eoram
1165 4981 1247 5056 Papa
1267 4980 1391 5049 Nicolao
1413 4981 1514 5056 quieto
1536 4975 1598 5040 Ed.

70 5083 160 5169 Lipe.
195 5083 222 5164 5)
244 5087 328 5147 bellis
357 5083 419 5151 Ed.
450 5083 540 5170 Irips.
572 5083 599 5164 ⁸)
628 5085 776 5149 Auretriaoi
805 5081 868 5146 led.
898 5082 989 5168 Lipo.
1021 5081 1226 5162 ⁷)aliquando
1257 5084 1287 5144 ln
1309 5083 1409 5162 usquo
1424 5080 1489 5148 Ed.
1513 5079 1603 5166 Lo'ps.

73 5187 98 5264 8)
122 5191 215 5252 vertit
235 5186 297 5250 Ed.
321 5185 409 5272 Le'po.
434 5187 460 5270 ⁹)
482 5189 656 5258 Frederioue
678 5190 839 5267 Imperator
860 5185 922 5252 Ee.
946 5185 1035 5272 Lr'pr.
1063 5187 1101 5266 ¹⁰)
1123 5187 1286 5262 omniacis
1307 5184 1371 5250 Ee.
1388 5183 1477 5272 Lipe.
1499 5185 1538 5266 ¹¹)
1554 5205 1602 5250 ex·

70 5299 174 5374 oeptue
197 5298 243 5358 est
263 5289 326 5355 Ed.
351 5290 442 5378 Lo'po.
