<?xml version="1.0" encoding="UTF-8"?>
<!DOCTYPE html PUBLIC "-//W3C//DTD XHTML 1.0 Transitional//EN"
    "http://www.w3.org/TR/xhtml1/DTD/xhtml1-transitional.dtd">
<html xmlns="http://www.w3.org/1999/xhtml" xml:lang="en" lang="en">
 <head>
  <title>
</title>
<meta http-equiv="Content-Type" content="text/html;charset=utf-8" />
  <meta name='ocr-system' content='tesseract 3.04.00' />
  <meta name='ocr-capabilities' content='ocr_page ocr_carea ocr_par ocr_line ocrx_word'/>
</head>
<body>
  <div class='ocr_page' id='page_1' title='image "./operaomnia06paulgoog_0251.png"; bbox 0 0 4126 6280; ppageno 0'>
   <div class='ocr_carea' id='block_1_1' title="bbox 113 483 1645 592">
    <p class='ocr_par' dir='ltr' id='par_1_1' title="bbox 113 483 1645 592">
     <span class='ocr_line' id='line_1_1' title="bbox 113 483 1645 592; baseline -0.005 -28"><span class='ocrx_word' id='word_1_1' title='bbox 113 489 172 592; x_wconf 87' lang='grc' dir='ltr'>(Α.</span> <span class='ocrx_word' id='word_1_2' title='bbox 191 485 234 571; x_wconf 78' lang='lat' dir='ltr'>D.</span> <span class='ocrx_word' id='word_1_3' title='bbox 254 484 382 588; x_wconf 78' lang='lat' dir='ltr'>reso.)</span> <span class='ocrx_word' id='word_1_4' title='bbox 615 508 728 570; x_wconf 80' lang='lat' dir='ltr'>urnae</span> <span class='ocrx_word' id='word_1_5' title='bbox 754 506 997 570; x_wconf 76' lang='lat' dir='ltr'>nuounctuua</span> <span class='ocrx_word' id='word_1_6' title='bbox 1025 489 1139 578; x_wconf 70' lang='lat' dir='ltr'>(aru).</span> <span class='ocrx_word' id='word_1_7' title='bbox 1571 483 1645 568; x_wconf 32' lang='lat'>23¹9</span> 
     </span>
    </p>
   </div>
   <div class='ocr_carea' id='block_1_2' title="bbox 107 693 1649 2610">
    <p class='ocr_par' dir='ltr' id='par_1_2' title="bbox 107 693 1649 2610">
     <span class='ocr_line' id='line_1_2' title="bbox 113 693 1646 794; baseline -0.005 -22"><span class='ocrx_word' id='word_1_8' title='bbox 113 700 239 772; x_wconf 84' lang='lat' dir='ltr'>dislaus</span> <span class='ocrx_word' id='word_1_9' title='bbox 265 696 441 770; x_wconf 87' lang='lat' dir='ltr'>destinata</span> <span class='ocrx_word' id='word_1_10' title='bbox 468 694 582 767; x_wconf 89' lang='lat' dir='ltr'>animo</span> <span class='ocrx_word' id='word_1_11' title='bbox 610 693 812 788; x_wconf 79' lang='lat' dir='ltr'>exequitur,</span> <span class='ocrx_word' id='word_1_12' title='bbox 842 699 877 767; x_wconf 90' lang='lat' dir='ltr'>ot</span> <span class='ocrx_word' id='word_1_13' title='bbox 903 693 1070 768; x_wconf 82' lang='lat' dir='ltr'>Comitem</span> <span class='ocrx_word' id='word_1_14' title='bbox 1091 695 1117 784; x_wconf 88' lang='lat'>¹)</span> <span class='ocrx_word' id='word_1_15' title='bbox 1145 693 1305 794; x_wconf 88' lang='lat' dir='ltr'>Ulricum</span> <span class='ocrx_word' id='word_1_16' title='bbox 1330 713 1375 766; x_wconf 85' lang='lat' dir='ltr'>ex</span> <span class='ocrx_word' id='word_1_17' title='bbox 1403 693 1539 786; x_wconf 88' lang='lat' dir='ltr'>capella</span> <span class='ocrx_word' id='word_1_18' title='bbox 1564 697 1646 785; x_wconf 91' lang='lat' dir='ltr'>post</span> 
     </span>
     <span class='ocr_line' id='line_1_3' title="bbox 114 813 1645 908; baseline -0.004 -15"><span class='ocrx_word' id='word_1_19' title='bbox 114 813 309 893; x_wconf 79' lang='lat' dir='ltr'>Divinarum</span> <span class='ocrx_word' id='word_1_20' title='bbox 338 815 552 890; x_wconf 71' lang='lat' dir='ltr'>auditionem</span> <span class='ocrx_word' id='word_1_21' title='bbox 568 813 599 906; x_wconf 78' lang='lat'>²)</span> <span class='ocrx_word' id='word_1_22' title='bbox 628 837 820 908; x_wconf 89' lang='lat' dir='ltr'>egressum,</span> <span class='ocrx_word' id='word_1_23' title='bbox 849 815 892 888; x_wconf 88' lang='lat' dir='ltr'>ad</span> <span class='ocrx_word' id='word_1_24' title='bbox 919 819 1071 908; x_wconf 89' lang='lat' dir='ltr'>portam,</span> <span class='ocrx_word' id='word_1_25' title='bbox 1106 815 1206 907; x_wconf 91' lang='lat' dir='ltr'>quasi</span> <span class='ocrx_word' id='word_1_26' title='bbox 1235 814 1403 908; x_wconf 89' lang='lat' dir='ltr'>quaedam</span> <span class='ocrx_word' id='word_1_27' title='bbox 1432 820 1565 888; x_wconf 89' lang='lat' dir='ltr'>secreta</span> <span class='ocrx_word' id='word_1_28' title='bbox 1592 835 1645 887; x_wconf 86' lang='lat' dir='ltr'>se-</span> 
     </span>
     <span class='ocr_line' id='line_1_4' title="bbox 112 936 1646 1030; baseline -0.006 -15"><span class='ocrx_word' id='word_1_29' title='bbox 112 962 183 1015; x_wconf 91' lang='lat' dir='ltr'>cum</span> <span class='ocrx_word' id='word_1_30' title='bbox 210 942 441 1026; x_wconf 72' lang='lat' dir='ltr'>tractaturus,</span> <span class='ocrx_word' id='word_1_31' title='bbox 471 938 650 1026; x_wconf 71' lang='lat' dir='ltr'>crucan,</span> <span class='ocrx_word' id='word_1_32' title='bbox 679 957 757 1018; x_wconf 88' lang='lat' dir='ltr'>cnm</span> <span class='ocrx_word' id='word_1_33' title='bbox 785 936 947 1024; x_wconf 79' lang='lat' dir='ltr'>armatis,</span> <span class='ocrx_word' id='word_1_34' title='bbox 980 958 1066 1030; x_wconf 89' lang='lat' dir='ltr'>quos</span> <span class='ocrx_word' id='word_1_35' title='bbox 1099 937 1164 1015; x_wconf 89' lang='lat' dir='ltr'>sub</span> <span class='ocrx_word' id='word_1_36' title='bbox 1195 936 1362 1030; x_wconf 88' lang='lat' dir='ltr'>gradibus</span> <span class='ocrx_word' id='word_1_37' title='bbox 1396 937 1646 1022; x_wconf 76' lang='lat' dir='ltr'>occultaverat,</span> 
     </span>
     <span class='ocr_line' id='line_1_5' title="bbox 112 1055 1646 1155; baseline -0.007 -17"><span class='ocrx_word' id='word_1_38' title='bbox 112 1056 289 1151; x_wconf 83' lang='lat' dir='ltr'>invadens,</span> <span class='ocrx_word' id='word_1_39' title='bbox 318 1062 413 1155; x_wconf 90' lang='lat' dir='ltr'>Rege</span> <span class='ocrx_word' id='word_1_40' title='bbox 428 1058 458 1150; x_wconf 72' lang='grc'>3)</span> <span class='ocrx_word' id='word_1_41' title='bbox 487 1063 665 1152; x_wconf 85' lang='lat' dir='ltr'>spectante</span> <span class='ocrx_word' id='word_1_42' title='bbox 694 1063 729 1132; x_wconf 90' lang='lat' dir='ltr'>ot</span> <span class='ocrx_word' id='word_1_43' title='bbox 756 1059 894 1130; x_wconf 91' lang='lat' dir='ltr'>nullum</span> <span class='ocrx_word' id='word_1_44' title='bbox 922 1057 1113 1146; x_wconf 85' lang='lat' dir='ltr'>auunculo,</span> <span class='ocrx_word' id='word_1_45' title='bbox 1148 1057 1298 1132; x_wconf 90' lang='lat' dir='ltr'>similem</span> <span class='ocrx_word' id='word_1_46' title='bbox 1328 1062 1455 1132; x_wconf 89' lang='lat' dir='ltr'>sortem</span> <span class='ocrx_word' id='word_1_47' title='bbox 1482 1055 1646 1149; x_wconf 88' lang='lat' dir='ltr'>pertime-</span> 
     </span>
     <span class='ocr_line' id='line_1_6' title="bbox 111 1178 1646 1272; baseline -0.005 -14"><span class='ocrx_word' id='word_1_48' title='bbox 111 1183 229 1258; x_wconf 86' lang='lat' dir='ltr'>scendo</span> <span class='ocrx_word' id='word_1_49' title='bbox 244 1182 287 1272; x_wconf 85' lang='lat'>⁴),</span> <span class='ocrx_word' id='word_1_50' title='bbox 318 1183 450 1256; x_wconf 83' lang='lat' dir='ltr'>ferente</span> <span class='ocrx_word' id='word_1_51' title='bbox 477 1180 670 1270; x_wconf 84' lang='lat' dir='ltr'>auxilium,</span> <span class='ocrx_word' id='word_1_52' title='bbox 700 1179 901 1268; x_wconf 83' lang='lat' dir='ltr'>obtruncat,</span> <span class='ocrx_word' id='word_1_53' title='bbox 931 1178 1046 1256; x_wconf 78' lang='lat' dir='ltr'>similo</span> <span class='ocrx_word' id='word_1_54' title='bbox 1074 1180 1189 1264; x_wconf 81' lang='lat' dir='ltr'>scelus</span> <span class='ocrx_word' id='word_1_55' title='bbox 1217 1179 1254 1262; x_wconf 80' lang='lat' dir='ltr'>iu</span> <span class='ocrx_word' id='word_1_56' title='bbox 1280 1180 1412 1272; x_wconf 80' lang='lat' dir='ltr'>Regem</span> <span class='ocrx_word' id='word_1_57' title='bbox 1432 1178 1646 1266; x_wconf 84' lang='lat' dir='ltr'>Ladislaum,</span> 
     </span>
     <span class='ocr_line' id='line_1_7' title="bbox 110 1297 1646 1388; baseline -0.004 -10"><span class='ocrx_word' id='word_1_58' title='bbox 110 1303 174 1378; x_wconf 92' lang='lat' dir='ltr'>nisi</span> <span class='ocrx_word' id='word_1_59' title='bbox 201 1303 330 1376; x_wconf 84' lang='lat' dir='ltr'>saniori</span> <span class='ocrx_word' id='word_1_60' title='bbox 349 1303 496 1376; x_wconf 88' lang='lat' dir='ltr'>consilio</span> <span class='ocrx_word' id='word_1_61' title='bbox 514 1323 659 1376; x_wconf 89' lang='lat' dir='ltr'>auersus</span> <span class='ocrx_word' id='word_1_62' title='bbox 679 1308 714 1375; x_wconf 90' lang='lat' dir='ltr'>et</span> <span class='ocrx_word' id='word_1_63' title='bbox 732 1301 905 1374; x_wconf 88' lang='lat' dir='ltr'>inhibitus</span> <span class='ocrx_word' id='word_1_64' title='bbox 924 1301 1064 1376; x_wconf 86' lang='lat' dir='ltr'>luisset.</span> <span class='ocrx_word' id='word_1_65' title='bbox 1095 1301 1357 1374; x_wconf 86' lang='lat' dir='ltr'>commissurus.</span> <span class='ocrx_word' id='word_1_66' title='bbox 1386 1300 1464 1374; x_wconf 85' lang='lat' dir='ltr'>Rex</span> <span class='ocrx_word' id='word_1_67' title='bbox 1482 1305 1599 1372; x_wconf 86' lang='lat' dir='ltr'>tamen</span> <span class='ocrx_word' id='word_1_68' title='bbox 1615 1297 1646 1388; x_wconf 74' lang='grc'>5)</span> 
     </span>
     <span class='ocr_line' id='line_1_8' title="bbox 110 1414 1642 1526; baseline -0.003 -28"><span class='ocrx_word' id='word_1_69' title='bbox 110 1423 323 1522; x_wconf 85' lang='lat' dir='ltr'>prouidentia</span> <span class='ocrx_word' id='word_1_70' title='bbox 351 1425 581 1500; x_wconf 88' lang='lat' dir='ltr'>Bobemorum</span> <span class='ocrx_word' id='word_1_71' title='bbox 610 1431 645 1500; x_wconf 88' lang='lat' dir='ltr'>ct</span> <span class='ocrx_word' id='word_1_72' title='bbox 672 1414 939 1526; x_wconf 85' lang='lat' dir='ltr'>Almannorum,</span> <span class='ocrx_word' id='word_1_73' title='bbox 969 1423 1029 1521; x_wconf 91' lang='lat' dir='ltr'>qui</span> <span class='ocrx_word' id='word_1_74' title='bbox 1057 1445 1175 1501; x_wconf 84' lang='lat' dir='ltr'>euram</span> <span class='ocrx_word' id='word_1_75' title='bbox 1202 1422 1302 1498; x_wconf 84' lang='lat' dir='ltr'>illius</span> <span class='ocrx_word' id='word_1_76' title='bbox 1320 1422 1501 1520; x_wconf 84' lang='lat' dir='ltr'>gerebant,</span> <span class='ocrx_word' id='word_1_77' title='bbox 1525 1423 1562 1495; x_wconf 93' lang='lat' dir='ltr'>in</span> <span class='ocrx_word' id='word_1_78' title='bbox 1587 1441 1642 1495; x_wconf 90' lang='lat' dir='ltr'>ca·</span> 
     </span>
     <span class='ocr_line' id='line_1_9' title="bbox 109 1537 1646 1644; baseline -0.006 -18"><span class='ocrx_word' id='word_1_79' title='bbox 109 1567 198 1626; x_wconf 74' lang='lat' dir='ltr'>utera</span> <span class='ocrx_word' id='word_1_80' title='bbox 224 1537 444 1632; x_wconf 82' lang='lat' dir='ltr'>obfirmatus,</span> <span class='ocrx_word' id='word_1_81' title='bbox 473 1546 706 1644; x_wconf 88' lang='lat' dir='ltr'>quadriduum</span> <span class='ocrx_word' id='word_1_82' title='bbox 725 1545 816 1634; x_wconf 88' lang='lat' dir='ltr'>illic,</span> <span class='ocrx_word' id='word_1_83' title='bbox 846 1546 954 1621; x_wconf 87' lang='lat' dir='ltr'>donet</span> <span class='ocrx_word' id='word_1_84' title='bbox 982 1547 1076 1618; x_wconf 92' lang='lat' dir='ltr'>luror</span> <span class='ocrx_word' id='word_1_85' title='bbox 1094 1544 1158 1625; x_wconf 88' lang='lat' dir='ltr'>lilii</span> <span class='ocrx_word' id='word_1_86' title='bbox 1177 1543 1420 1640; x_wconf 78' lang='lat' dir='ltr'>gubernatoris</span> <span class='ocrx_word' id='word_1_87' title='bbox 1439 1542 1646 1639; x_wconf 82' lang='lat' dir='ltr'>quiesceret,</span> 
     </span>
     <span class='ocr_line' id='line_1_10' title="bbox 109 1663 1646 1767; baseline -0.003 -24"><span class='ocrx_word' id='word_1_88' title='bbox 109 1666 231 1762; x_wconf 81' lang='lat' dir='ltr'>exegit.</span> <span class='ocrx_word' id='word_1_89' title='bbox 262 1665 398 1741; x_wconf 77' lang='lat' dir='ltr'>Exinde</span> <span class='ocrx_word' id='word_1_90' title='bbox 426 1689 507 1740; x_wconf 86' lang='lat' dir='ltr'>uero</span> <span class='ocrx_word' id='word_1_91' title='bbox 534 1668 616 1743; x_wconf 82' lang='lat' dir='ltr'>dabo</span> <span class='ocrx_word' id='word_1_92' title='bbox 644 1667 832 1767; x_wconf 81' lang='lat' dir='ltr'>securitate</span> <span class='ocrx_word' id='word_1_93' title='bbox 861 1665 1022 1756; x_wconf 77' lang='lat' dir='ltr'>eductae,</span> <span class='ocrx_word' id='word_1_94' title='bbox 1051 1687 1096 1741; x_wconf 84' lang='lat' dir='ltr'>ox</span> <span class='ocrx_word' id='word_1_95' title='bbox 1124 1666 1215 1742; x_wconf 83' lang='lat' dir='ltr'>Alba</span> <span class='ocrx_word' id='word_1_96' title='bbox 1239 1665 1364 1760; x_wconf 84' lang='lat' dir='ltr'>Regali</span> <span class='ocrx_word' id='word_1_97' title='bbox 1383 1664 1518 1747; x_wconf 80' lang='lat' dir='ltr'>Budam</span> <span class='ocrx_word' id='word_1_98' title='bbox 1537 1663 1646 1752; x_wconf 72' lang='lat' dir='ltr'>venir,</span> 
     </span>
     <span class='ocr_line' id='line_1_11' title="bbox 110 1782 1645 1882; baseline 0.001 -22"><span class='ocrx_word' id='word_1_99' title='bbox 110 1787 195 1860; x_wconf 89' lang='lat' dir='ltr'>nihil</span> <span class='ocrx_word' id='word_1_100' title='bbox 222 1782 354 1860; x_wconf 88' lang='lat' dir='ltr'>habens</span> <span class='ocrx_word' id='word_1_101' title='bbox 383 1789 485 1862; x_wconf 92' lang='lat' dir='ltr'>liberi</span> <span class='ocrx_word' id='word_1_102' title='bbox 512 1789 599 1864; x_wconf 89' lang='lat' dir='ltr'>iuris</span> <span class='ocrx_word' id='word_1_103' title='bbox 632 1796 694 1865; x_wconf 86' lang='lat' dir='ltr'>aut</span> <span class='ocrx_word' id='word_1_104' title='bbox 721 1787 875 1880; x_wconf 87' lang='lat' dir='ltr'>arbitrii,</span> <span class='ocrx_word' id='word_1_105' title='bbox 911 1787 972 1867; x_wconf 85' lang='lat' dir='ltr'>sed</span> <span class='ocrx_word' id='word_1_106' title='bbox 1006 1787 1145 1882; x_wconf 84' lang='lat' dir='ltr'>singula</span> <span class='ocrx_word' id='word_1_107' title='bbox 1173 1787 1273 1867; x_wconf 87' lang='lat' dir='ltr'>iuxta</span> <span class='ocrx_word' id='word_1_108' title='bbox 1300 1785 1552 1872; x_wconf 81' lang='lat' dir='ltr'>ordinationem</span> <span class='ocrx_word' id='word_1_109' title='bbox 1579 1787 1645 1871; x_wconf 80' lang='lat' dir='ltr'>ba·</span> 
     </span>
     <span class='ocr_line' id='line_1_12' title="bbox 111 1902 1648 2003; baseline -0.002 -21"><span class='ocrx_word' id='word_1_110' title='bbox 111 1909 213 1983; x_wconf 89' lang='lat' dir='ltr'>dislai</span> <span class='ocrx_word' id='word_1_111' title='bbox 241 1902 309 1982; x_wconf 85' lang='lat' dir='ltr'>filil</span> <span class='ocrx_word' id='word_1_112' title='bbox 335 1910 578 2003; x_wconf 87' lang='lat' dir='ltr'>gubernatoris</span> <span class='ocrx_word' id='word_1_113' title='bbox 606 1931 729 2003; x_wconf 88' lang='lat' dir='ltr'>agens,</span> <span class='ocrx_word' id='word_1_114' title='bbox 768 1908 959 1982; x_wconf 87' lang='lat' dir='ltr'>instituens</span> <span class='ocrx_word' id='word_1_115' title='bbox 992 1913 1097 2001; x_wconf 90' lang='lat' dir='ltr'>atque</span> <span class='ocrx_word' id='word_1_116' title='bbox 1123 1909 1321 1982; x_wconf 87' lang='lat' dir='ltr'>decernens.</span> <span class='ocrx_word' id='word_1_117' title='bbox 1358 1908 1511 1982; x_wconf 82' lang='lat' dir='ltr'>Cadaver</span> <span class='ocrx_word' id='word_1_118' title='bbox 1537 1906 1648 1981; x_wconf 81' lang='lat' dir='ltr'>Corni-</span> 
     </span>
     <span class='ocr_line' id='line_1_13' title="bbox 109 2028 1648 2122; baseline -0.003 -19"><span class='ocrx_word' id='word_1_119' title='bbox 109 2031 153 2104; x_wconf 88' lang='lat' dir='ltr'>tis</span> <span class='ocrx_word' id='word_1_120' title='bbox 181 2030 295 2104; x_wconf 88' lang='lat' dir='ltr'>Ulrioi</span> <span class='ocrx_word' id='word_1_121' title='bbox 322 2029 445 2104; x_wconf 81' lang='lat' dir='ltr'>Giliam</span> <span class='ocrx_word' id='word_1_122' title='bbox 479 2033 644 2119; x_wconf 89' lang='lat' dir='ltr'>relatum,</span> <span class='ocrx_word' id='word_1_123' title='bbox 677 2031 771 2104; x_wconf 91' lang='lat' dir='ltr'>iusto</span> <span class='ocrx_word' id='word_1_124' title='bbox 805 2032 935 2105; x_wconf 90' lang='lat' dir='ltr'>honore</span> <span class='ocrx_word' id='word_1_125' title='bbox 967 2030 1180 2104; x_wconf 87' lang='lat' dir='ltr'>tumulatum</span> <span class='ocrx_word' id='word_1_126' title='bbox 1196 2029 1239 2119; x_wconf 68' lang='grc' dir='ltr'>θ),</span> <span class='ocrx_word' id='word_1_127' title='bbox 1273 2034 1308 2103; x_wconf 90' lang='lat' dir='ltr'>ot</span> <span class='ocrx_word' id='word_1_128' title='bbox 1333 2028 1451 2122; x_wconf 86' lang='lat' dir='ltr'>grauis</span> <span class='ocrx_word' id='word_1_129' title='bbox 1478 2049 1603 2122; x_wconf 89' lang='lat' dir='ltr'>guerra</span> <span class='ocrx_word' id='word_1_130' title='bbox 1618 2029 1648 2118; x_wconf 78' lang='grc'>7)</span> 
     </span>
     <span class='ocr_line' id='line_1_14' title="bbox 108 2149 1648 2246; baseline -0.003 -17"><span class='ocrx_word' id='word_1_131' title='bbox 108 2152 333 2236; x_wconf 76' lang='lat' dir='ltr'>intercilino</span> <span class='ocrx_word' id='word_1_132' title='bbox 369 2153 579 2234; x_wconf 77' lang='lat' dir='ltr'>demiratum</span> <span class='ocrx_word' id='word_1_133' title='bbox 611 2159 646 2225; x_wconf 91' lang='lat' dir='ltr'>ot</span> <span class='ocrx_word' id='word_1_134' title='bbox 678 2151 880 2246; x_wconf 81' lang='lat' dir='ltr'>Huugariae</span> <span class='ocrx_word' id='word_1_135' title='bbox 916 2153 1076 2244; x_wconf 81' lang='lat' dir='ltr'>Regnum</span> <span class='ocrx_word' id='word_1_136' title='bbox 1111 2171 1263 2244; x_wconf 63' lang='lat' dir='ltr'>neamus</span> <span class='ocrx_word' id='word_1_137' title='bbox 1298 2157 1420 2227; x_wconf 83' lang='lat' dir='ltr'>exorta</span> <span class='ocrx_word' id='word_1_138' title='bbox 1456 2149 1569 2242; x_wconf 62' lang='lat' dir='ltr'>eati),</span> <span class='ocrx_word' id='word_1_139' title='bbox 1606 2157 1648 2222; x_wconf 91' lang='lat' dir='ltr'>ut</span> 
     </span>
     <span class='ocr_line' id='line_1_15' title="bbox 109 2273 1647 2368; baseline -0.003 -21"><span class='ocrx_word' id='word_1_140' title='bbox 109 2273 276 2348; x_wconf 75' lang='lat' dir='ltr'>tilienses</span> <span class='ocrx_word' id='word_1_141' title='bbox 304 2273 451 2348; x_wconf 88' lang='lat' dir='ltr'>collecto</span> <span class='ocrx_word' id='word_1_142' title='bbox 479 2273 651 2364; x_wconf 82' lang='lat' dir='ltr'>exercitu,</span> <span class='ocrx_word' id='word_1_143' title='bbox 681 2275 840 2368; x_wconf 80' lang='lat' dir='ltr'>Regnum</span> <span class='ocrx_word' id='word_1_144' title='bbox 866 2273 1069 2368; x_wconf 83' lang='lat' dir='ltr'>Huugariae</span> <span class='ocrx_word' id='word_1_145' title='bbox 1096 2273 1300 2358; x_wconf 84' lang='lat' dir='ltr'>invaderent</span> <span class='ocrx_word' id='word_1_146' title='bbox 1327 2276 1361 2346; x_wconf 90' lang='lat' dir='ltr'>et</span> <span class='ocrx_word' id='word_1_147' title='bbox 1388 2277 1540 2346; x_wconf 82' lang='lat' dir='ltr'>cestuum</span> <span class='ocrx_word' id='word_1_148' title='bbox 1559 2273 1647 2344; x_wconf 82' lang='lat' dir='ltr'>The·</span> 
     </span>
     <span class='ocr_line' id='line_1_16' title="bbox 107 2391 1649 2490; baseline -0.001 -23"><span class='ocrx_word' id='word_1_149' title='bbox 107 2395 170 2468; x_wconf 91' lang='lat' dir='ltr'>beu</span> <span class='ocrx_word' id='word_1_150' title='bbox 197 2395 443 2488; x_wconf 86' lang='lat' dir='ltr'>conquirerent</span> <span class='ocrx_word' id='word_1_151' title='bbox 473 2416 536 2488; x_wconf 87' lang='lat' dir='ltr'>per</span> <span class='ocrx_word' id='word_1_152' title='bbox 557 2395 762 2468; x_wconf 86' lang='lat' dir='ltr'>continuam</span> <span class='ocrx_word' id='word_1_153' title='bbox 788 2395 1098 2490; x_wconf 74' lang='lat' dir='ltr'>expugnationem,</span> <span class='ocrx_word' id='word_1_154' title='bbox 1127 2415 1196 2487; x_wconf 91' lang='lat' dir='ltr'>qua</span> <span class='ocrx_word' id='word_1_155' title='bbox 1214 2393 1430 2487; x_wconf 90' lang='lat' dir='ltr'>quiescente,</span> <span class='ocrx_word' id='word_1_156' title='bbox 1456 2391 1649 2467; x_wconf 81' lang='lat' dir='ltr'>Comitatus</span> 
     </span>
     <span class='ocr_line' id='line_1_17' title="bbox 108 2511 921 2610; baseline 0.002 -22"><span class='ocrx_word' id='word_1_157' title='bbox 108 2515 214 2592; x_wconf 76' lang='lat' dir='ltr'>(tiliae</span> <span class='ocrx_word' id='word_1_158' title='bbox 243 2511 421 2596; x_wconf 81' lang='lat' dir='ltr'>Fridorice</span> <span class='ocrx_word' id='word_1_159' title='bbox 449 2515 658 2610; x_wconf 84' lang='lat' dir='ltr'>Imperatori</span> <span class='ocrx_word' id='word_1_160' title='bbox 685 2516 825 2592; x_wconf 85' lang='lat' dir='ltr'>deditus</span> <span class='ocrx_word' id='word_1_161' title='bbox 856 2522 921 2602; x_wconf 83' lang='lat' dir='ltr'>est,</span> 
     </span>
    </p>
   </div>
   <div class='ocr_carea' id='block_1_3' title="bbox 599 2873 1163 2964">
    <p class='ocr_par' dir='ltr' id='par_1_3' title="bbox 599 2873 1163 2964">
     <span class='ocr_line' id='line_1_18' title="bbox 599 2873 1163 2964; baseline 0.004 -18"><span class='ocrx_word' id='word_1_162' title='bbox 599 2875 705 2951; x_wconf 78' lang='lat' dir='ltr'>lastis</span> <span class='ocrx_word' id='word_1_163' title='bbox 726 2875 760 2952; x_wconf 89' lang='lat' dir='ltr'>iu</span> <span class='ocrx_word' id='word_1_164' title='bbox 782 2873 944 2964; x_wconf 59' lang='lat' dir='ltr'>durana</span> <span class='ocrx_word' id='word_1_165' title='bbox 967 2876 1001 2946; x_wconf 81' lang='lat' dir='ltr'>ct</span> <span class='ocrx_word' id='word_1_166' title='bbox 1023 2873 1163 2956; x_wconf 69' lang='lat' dir='ltr'>dolona.</span> 
     </span>
    </p>
   </div>
   <div class='ocr_carea' id='block_1_4' title="bbox 108 3122 1651 3580">
    <p class='ocr_par' dir='ltr' id='par_1_4' title="bbox 108 3122 1651 3580">
     <span class='ocr_line' id='line_1_19' title="bbox 209 3122 1651 3224; baseline -0.003 -25"><span class='ocrx_word' id='word_1_167' title='bbox 209 3123 266 3199; x_wconf 80' lang='lat' dir='ltr'>Ad</span> <span class='ocrx_word' id='word_1_168' title='bbox 294 3123 357 3196; x_wconf 87' lang='lat' dir='ltr'>has</span> <span class='ocrx_word' id='word_1_169' title='bbox 385 3122 487 3207; x_wconf 84' lang='lat' dir='ltr'>etiam</span> <span class='ocrx_word' id='word_1_170' title='bbox 517 3123 724 3200; x_wconf 88' lang='lat' dir='ltr'>domesticas</span> <span class='ocrx_word' id='word_1_171' title='bbox 752 3123 885 3224; x_wconf 85' lang='lat' dir='ltr'>clades,</span> <span class='ocrx_word' id='word_1_172' title='bbox 914 3123 1098 3224; x_wconf 87' lang='lat' dir='ltr'>epidimiae</span> <span class='ocrx_word' id='word_1_173' title='bbox 1125 3122 1264 3206; x_wconf 87' lang='lat' dir='ltr'>morbus</span> <span class='ocrx_word' id='word_1_174' title='bbox 1292 3128 1328 3196; x_wconf 90' lang='lat' dir='ltr'>et</span> <span class='ocrx_word' id='word_1_175' title='bbox 1355 3123 1490 3212; x_wconf 72' lang='lat' dir='ltr'>Budare</span> <span class='ocrx_word' id='word_1_176' title='bbox 1518 3129 1563 3202; x_wconf 77' lang='lat' dir='ltr'>et&#39;</span> <span class='ocrx_word' id='word_1_177' title='bbox 1581 3125 1651 3206; x_wconf 85' lang='lat' dir='ltr'>lora</span> 
     </span>
     <span class='ocr_line' id='line_1_20' title="bbox 108 3243 1649 3346; baseline 0.001 -30"><span class='ocrx_word' id='word_1_178' title='bbox 108 3266 225 3323; x_wconf 84' lang='lat' dir='ltr'>omncs</span> <span class='ocrx_word' id='word_1_179' title='bbox 254 3244 457 3338; x_wconf 85' lang='lat' dir='ltr'>Hnugariac</span> <span class='ocrx_word' id='word_1_180' title='bbox 485 3265 562 3318; x_wconf 89' lang='lat' dir='ltr'>oras</span> <span class='ocrx_word' id='word_1_181' title='bbox 590 3245 756 3346; x_wconf 84' lang='lat' dir='ltr'>peruasit.</span> <span class='ocrx_word' id='word_1_182' title='bbox 786 3245 854 3318; x_wconf 86' lang='lat' dir='ltr'>Sed</span> <span class='ocrx_word' id='word_1_183' title='bbox 873 3251 908 3320; x_wconf 90' lang='lat' dir='ltr'>et</span> <span class='ocrx_word' id='word_1_184' title='bbox 926 3244 1039 3338; x_wconf 85' lang='lat' dir='ltr'>Regni</span> <span class='ocrx_word' id='word_1_185' title='bbox 1066 3243 1233 3321; x_wconf 88' lang='lat' dir='ltr'>Poloniae</span> <span class='ocrx_word' id='word_1_186' title='bbox 1256 3244 1431 3336; x_wconf 85' lang='lat' dir='ltr'>rogiouem</span> <span class='ocrx_word' id='word_1_187' title='bbox 1450 3245 1541 3320; x_wconf 88' lang='lat' dir='ltr'>circa</span> <span class='ocrx_word' id='word_1_188' title='bbox 1560 3246 1649 3323; x_wconf 87' lang='lat' dir='ltr'>Kro-</span> 
     </span>
     <span class='ocr_line' id='line_1_21' title="bbox 108 3364 1649 3460; baseline 0.002 -22"><span class='ocrx_word' id='word_1_189' title='bbox 108 3387 223 3454; x_wconf 83' lang='lat' dir='ltr'>suauu,</span> <span class='ocrx_word' id='word_1_190' title='bbox 254 3365 432 3458; x_wconf 80' lang='lat' dir='ltr'>Zmiguod,</span> <span class='ocrx_word' id='word_1_191' title='bbox 461 3367 651 3446; x_wconf 71' lang='lat' dir='ltr'>‚Strrcsaou</span> <span class='ocrx_word' id='word_1_192' title='bbox 680 3371 714 3444; x_wconf 88' lang='lat' dir='ltr'>et</span> <span class='ocrx_word' id='word_1_193' title='bbox 742 3365 933 3454; x_wconf 83' lang='lat' dir='ltr'>Rimauou,</span> <span class='ocrx_word' id='word_1_194' title='bbox 966 3365 1077 3458; x_wconf 86' lang='lat' dir='ltr'>pestis</span> <span class='ocrx_word' id='word_1_195' title='bbox 1115 3364 1259 3441; x_wconf 85' lang='lat' dir='ltr'>similis¹</span> <span class='ocrx_word' id='word_1_196' title='bbox 1277 3387 1320 3443; x_wconf 83' lang='lat' dir='ltr'>en</span> <span class='ocrx_word' id='word_1_197' title='bbox 1348 3367 1553 3460; x_wconf 56' lang='lat' dir='ltr'>aerumnae</span> <span class='ocrx_word' id='word_1_198' title='bbox 1585 3365 1649 3456; x_wconf 86' lang='lat' dir='ltr'>ali-</span> 
     </span>
     <span class='ocr_line' id='line_1_22' title="bbox 108 3481 636 3580; baseline -0.006 -17"><span class='ocrx_word' id='word_1_199' title='bbox 108 3492 239 3580; x_wconf 86' lang='lat' dir='ltr'>quanto</span> <span class='ocrx_word' id='word_1_200' title='bbox 269 3493 421 3578; x_wconf 87' lang='lat' dir='ltr'>tempore</span> <span class='ocrx_word' id='word_1_201' title='bbox 449 3481 636 3580; x_wconf 83' lang='lat' dir='ltr'>affligebat.</span> 
     </span>
    </p>
   </div>
   <div class='ocr_carea' id='block_1_5' title="bbox 666 3843 1095 3926">
    <p class='ocr_par' dir='ltr' id='par_1_5' title="bbox 666 3843 1095 3926">
     <span class='ocr_line' id='line_1_23' title="bbox 666 3843 1095 3926; baseline 0 -8"><span class='ocrx_word' id='word_1_202' title='bbox 666 3844 780 3918; x_wconf 78' lang='lat' dir='ltr'>ronna</span> <span class='ocrx_word' id='word_1_203' title='bbox 802 3847 910 3919; x_wconf 83' lang='lat' dir='ltr'>notu</span> <span class='ocrx_word' id='word_1_204' title='bbox 931 3845 966 3916; x_wconf 84' lang='lat' dir='ltr'>ir</span> <span class='ocrx_word' id='word_1_205' title='bbox 987 3843 1095 3926; x_wconf 73' lang='lat' dir='ltr'>ltella.</span> 
     </span>
    </p>
   </div>
   <div class='ocr_carea' id='block_1_6' title="bbox 105 4093 1652 4554">
    <p class='ocr_par' dir='ltr' id='par_1_6' title="bbox 105 4093 1652 4554">
     <span class='ocr_line' id='line_1_24' title="bbox 210 4093 1650 4186; baseline 0.003 -20"><span class='ocrx_word' id='word_1_206' title='bbox 210 4093 256 4166; x_wconf 93' lang='lat' dir='ltr'>In</span> <span class='ocrx_word' id='word_1_207' title='bbox 286 4093 485 4186; x_wconf 68' lang='lat' dir='ltr'>Napnlial)</span> <span class='ocrx_word' id='word_1_208' title='bbox 519 4099 637 4174; x_wconf 68' lang='lat' dir='ltr'>multus</span> <span class='ocrx_word' id='word_1_209' title='bbox 671 4099 783 4168; x_wconf 85' lang='lat' dir='ltr'>terrae</span> <span class='ocrx_word' id='word_1_210' title='bbox 816 4101 944 4170; x_wconf 82' lang='lat' dir='ltr'>tremor</span> <span class='ocrx_word' id='word_1_211' title='bbox 981 4095 1131 4173; x_wconf 88' lang='lat' dir='ltr'>Sabbato</span> <span class='ocrx_word' id='word_1_212' title='bbox 1164 4102 1245 4173; x_wconf 89' lang='lat' dir='ltr'>aute</span> <span class='ocrx_word' id='word_1_213' title='bbox 1274 4097 1401 4183; x_wconf 77' lang='lat' dir='ltr'>laetum</span> <span class='ocrx_word' id='word_1_214' title='bbox 1429 4095 1549 4170; x_wconf 83' lang='lat' dir='ltr'>Sancti</span> <span class='ocrx_word' id='word_1_215' title='bbox 1579 4097 1650 4173; x_wconf 84' lang='lat' dir='ltr'>Au-</span> 
     </span>
     <span class='ocr_line' id='line_1_25' title="bbox 106 4214 1652 4313; baseline 0.003 -25"><span class='ocrx_word' id='word_1_216' title='bbox 106 4214 209 4288; x_wconf 87' lang='lat' dir='ltr'>dreae</span> <span class='ocrx_word' id='word_1_217' title='bbox 231 4214 277 4302; x_wconf 87' lang='lat'>¹⁰)</span> <span class='ocrx_word' id='word_1_218' title='bbox 310 4214 453 4303; x_wconf 86' lang='lat' dir='ltr'>eccidit,</span> <span class='ocrx_word' id='word_1_219' title='bbox 487 4219 527 4286; x_wconf 87' lang='lat' dir='ltr'>ut</span> <span class='ocrx_word' id='word_1_220' title='bbox 558 4214 688 4296; x_wconf 81' lang='lat' dir='ltr'>Romae</span> <span class='ocrx_word' id='word_1_221' title='bbox 720 4216 914 4313; x_wconf 89' lang='lat' dir='ltr'>audiretur,</span> <span class='ocrx_word' id='word_1_222' title='bbox 949 4229 983 4292; x_wconf 89' lang='lat' dir='ltr'>et</span> <span class='ocrx_word' id='word_1_223' title='bbox 1010 4217 1112 4310; x_wconf 86' lang='lat' dir='ltr'>plura</span> <span class='ocrx_word' id='word_1_224' title='bbox 1144 4221 1261 4293; x_wconf 86' lang='lat' dir='ltr'>castra</span> <span class='ocrx_word' id='word_1_225' title='bbox 1289 4223 1323 4290; x_wconf 89' lang='lat' dir='ltr'>et</span> <span class='ocrx_word' id='word_1_226' title='bbox 1351 4217 1513 4306; x_wconf 80' lang='lat' dir='ltr'>castella,</span> <span class='ocrx_word' id='word_1_227' title='bbox 1541 4221 1578 4292; x_wconf 86' lang='lat' dir='ltr'>et</span> <span class='ocrx_word' id='word_1_228' title='bbox 1605 4218 1652 4296; x_wconf 82' lang='lat' dir='ltr'>ui-</span> 
     </span>
     <span class='ocr_line' id='line_1_26' title="bbox 105 4333 1652 4436; baseline 0.004 -28"><span class='ocrx_word' id='word_1_229' title='bbox 105 4341 260 4428; x_wconf 90' lang='lat' dir='ltr'>gnauter</span> <span class='ocrx_word' id='word_1_230' title='bbox 284 4335 413 4413; x_wconf 85' lang='lat' dir='ltr'>civitas</span> <span class='ocrx_word' id='word_1_231' title='bbox 441 4334 642 4428; x_wconf 82' lang='lat' dir='ltr'>dscopolis,</span> <span class='ocrx_word' id='word_1_232' title='bbox 671 4333 906 4413; x_wconf 86' lang='lat' dir='ltr'>minarentur.</span> <span class='ocrx_word' id='word_1_233' title='bbox 936 4336 1188 4416; x_wconf 85' lang='lat' dir='ltr'>Subuersomm</span> <span class='ocrx_word' id='word_1_234' title='bbox 1214 4341 1332 4414; x_wconf 86' lang='lat' dir='ltr'>autem</span> <span class='ocrx_word' id='word_1_235' title='bbox 1361 4358 1404 4414; x_wconf 85' lang='lat' dir='ltr'>ex</span> <span class='ocrx_word' id='word_1_236' title='bbox 1424 4343 1537 4436; x_wconf 86' lang='lat' dir='ltr'>terrae</span> <span class='ocrx_word' id='word_1_237' title='bbox 1557 4343 1652 4428; x_wconf 81' lang='lat' dir='ltr'>motu</span> 
     </span>
     <span class='ocr_line' id='line_1_27' title="bbox 107 4456 1294 4554; baseline 0.003 -26"><span class='ocrx_word' id='word_1_238' title='bbox 107 4461 368 4532; x_wconf 81' lang='lat' dir='ltr'>nostrorumst</span> <span class='ocrx_word' id='word_1_239' title='bbox 396 4456 619 4532; x_wconf 84' lang='lat' dir='ltr'>castellorum</span> <span class='ocrx_word' id='word_1_240' title='bbox 642 4457 725 4529; x_wconf 88' lang='lat' dir='ltr'>loca</span> <span class='ocrx_word' id='word_1_241' title='bbox 753 4457 864 4532; x_wconf 90' lang='lat' dir='ltr'>undae</span> <span class='ocrx_word' id='word_1_242' title='bbox 892 4457 1294 4554; x_wconf 80' lang='lat' dir='ltr'>sruporiugrediebautur.</span> 
     </span>
    </p>
   </div>
   <div class='ocr_carea' id='block_1_7' title="bbox 216 4763 1652 4853">
    <p class='ocr_par' dir='ltr' id='par_1_7' title="bbox 216 4763 1652 4853">
     <span class='ocr_line' id='line_1_28' title="bbox 216 4763 1652 4853; baseline 0.003 -25"><span class='ocrx_word' id='word_1_243' title='bbox 216 4767 241 4846; x_wconf 88' lang='lat'>¹)</span> <span class='ocrx_word' id='word_1_244' title='bbox 264 4767 406 4828; x_wconf 72' lang='lat' dir='ltr'>(lomltmn</span> <span class='ocrx_word' id='word_1_245' title='bbox 433 4767 528 4829; x_wconf 81' lang='lat' dir='ltr'>(tiliae</span> <span class='ocrx_word' id='word_1_246' title='bbox 552 4763 621 4829; x_wconf 51' lang='lat' dir='ltr'>¹lb&#39;d.</span> <span class='ocrx_word' id='word_1_247' title='bbox 652 4765 742 4849; x_wconf 77' lang='lat' dir='ltr'>Lipa.</span> <span class='ocrx_word' id='word_1_248' title='bbox 773 4766 801 4845; x_wconf 59' lang='grc' dir='ltr'>ἰ)</span> <span class='ocrx_word' id='word_1_249' title='bbox 831 4769 1009 4829; x_wconf 78' lang='lat' dir='ltr'>audientiam</span> <span class='ocrx_word' id='word_1_250' title='bbox 1040 4763 1103 4830; x_wconf 76' lang='lat' dir='ltr'>Ed.</span> <span class='ocrx_word' id='word_1_251' title='bbox 1134 4765 1224 4853; x_wconf 79' lang='lat' dir='ltr'>Lipc.</span> <span class='ocrx_word' id='word_1_252' title='bbox 1255 4767 1283 4843; x_wconf 82' lang='lat'>⁸)</span> <span class='ocrx_word' id='word_1_253' title='bbox 1314 4769 1395 4846; x_wconf 85' lang='lat' dir='ltr'>Rege</span> <span class='ocrx_word' id='word_1_254' title='bbox 1426 4769 1566 4830; x_wconf 80' lang='lat' dir='ltr'>Ladielao</span> <span class='ocrx_word' id='word_1_255' title='bbox 1591 4765 1652 4833; x_wconf 77' lang='lat' dir='ltr'>Ed.</span> 
     </span>
    </p>
   </div>
   <div class='ocr_carea' id='block_1_8' title="bbox 107 4868 1755 4957">
    <p class='ocr_par' dir='ltr' id='par_1_8' title="bbox 107 4868 1755 4957">
     <span class='ocr_line' id='line_1_29' title="bbox 107 4868 1755 4957; baseline 0.003 -26"><span class='ocrx_word' id='word_1_256' title='bbox 107 4868 198 4954; x_wconf 58' lang='lat' dir='ltr'>laps</span> <span class='ocrx_word' id='word_1_257' title='bbox 225 4869 253 4950; x_wconf 81' lang='lat'>⁴)</span> <span class='ocrx_word' id='word_1_258' title='bbox 276 4872 355 4948; x_wconf 91' lang='lat' dir='ltr'>quod</span> <span class='ocrx_word' id='word_1_259' title='bbox 378 4873 502 4938; x_wconf 78' lang='lat' dir='ltr'>annnam</span> <span class='ocrx_word' id='word_1_260' title='bbox 524 4878 632 4933; x_wconf 77' lang='lat' dir='ltr'>noriam</span> <span class='ocrx_word' id='word_1_261' title='bbox 649 4873 872 4949; x_wconf 75' lang='lat' dir='ltr'>pertimesceret</span> <span class='ocrx_word' id='word_1_262' title='bbox 885 4869 949 4935; x_wconf 67' lang='lat' dir='ltr'><strong><em>M</em></strong></span> <span class='ocrx_word' id='word_1_263' title='bbox 966 4871 1056 4957; x_wconf 74' lang='lat' dir='ltr'>Lipe.</span> <span class='ocrx_word' id='word_1_264' title='bbox 1075 4870 1102 4956; x_wconf 56' lang='grc' dir='ltr'>ὁ)</span> <span class='ocrx_word' id='word_1_265' title='bbox 1117 4872 1182 4933; x_wconf 80' lang='lat' dir='ltr'>Rex</span> <span class='ocrx_word' id='word_1_266' title='bbox 1195 4879 1295 4934; x_wconf 68' lang='lat' dir='ltr'>umen</span> <span class='ocrx_word' id='word_1_267' title='bbox 1310 4873 1468 4934; x_wconf 69' lang='lat' dir='ltr'>Ladialaue</span> <span class='ocrx_word' id='word_1_268' title='bbox 1482 4869 1546 4935; x_wconf 64' lang='lat' dir='ltr'>Ed„</span> <span class='ocrx_word' id='word_1_269' title='bbox 1563 4871 1653 4957; x_wconf 65' lang='lat' dir='ltr'>depr.</span> <span class='ocrx_word' id='word_1_270' title='bbox 1753 4896 1755 4904; x_wconf 60' lang='lat'><strong><em>⁴</em></strong></span> 
     </span>
    </p>
   </div>
   <div class='ocr_carea' id='block_1_9' title="bbox 107 4971 1654 5180">
    <p class='ocr_par' dir='ltr' id='par_1_9' title="bbox 107 4971 1654 5180">
     <span class='ocr_line' id='line_1_30' title="bbox 108 4971 1654 5060; baseline 0.001 -24"><span class='ocrx_word' id='word_1_271' title='bbox 108 4971 134 5053; x_wconf 78' lang='lat'>⁶)</span> <span class='ocrx_word' id='word_1_272' title='bbox 157 4976 336 5036; x_wconf 86' lang='lat' dir='ltr'>tumulatum</span> <span class='ocrx_word' id='word_1_273' title='bbox 359 4981 404 5036; x_wconf 86' lang='lat' dir='ltr'>eet</span> <span class='ocrx_word' id='word_1_274' title='bbox 426 4971 487 5038; x_wconf 82' lang='lat' dir='ltr'>Ed.</span> <span class='ocrx_word' id='word_1_275' title='bbox 516 4971 603 5060; x_wconf 80' lang='lat' dir='ltr'>Lipr.</span> <span class='ocrx_word' id='word_1_276' title='bbox 633 4974 657 5056; x_wconf 78' lang='lat'>⁷)</span> <span class='ocrx_word' id='word_1_277' title='bbox 679 4995 771 5053; x_wconf 81' lang='lat' dir='ltr'>graue</span> <span class='ocrx_word' id='word_1_278' title='bbox 794 4975 902 5037; x_wconf 84' lang='lat' dir='ltr'>bellum</span> <span class='ocrx_word' id='word_1_279' title='bbox 927 4971 1002 5040; x_wconf 79' lang='lat' dir='ltr'>coa.</span> <span class='ocrx_word' id='word_1_280' title='bbox 1025 4974 1094 5039; x_wconf 84' lang='lat' dir='ltr'>La&#39;e.</span> <span class='ocrx_word' id='word_1_281' title='bbox 1120 4975 1146 5050; x_wconf 72' lang='lat'>⁸)</span> <span class='ocrx_word' id='word_1_282' title='bbox 1171 4983 1301 5038; x_wconf 83' lang='lat' dir='ltr'>exortum</span> <span class='ocrx_word' id='word_1_283' title='bbox 1325 4983 1370 5038; x_wconf 85' lang='lat' dir='ltr'>eat</span> <span class='ocrx_word' id='word_1_284' title='bbox 1394 4971 1469 5040; x_wconf 79' lang='lat' dir='ltr'>Coc.</span> <span class='ocrx_word' id='word_1_285' title='bbox 1489 4973 1554 5041; x_wconf 72' lang='lat' dir='ltr'>Lis.</span> <span class='ocrx_word' id='word_1_286' title='bbox 1579 4976 1605 5058; x_wconf 79' lang='lat'>⁰)</span> <span class='ocrx_word' id='word_1_287' title='bbox 1620 4978 1654 5038; x_wconf 93' lang='lat' dir='ltr'>lu</span> 
     </span>
     <span class='ocr_line' id='line_1_31' title="bbox 107 5073 1129 5180; baseline 0.006 -43"><span class='ocrx_word' id='word_1_288' title='bbox 107 5079 219 5180; x_wconf 83' lang='lat' dir='ltr'>Apulia</span> <span class='ocrx_word' id='word_1_289' title='bbox 246 5073 321 5140; x_wconf 78' lang='lat' dir='ltr'>Coc.</span> <span class='ocrx_word' id='word_1_290' title='bbox 346 5076 413 5142; x_wconf 70' lang='lat' dir='ltr'>nra.</span> <span class='ocrx_word' id='word_1_291' title='bbox 449 5077 488 5160; x_wconf 76' lang='lat'>¹⁰)</span> <span class='ocrx_word' id='word_1_292' title='bbox 513 5080 612 5141; x_wconf 86' lang='lat' dir='ltr'>Sancti</span> <span class='ocrx_word' id='word_1_293' title='bbox 635 5081 772 5156; x_wconf 73' lang='lat' dir='ltr'>Andreae</span> <span class='ocrx_word' id='word_1_294' title='bbox 795 5079 930 5158; x_wconf 80' lang='lat' dir='ltr'>Apostoli</span> <span class='ocrx_word' id='word_1_295' title='bbox 953 5077 1015 5142; x_wconf 84' lang='lat' dir='ltr'>Ed.</span> <span class='ocrx_word' id='word_1_296' title='bbox 1041 5077 1129 5164; x_wconf 78' lang='lat' dir='ltr'>La&#39;pa</span> 
     </span>
    </p>
   </div>
   <div class='ocr_carea' id='block_1_10' title="bbox 0 0 2068 6279">
    <p class='ocr_par' dir='ltr' id='par_1_10' title="bbox 0 0 2068 6279">
     <span class='ocr_line' id='line_1_32' title="bbox 0 0 2068 6279; baseline 0 0"><span class='ocrx_word' id='word_1_297' title='bbox 0 0 2068 6279; x_wconf 95' lang='lat' dir='ltr'> </span> 
     </span>
    </p>
   </div>
  </div>
 </body>
</html>
