4126 6280
420 545 494 614 17ss
927 563 1041 616 aaran
1068 563 1313 618 nuonacrarus
1342 545 1457 634 (x111).
1693 537 1759 638 (Α.
1779 538 1826 612 D.
1846 537 1963 636 1454.)

495 863 675 934 1111111111
698 865 767 934 hex
790 881 860 936 oum
883 881 1001 952 magna
1024 881 1138 954 pompa
1160 864 1351 936 Thmomam
1373 863 1555 952 ingressus,
1579 879 1599 934 a
1621 861 1781 933 dulmomi
1804 864 1894 932 tarra

1036 987 1218 1075 homagium
1241 985 1388 1074 occipit..

525 1234 578 1304 llx
607 1233 774 1305 Lanoicia
807 1234 843 1306 in
871 1235 1053 1307 Prassiam
1086 1233 1176 1306 itum
1210 1240 1279 1322 est,
1313 1239 1348 1305 at
1375 1234 1566 1305 multitudo
1599 1253 1725 1325 magna
1757 1232 1911 1304 militum
1936 1239 1966 1303 at

419 1355 681 1427 adolescentum
710 1357 842 1447 Regem
870 1356 1115 1428 comitabatur.
1145 1357 1278 1428 Aderat
1305 1357 1480 1428 Iohannes
1509 1353 1820 1427 Wladislauionsis
1848 1359 1883 1425 ei
1901 1353 1965 1423 hn-

420 1476 522 1548 dreas
550 1475 818 1565 Posnaniensis,
848 1475 1018 1568 episcopi,
1048 1476 1223 1549 lohannes
1251 1477 1292 1548 de
1311 1475 1488 1548 Thanoain
1515 1474 1771 1562 Oraooviensis,
1801 1475 1914 1550 Lucas
1931 1473 1967 1545 do

422 1597 538 1669 Gorka
565 1584 835 1684 Posnaoriensis,
866 1597 1068 1669 Stanislaus
1097 1597 1139 1669 de
1168 1596 1334 1689 Ostrorog
1357 1595 1594 1684 Calissiensis,
1624 1597 1750 1669 Petrus
1770 1595 1813 1667 de
1832 1594 1968 1686 Oporon

422 1717 758 1806 Wladislaviansis,
799 1717 968 1790 Nicolaus
1007 1717 1256 1810 Scharlpeyshi
1294 1717 1514 1806 BrcstensiS,
1558 1717 1727 1808 palatini,
1765 1717 1894 1810 Petrus
1933 1715 1969 1786 de

424 1839 642 1911 Schanaotuli
675 1838 942 1928 Posnanioasis,
976 1840 1103 1912 Peiros
1122 1840 1164 1912 de
1184 1839 1258 1930 (lay
1291 1839 1532 1927 Calissiensis,
1565 1837 1767 1924 castellani,
1802 1837 1969 1909 lohannes

424 1957 466 2032 de
485 1959 755 2051 Konpecapolye
784 1959 1032 2047 cancellarius,
1061 1960 1188 2032 Petrus
1217 1961 1258 2033 de
1288 1959 1511 2033 Scaekocaini
1535 1959 1844 2032 vicecancellarius
1865 1957 1970 2049 Regni

424 2080 610 2169 Polouiae,
649 2080 824 2172 multique
852 2081 915 2153 alii
942 2081 1135 2174 dignitarii.
1170 2082 1282 2153 Tanta
1309 2087 1426 2153 autem
1454 2103 1533 2154 cum
1561 2080 1656 2172 Rege
1675 2081 1701 2169 ¹)
1726 2084 1802 2151 erat
1819 2078 1970 2170 gentium

423 2202 676 2290 numerositer,
697 2207 737 2273 ut
756 2201 937 2274 duodecim
957 2209 1090 2273 turmas
1110 2202 1282 2294 insignem
1305 2223 1452 2293 quarum
1467 2223 1530 2274 sax
1545 2200 1727 2293 praeibant
1745 2199 1894 2291 Regem,
1915 2219 1970 2269 sex

424 2323 744 2414 subsequebantur,
768 2325 930 2396 lacerant.
950 2324 1077 2414 Itaque
1096 2324 1172 2396 Rex
1189 2322 1219 2412 2)
1239 2343 1316 2396 cum
1337 2343 1462 2415 magna
1480 2322 1592 2415 gloria
1611 2325 1646 2394 et
1665 2320 1897 2392 admiratione
1915 2320 1970 2390 ho·

425 2443 558 2515 minam
585 2441 737 2534 primum
763 2443 919 2532 Thorun,
950 2444 1036 2517 feria
1054 2443 1178 2536 quinta
1197 2449 1278 2516 ante
1297 2445 1389 2516 diem
1410 2444 1530 2523 Sancti
1550 2441 1684 2516 Urbani
1709 2442 1906 2534 ingressus,
1934 2439 1971 2510 ab

424 2563 589 2636 universo
617 2565 725 2652 clero,
754 2564 941 2636 nobilitate
969 2571 1003 2637 et
1030 2566 1177 2656 populo,
1207 2571 1241 2637 et
1268 2565 1311 2637 ab
1339 2564 1514 2636 univorsis
1542 2563 1723 2636 ordinibus
1752 2583 1830 2634 611111
1852 2581 1971 2652 magna

426 2685 565 2757 laetitia
584 2689 618 2757 et
637 2705 763 2776 pompa
787 2690 988 2776 susceptae,
1019 2691 1054 2758 ei
1073 2685 1233 2757 omnibus
1253 2685 1461 2758 necessariis
1489 2688 1707 2776 procuratus.
1736 2683 1842 2756 Roria
1875 2682 1972 2755 tertia

426 2810 507 2877 ante
535 2805 663 2878 festum
692 2803 920 2878 Asccnsionis
948 2805 1106 2893 Domini,
1137 2807 1338 2879 Kaaimirus
1366 2805 1533 2877 Polouiaa
1552 2806 1629 2878 Rex
1652 2805 1849 2876 thalamum
1871 2809 1905 2874 at
1923 2824 1971 2872 so·

426 2926 530 3014 lium,
568 2925 605 2997 in
643 2925 774 2998 circulo
811 2926 1050 2998 Thorunonsis
1087 2927 1245 2998 civitatis
1278 2928 1321 2998 ad
1355 2927 1390 2998 id
1421 2930 1660 2998 constructum
1693 2931 1728 2996 ot
1757 2930 1970 3006 exorouotum,

427 3047 677 3132 conscendens,
715 3047 862 3119 indutus
894 3067 1004 3138 cappa
1036 3053 1071 3119 et
1102 3047 1297 3119 diademate
1330 3048 1440 3139 regali
1474 3047 1641 3135 vestitus,
1682 3045 1860 3117 univorsis
1895 3043 1971 3115 insi-

426 3166 554 3258 gnibus
580 3167 776 3259 regalibus,
809 3189 927 3259 pomo,
968 3171 1104 3259 sceptro
1132 3172 1167 3240 et
1194 3189 1275 3240 ense
1303 3172 1465 3254 ornatus,
1500 3167 1748 3240 assistentibus
1776 3165 1847 3237 sibi
1874 3166 1971 3238 Prae-

426 3287 511 3359 latis
539 3279 790 3360 at'baronibus
827 3287 1008 3376 Polouiae,
1046 3287 1250 3380 homagium
1287 3310 1307 3360 a
1339 3293 1432 3360 terra
1468 3285 1705 3377 0111666613),
1744 3285 1910 3360 Gabriele
1936 3285 1972 3356 de

430 3409 568 3499 Baysen
595 3409 769 3499 palatino,
799 3429 877 3481 cum
905 3408 1084 3480 nobilibus
1101 3418 1135 3480 et
1155 3409 1359 3482 Senioribus
1394 3408 1578 3481 ciuitatum
1611 3407 1730 3481 dhelm
1758 3413 1794 3479 ot
1825 3407 1971 3490 Thoruu,

427 3528 632 3601 bardarium
652 3534 687 3601 et
706 3528 822 3622 signa,
843 3527 970 3620 quibus
990 3528 1044 3599 uti
1063 3534 1159 3601 tarra
1177 3529 1373 3603 dulmensis
1389 3531 1420 3618 4)
1449 3529 1646 3616 consuevit,
1677 3527 1870 3600 ferentibus
1891 3530 1924 3598 et
1941 3525 1971 3596 in

429 3649 569 3740 signum
599 3649 828 3722 subiectionis
856 3654 891 3722 ot
919 3649 1109 3722 deditionis
1140 3649 1231 3721 illud
1264 3649 1412 3742 pedibus
1443 3649 1550 3742 regiis
1584 3647 1907 3732 substernantibos,
1939 3665 1973 3716 ao

429 3771 607 3861 corporale
634 3769 869 3843 iuramentum
897 3770 939 3843 do
967 3769 1092 3859 11161),
1128 3771 1327 3843 obedientia
1355 3776 1390 3844 et
1418 3769 1634 3843 subiectione
1666 3774 1836 3861 perpetuo
1863 3772 1971 3840 custo·
2046 3749 2047 3756 ἵ

429 3889 571 3979 dienda,
601 3889 880 3980 praestantibus,
909 3890 1054 3982 aooepit.
1084 3891 1255 3984 Homagio
1280 3895 1459 3983 suscepto,
1488 3891 1524 3962 in
1544 3891 1726 3964 ecclesiam
1745 3889 1970 3982 parochialem

430 4011 550 4083 Sancti
578 4011 747 4083 Iohannis
776 4013 854 4084 Rex
871 4012 901 4100 ὓ)
931 4011 1089 4083 transiit:
1118 4011 1180 4083 ubi
1207 4017 1306 4084 tanta
1324 4033 1488 4103 pressura
1516 4011 1601 4100 tuit,
1630 4017 1671 4083 ut
1690 4011 1752 4082 vix
1771 4009 1849 4083 Rex
1865 4009 1896 4096 ⁷)
1923 4029 1967 4080 eo·

430 4130 572 4202 alesiam
601 4129 813 4222 praedictam
841 4131 1015 4223 attingere
1041 4129 1207 4222 potuerit.
1237 4132 1421 4205 Oblatione
1451 4133 1494 4204 ad
1521 4133 1632 4204 altare
1659 4130 1773 4202 maius
1802 4131 1902 4202 iuxta
1918 4129 1966 4199 do-

431 4252 578 4324 centium
599 4253 750 4344 regalem
769 4253 876 4340 facta,
906 4258 941 4325 et
968 4255 1023 4324 Te
1052 4253 1145 4325 Deu
1159 4273 1192 4324 m
1220 4253 1465 4325 laudamus
1498 4255 1626 4344 hymno
1645 4273 1666 4322 a
1684 4253 1777 4323 clero
1797 4256 1833 4323 et
1851 4249 1967 4342 populo

430 4377 587 4462 cantato,
617 4373 694 4446 dies
722 4373 784 4446 ille
812 4373 848 4445 in
876 4373 1015 4446 laetitia
1043 4378 1079 4446 et
1105 4373 1287 4445 hilaritate
1319 4373 1504 4446 universae
1532 4372 1646 4465 plebis
1677 4373 1883 4464 absumptas
1910 4375 1965 4442 est.

540 4663 562 4743 ¹)
587 4684 651 4726 cum
676 4665 819 4726 sasima-0
842 4667 924 4742 Rege
948 4661 1010 4725 Ed.
1038 4663 1126 4747 Lips.
1151 4661 1177 4744 ²)
1201 4667 1361 4727 Oasimirus
1385 4667 1448 4726 Rex
1470 4663 1533 4728 Ed.
1562 4663 1653 4748 Lipe.
1679 4663 1703 4745 ³)
1720 4665 1883 4728 Chelmensi
1899 4657 1964 4722 Coa

433 4765 540 4830 Pozez.
573 4763 598 4845 4)
632 4769 816 4829 Olaelmensis
848 4765 924 4831 Coa.
956 4767 1065 4830 Pocae.
1098 4767 1123 4847 5)
1155 4769 1191 4830 dc
1222 4769 1362 4829 fidelitate
1393 4765 1455 4830 Ed.
1479 4767 1571 4851 Lips.
1599 4767 1625 4848 ⁶)
1649 4770 1810 4830 Casimirus
1831 4770 1890 4827 Rex
1909 4760 1963 4824 Ed.

430 4871 522 4954 Lipc.
549 4868 574 4952 'l
597 4873 662 4932 Rex
684 4873 748 4949 ipse
771 4869 834 4934 Ed.
857 4871 947 4954 Lipo.
