4082 6284
404 517 480 604 330
909 541 1022 604 nram
1048 543 1294 605 noceremus
1321 524 1435 622 (mu).
1682 521 1980 626 (aanor.)

409 735 531 828 piendi
558 733 678 827 oppidi
706 733 809 808 enixe
835 739 1026 808 novaverat
1052 740 1184 827 partes,
1213 734 1343 808 deserti
1365 732 1495 822 esuis,
1522 751 1585 825 por
1611 733 1805 826 oppidanos
1832 734 1946 808 obtriti

405 860 499 928 sunt.
528 855 595 928 His
625 853 844 927 successibus
873 853 1038 946 oppidani
1064 855 1102 927 in
1129 853 1317 927 Fridlenth
1343 853 1509 946 permoti,
1542 871 1620 926 eum
1651 849 1791 926 uicibus
1818 854 1946 946 aliquot

409 974 625 1067 praesidium
653 975 788 1066 regium
816 973 939 1047 eiicere
966 974 1217 1062 tentavissent,
1246 973 1289 1044 ad
1317 977 1510 1046 extremum
1529 973 1827 1064 opportunitatem
1846 973 1945 1062 nacti,

404 1095 561 1167 hostium
587 1093 690 1186 globo
717 1114 788 1165 una
813 1097 915 1185 porta
941 1091 978 1166 in
1005 1093 1161 1166 diluculo
1189 1092 1408 1182 intromisso,
1437 1091 1568 1165 milites
1587 1087 1719 1185 regios,
1739 1094 1859 1166 autin
1877 1114 1945 1164 mu·

404 1214 470 1302 ris,
499 1217 561 1285 aut
586 1212 624 1284 in
650 1212 794 1286 aedibus
821 1213 1053 1287 consistentes
1080 1216 1252 1305 occupant
1278 1217 1314 1285 et
1341 1212 1588 1285 miserabiliter
1614 1233 1741 1305 magna
1765 1233 1811 1285 ex
1835 1219 1941 1304 purte,

408 1333 531 1425 paucis
564 1332 658 1405 vitae
690 1331 896 1421 reservatis,
933 1333 1126 1419 trucidant3
1164 1331 1276 1404 omnis
1313 1353 1449 1424 quoque
1485 1331 1719 1422 expeditionis
1756 1337 1947 1404 transactae

407 1453 559 1541 tructus,
579 1451 696 1526 tenuis
715 1451 856 1543 quidem
875 1457 910 1525 et
925 1452 1094 1546 exiguus,
1113 1452 1151 1524 in
1168 1451 1358 1544 perniciem
1374 1471 1565 1524 musteus
1581 1454 1620 1541 lt.
1648 1451 1826 1544 Oppidum
1845 1451 1947 1524 Brod-

407 1571 506 1644 nieua
533 1571 570 1643 iu
597 1571 775 1644 dulmensi
801 1577 910 1661 tenu,
938 1572 1021 1644 dum
1049 1572 1267 1664 negligenter
1281 1569 1313 1661 ²)
1341 1593 1361 1642 a
1388 1571 1535 1644 Nicolao
1562 1572 1605 1644 de
1631 1572 1869 1663 Koscuelyecu
1894 1592 1948 1662 pa-

407 1690 519 1762 latino
552 1689 910 1764 quiwladislavieusi
938 1697 973 1763 et
1000 1691 1073 1764 filio
1101 1713 1181 1780 suo,
1214 1691 1370 1764 Iohanne
1403 1691 1668 1780 sucuomerario,
1702 1697 1949 1778 asservaretur,

409 1810 572 1886 hostibus
600 1816 700 1884 necte
727 1811 763 1884 in
792 1812 883 1884 illud
909 1831 971 1904 per
998 1814 1129 1886 fossata
1155 1833 1282 1904 aquea,
1309 1812 1409 1884 nullo
1436 1811 1657 1904 prohibente,
1687 1812 1749 1884 sed
1776 1831 1842 1883 nec
1869 1811 1951 1902 rigi·

408 1932 505 2003 lente
533 1930 690 2021 quidem,
719 1931 1011 2022 irrumpentibus,
1039 1931 1289 2022 interceptum
1321 1931 1555 2030 universoque
1588 1929 1744 2002 hostium
1770 1930 1898 2002 robore
1921 1929 1953 2002 in

410 2049 604 2124 Brodnicaa
635 2050 848 2139 confluente,
879 2072 943 2124 arx
977 2051 1248 2143 propugnaculis
1280 2050 1517 2137 incircuitu,
1550 2070 1594 2122 ne
1623 2049 1761 2140 aliquid
1794 2049 1955 2122 inillam

410 2169 591 2260 importari
618 2173 752 2259 posset,
781 2169 1008 2257 constructis,
1037 2169 1188 2244 obsideri
1207 2175 1340 2260 coepta.
1368 2169 1429 2243 Oui
1450 2169 1571 2242 taliter
1589 2168 1814 2262 angustiatae
1831 2175 1870 2241 et
1888 2175 1954 2242 laur

411 2288 669 2376 defensoribus,
698 2309 802 2379 quom
830 2288 1044 2362 victualibus
1062 2309 1186 2380 purum
1205 2289 1364 2377 fulcitae,
1393 2290 1521 2362 Petrus
1540 2288 1659 2360 Dunin
1678 2288 1891 2379 capitaneus
1908 2309 1954 2360 re

411 2408 508 2500 gius,
538 2407 811 2480 suocamerarius
840 2407 1149 2496 Sandomiriensis‚
1179 2429 1384 2482 succurrens
1400 2406 1443 2496 ³),
1472 2428 1535 2498 per
1561 2407 1693 2481 medias
1711 2409 1873 2480 hostium
1892 2415 1956 2480 sta

412 2527 543 2615 tiones,
571 2526 707 2616 aliquot
726 2528 768 2600 de
786 2528 860 2600 suis
887 2527 1112 2614 desideratis,
1141 2532 1176 2601 et
1194 2527 1380 2614 victualia,
1399 2547 1507 2618 parvo
1526 2533 1644 2600 tamen
1662 2527 1859 2599 suffectura
1877 2532 1956 2600 leur·

413 2667 513 2738 pore,
543 2650 578 2718 et
604 2645 736 2718 milites
764 2645 927 2734 immisit,
957 2646 1288 2738 occupationemque
1316 2647 1406 2720 areis
1433 2667 1535 2738 aegre
1561 2647 1755 2738 prohibuit.
1788 2647 1896 2719 Cives
1921 2647 1958 2718 de

415 2765 542 2856 oppido
570 2765 772 2853 Fridlanth,
802 2766 893 2856 apud
920 2765 1102 2838 inferiores
1128 2745 1245 2857 partes
1273 2767 1309 2838 in
1337 2766 1483 2838 Prueeia
1511 2765 1596 2853 sito,
1625 2767 1707 2838 dum
1729 2766 1887 2857 proditio
1904 2787 1962 2857 pru.

416 2905 474 2958 eos
502 2888 622 2957 contra
647 2883 861 2974 praesidium
887 2883 1022 2977 regium
1049 2884 1190 2975 saepius
1213 2889 1364 2974 tentata,
1395 2905 1511 2973 secus,
1540 2885 1716 2958 militibus
1736 2885 1890 2958 iusidias
1908 2907 1958 2957 eo·

415 3024 493 3075 rum
521 3003 860 3094 deprehendentibus
887 3010 922 3076 et
948 3004 1112 3076 authores
1147 3003 1356 3095 proditionis
1387 3004 1502 3095 eapite
1530 3005 1783 3096 plectentibus,
1814 3005 1958 3090 eederet,

417 3143 516 3193 muro
543 3121 717 3208 civitatis,
746 3122 807 3213 qui
833 3122 877 3194 ab
904 3122 1049 3196 aedibus
1076 3123 1274 3214 tegebatur,
1307 3144 1369 3215 pro
1402 3123 1526 3196 maiori
1552 3129 1652 3215 parte
1679 3124 1840 3211 effracto,
1872 3125 1959 3196 Hou-

416 3240 528 3313 ricum
555 3241 775 3332 Plauyenshi
801 3241 1017 3314 Orucilerum
1048 3263 1127 3315 oum
1159 3243 1324 3334 gentibus
1355 3250 1457 3316 nocte
1490 3243 1702 3330 immittunt,
1730 3249 1768 3314 et
1797 3243 1960 3316 ducentos

419 3359 674 3452 quinquaginta
698 3359 787 3451 regii
814 3360 981 3451 praesidii
1008 3361 1139 3434 milites
1167 3360 1204 3433 in
1230 3359 1334 3434 lectis
1364 3361 1554 3434 trucidant.
1593 3361 1768 3452 Oppidum
1798 3362 1960 3453 stargard

419 3479 570 3552 atribus
598 3478 808 3552 Consulibus
835 3479 996 3552 hostibus
1023 3479 1199 3571 proditum
1223 3485 1289 3552 est.
1319 3480 1424 3571 apud
1443 3479 1643 3554 Gdaneuses
1661 3501 1803 3571 quoque
1823 3486 1861 3552 et
1878 3482 1960 3552 Tho·

419 3618 586 3670 ruuenses
613 3597 716 3670 urbes
745 3598 920 3670 tumultus
947 3597 1110 3670 nonnulli
1137 3603 1172 3670 et
1199 3597 1382 3671 inclinatio
1409 3599 1453 3670 ad
1480 3599 1674 3672 Orneiferos
1702 3599 1781 3672 fieri
1809 3606 1960 3691 coeptae

419 3717 487 3790 Per
513 3715 703 3808 practicam
731 3717 903 3808 siquidem
930 3717 1112 3790 Fricuonis
1136 3723 1170 3790 et
1188 3717 1350 3808 Caeparis
1373 3718 1591 3806 Noethwion,
1621 3739 1725 3808 quam
1749 3719 1962 3794 clandestine

420 3857 482 3928 per
508 3835 697 3909 hlautinum
726 3836 843 3909 Suelle
871 3836 1044 3925 Priorem,
1066 3837 1206 3910 natione
1225 3836 1461 3926 Gdunensem,
1482 3843 1517 3909 ot
1535 3838 1648 3910 David
1667 3838 1807 3930 linger,
1828 3839 1963 3912 natione

422 3957 698 4043 Thorcuensem,
731 3957 856 4028 iratres
884 3955 1016 4028 ordinis
1043 3955 1319 4044 Oarthusieneis,
1348 3956 1389 4032 de
1415 3956 1583 4029 Paradiso
1610 3957 1745 4045 Monte,
1775 3959 1866 4032 selis
1893 3963 1962 4030 tau·

421 4073 598 4146 tummodo
626 4074 761 4148 duobus
789 4075 925 4148 civibus
952 4075 1211 4163 Gdanensibus,
1239 4075 1385 4148 Nicolao
1408 4075 1557 4150 Iunther
1576 4081 1693 4150 sutore
1712 4082 1748 4150 et
1767 4078 1962 4150 Hermanno

422 4194 592 4285 Suambeg
606 4195 649 4283 ⁴),
677 4193 844 4284 consciis,
873 4194 1000 4268 civitas
1028 4194 1224 4268 adanensis
1250 4194 1413 4268 hostibus
1440 4195 1540 4286 prodi
1567 4195 1750 4284 debuerat,
1780 4197 1908 4289 quodsi
1925 4197 1964 4269 ad

422 4312 654 4386 constitutum
680 4313 772 4385 diem
799 4314 918 4386 hostes
945 4313 1185 4403 advenissent,
1214 4314 1327 4388 omnis
1354 4335 1473 4388 eorum
1500 4315 1707 4400 multitudo,
1736 4316 1883 4390 insidiis
1908 4337 1964 4408 per

424 4433 625 4506 libanenses
648 4432 834 4521 ordinatis,
864 4433 925 4525 qui
943 4433 1012 4506 iam
1031 4455 1133 4506 suum
1152 4433 1346 4525 periculum
1365 4441 1594 4526 agnoverant,
1615 4434 1743 4506 fuisset
1761 4435 1961 4530 intercepta

423 4552 703 4638 carthusienses,
737 4553 820 4624 dum
851 4558 1034 4645 negarent,
1076 4553 1217 4645 propria
1242 4575 1348 4626 mauu
1375 4554 1418 4627 de
1445 4553 1653 4628 tradimeuto
1685 4555 1843 4627 conuicti
1868 4563 1906 4630 et
1929 4556 1961 4628 in

423 4691 594 4744 carcerem
613 4670 783 4743 Officialis
798 4671 829 4760 ⁵)
858 4671 1053 4744 Gdanensis
1080 4672 1188 4759 trusi,
1216 4693 1279 4746 uec
1305 4673 1404 4764 prius
1432 4673 1586 4762 dimissi,
1619 4673 1690 4746 nisi
1719 4694 1781 4764 per
1809 4674 1960 4766 propriae

424 4811 548 4862 manus
576 4790 762 4881 apodixem
777 4790 809 4879 θ)
837 4791 974 4862 lacinus
1002 4813 1104 4862 suum
1130 4792 1426 4884 recognovissent.
1463 4793 1744 4866 Advenientibus
1772 4801 1892 4867 autem
1915 4794 1960 4865 ui·

425 4909 648 4997 citatoribus,
677 4909 892 4982 ducebantur
919 4912 1098 5002 perpetuis
1126 4908 1322 4984 carceribus
1348 4911 1526 5000 tradendi3
1555 4913 1614 4984 sed
1632 4929 1695 5004 per
1712 4913 1817 4986 Fricu
1835 4918 1871 4986 et
1887 4935 1958 5006 geu-

534 5181 558 5262 ¹)
582 5189 819 5245 conversasset
843 5179 905 5244 Ed.
930 5179 1023 5265 Lipe.
1054 5181 1082 5262 ²)
1108 5183 1176 5244 dum
1205 5183 1404 5261 negligeretur
1432 5182 1495 5248 Ed.
1521 5181 1610 5268 Lipe.
1641 5181 1667 5266 ³)
1690 5203 1866 5250 succurrens
1887 5182 1960 5248 aar

426 5283 463 5348 io
480 5279 555 5350 Coo.
574 5281 661 5347 Calo.
687 5282 713 5366 ⁴)
737 5285 867 5344 Zambek
891 5281 954 5345 Ed.
972 5281 1064 5366 Lipe.
1089 5281 1116 5368 ὕ)
1134 5283 1222 5348 officii
1238 5281 1315 5350 Coo.
1330 5283 1440 5352 Praez.
1464 5287 1491 5367 ⁶)
1507 5289 1786 5352 demonstrationem
1802 5287 1864 5352 Ee.
1882 5287 1959 5372 Lipa
