4040 6290
358 489 432 566 teo
864 515 977 570 umus
1003 513 1248 568 nuouuomus
1276 497 1390 586 (ιω).
1624 488 1692 590 (Α.
1714 487 1761 564 D.
1782 485 1909 584 1473.)

356 703 439 772 sunt
465 699 721 794 quinquaginta
748 719 810 772 sex
838 700 952 773 millia
978 700 1206 788 bellatorum,
1241 705 1277 772 et
1303 703 1443 773 oontum
1472 698 1731 791 quinquaginta
1758 697 1830 770 sub
1856 716 1908 768 as·

356 837 430 892 sero
449 820 488 909 ¹).
517 819 660 892 Halous
692 824 810 892 aurtom
841 821 1111 894 Hussonkassou
1144 820 1376 913 quadraginta
1407 824 1558 912 quatuor
1589 819 1705 892 millia
1733 816 1909 892 exereitu-

355 943 486 1028 torum,
515 959 662 1031 quorum
688 961 798 1012 unum
825 941 920 1012 filius
946 940 1021 1012 eius
1040 939 1150 1012 maior
1168 939 1421 1032 Ugorlimbong
1436 938 1478 1028 2),
1510 941 1660 1014 altorum
1678 938 1799 1014 minor
1818 936 1910 1010 filim

354 1060 509 1150 Duoyual
524 1057 566 1148 ³),
597 1059 740 1133 tertium
768 1061 957 1152 Bayaudur
971 1061 1001 1149 4)
1029 1081 1176 1152 magnus
1201 1060 1366 1152 satrapa,
1394 1064 1559 1152 quartum
1585 1061 1678 1152 ipse,
1719 1059 1908 1144 duoebaut,

357 1179 506 1252 Turnum
524 1199 603 1252 oum
622 1181 732 1272 ooplis
760 1185 899 1254 oontnm
927 1180 1183 1273 quinquaginta
1211 1181 1385 1269 millibus,
1414 1181 1450 1254 iu
1470 1181 1632 1254 turribus
1651 1185 1686 1254 ot
1705 1179 1910 1254 lombardis

354 1305 567 1392 pugnantem
595 1299 825 1376 oiroumdsdit
843 1304 878 1374 et
896 1300 1056 1374 oouilixit
1072 1300 1120 1390 5);
1149 1306 1184 1374 et
1210 1322 1281 1375 nox
1309 1302 1559 1392 superueniens
1578 1321 1735 1394 pugnam
1753 1299 1910 1386 diremit,

356 1423 392 1492 et
419 1420 529 1492 Turno
563 1420 716 1512 spatium
749 1420 918 1496 euadendi
950 1421 987 1496 iu
1014 1421 1353 1514 Constantinopolim
1386 1421 1491 1496 dedit.
1525 1423 1568 1494 Iu
1596 1443 1637 1496 ea
1664 1443 1788 1514 pugna
1818 1421 1911 1494 lilius

355 1538 627 1616 Husoeukassou
658 1540 813 1632 Duoynal
827 1539 871 1630 ὓ),
906 1546 940 1612 ot
971 1541 1088 1616 desem
1121 1541 1307 1616 miltiade
1340 1563 1402 1614 suo
1430 1543 1588 1617 exercitu
1621 1542 1754 1630 oooisa;
1792 1562 1911 1616 omnes

356 1664 472 1734 autem
500 1660 556 1734 sui
583 1661 749 1736 Prooeres
776 1664 812 1734 oi
839 1661 1041 1751 optimates,
1080 1661 1140 1753 qui
1168 1661 1262 1754 eapti
1289 1663 1443 1750 fuerant,
1472 1661 1605 1738 serrati
1632 1668 1733 1750 suut,
1765 1681 1910 1736 numero

356 1778 699 1873 trigintaquinque,
728 1781 823 1856 inter
849 1801 936 1874 quos
964 1786 1038 1856 orat
1065 1781 1327 1858 Kaaohmurath
1343 1783 1385 1871 Ἰ),
1414 1803 1561 1875 maguus
1589 1786 1626 1856 et
1652 1787 1783 1874 potens
1809 1781 1910 1854 Priu-

355 1919 449 1992 eaps.
477 1901 582 1992 Apud
609 1900 791 1978 Austriam
814 1922 952 1992 quoque
970 1902 1146 1977 exereitus
1165 1903 1319 1979 Mathiae
1346 1903 1454 1996 Regis
1470 1902 1514 1992 8),
1544 1903 1605 1994 qui
1624 1924 1662 1978 se
1681 1904 1833 1976 Fratres
1852 1923 1910 1993 ap·

355 2021 525 2112 pollebat,
545 2021 643 2096 eludo
662 2044 682 2098 a
700 2021 828 2096 barone
855 2021 1021 2095 lustriae
1040 2023 1209 2116 lieuingor
1226 2024 1408 2096 ooufliotns
1419 2024 1463 2112 9),
1483 2023 1613 2114 partim
1631 2023 1747 2098 farina
1765 2027 1806 2095 et
1825 2023 1910 2109 sale,

356 2139 484 2232 quibus
503 2141 582 2216 oalu
601 2141 713 2216 mixta
735 2145 825 2230 erat,
853 2142 1049 2230 oxtinotus,
1079 2143 1115 2216 in
1142 2165 1249 2236 pane;
1277 2144 1449 2236 reliquiae
1476 2148 1594 2216 autem
1622 2165 1760 2231 eorum,
1792 2144 1910 2219 deser·

355 2261 401 2336 tis
428 2261 630 2352 praesidiis,
660 2262 697 2338 iu
724 2262 923 2338 Pannoniae
951 2263 995 2334 ad
1024 2265 1231 2356 Hungarum
1259 2265 1469 2358 effugerunt.
1498 2264 1603 2336 Alius
1622 2265 1708 2336 item
1729 2263 1912 2336 exereitus

354 2380 560 2470 Turturum,
590 2381 650 2474 qui
679 2383 849 2456 Bossuam
882 2389 1128 2474 oooupaverat,
1162 2384 1379 2460 Corinthiam
1406 2391 1442 2458 et
1469 2383 1614 2456 Stiriam
1640 2385 1830 2458 hostiliter
1857 2385 1910 2456 iu·

352 2521 510 2593 gratam,
541 2503 611 2576 iore
640 2507 748 2576 totam
777 2503 1011 2594 depopulatus
1039 2509 1111 2576 est:
1141 2504 1315 2580 infinitam
1339 2505 1520 2578 hominum
1539 2505 1726 2595 utriusque
1744 2526 1859 2576 sexus
1878 2511 1911 2576 et

354 2635 539 2712 puerorum
558 2622 824 2697 multitudinem
847 2622 884 2694 in
908 2623 1167 2715 captiuitatem,
1196 2626 1295 2699 nullo
1313 2629 1546 2720 repugnante,
1567 2625 1724 2717 abigens
1755 2625 1909 2698 Distrin-

357 2741 547 2816 lusatiam
575 2743 819 2834 Musoaeupeou
840 2743 883 2832 ¹⁰)
920 2765 1027 2836 propo
1053 2745 1175 2837 Kyow,
1209 2768 1229 2820 a
1257 2747 1436 2822 Thertaris
1468 2752 1553 2822 tuno
1579 2751 1744 2820 vastatus
1771 2749 1847 2832 ost,
1877 2753 1911 2818 at

356 2861 596 2960 septingentae
623 2863 759 2940 animae
785 2863 822 2936 in
850 2864 1092 2959 eaptivitatem
1120 2866 1301 2940 abduotao.

354 3220 532 3293 indoneus
554 3221 730 3312 imperator
745 3225 821 3312 post
837 3224 957 3295 multos
979 3226 1159 3310 irrotatur,
1182 3225 1443 3315 legationesque,
1459 3225 1574 3295 ioodus
1590 3227 1624 3294 at
1640 3223 1823 3294 amieitim
1838 3241 1908 3293 ou

355 3339 515 3412 [titulat
537 3341 686 3414 Polouiae
702 3345 738 3414 ot
754 3343 929 3415 wladislao
951 3362 1011 3416 uo
1033 3345 1101 3416 ilio
1123 3345 1292 3416 Boionius
1314 3343 1455 3435 uagom
1476 3346 1555 3431 init,
1572 3349 1608 3415 ot
1622 3344 1841 3416 wladislau
1855 3361 1907 3414 vo

503 3555 507 3563 Ι
565 3479 634 3535 uum
656 3463 774 3554 degon
796 3464 966 3536 nonenim
988 3467 1088 3555 atquo
1110 3464 1288 3537 llootorou
1308 3466 1505 3554 imperialem
1526 3465 1686 3536 deotmot.

456 3709 586 3782 Deoaui
613 3711 864 3784 Posnauiensis
891 3712 1004 3801 Adae,
1039 3710 1218 3785 Fridorioo
1252 3711 1459 3803 Imperatori
1487 3709 1742 3798 Romanorum,
1773 3711 1835 3802 qni
1863 3711 1904 3782 il·

353 3828 426 3902 lum
454 3829 491 3902 in
519 3830 708 3904 Almaunia
735 3833 827 3924 apud
854 3831 1034 3906 civitatem
1062 3833 1180 3906 Badeu
1201 3833 1245 3921 ¹¹)
1274 3832 1433 3920 offendit,
1466 3833 1653 3922 plusquam
1682 3835 1810 3922 gratus
1839 3830 1906 3900 fuit

351 3949 524 4026 adventus
552 3955 586 4024 st
608 3972 692 4025 suae
720 3952 908 4046 legationis
935 3953 1060 4026 sorios:
1088 3953 1266 4026 metuebat
1293 3951 1402 4040 enim,
1432 3973 1475 4024 ne
1502 3951 1687 4026 oouoordia
1713 3950 1811 4024 iuter
1838 3951 1904 4022 lla·

351 4089 412 4160 gas
440 4070 622 4160 Polemios,
652 4073 854 4164 Huugariae
880 4077 917 4146 et
944 4073 1132 4146 Bohemiae
1147 4071 1209 4162 1Ἃ),
1238 4073 1340 4146 iuxta
1366 4091 1526 4145 rooessus
1549 4070 1757 4156 Nissenses,
1787 4071 1903 4161 Impa

352 4189 462 4263 ratori
488 4191 617 4282 optime
645 4197 761 4281 notos,
795 4199 929 4281 seauta,
963 4193 1049 4267 totis
1081 4193 1217 4266 uiribus
1249 4197 1369 4266 eontra
1402 4213 1481 4266 oum
1508 4191 1713 4283 Huugariao
1741 4191 1823 4263 Rex
1850 4190 1902 4262 in·

352 4310 542 4384 oumberet.
572 4311 685 4384 Solita
712 4317 828 4385 tamen
850 4313 995 4386 vairioie
1014 4335 1116 4401 usus,
1146 4333 1272 4406 magun
1290 4333 1351 4404 spe
1370 4313 1483 4386 Adam
1501 4313 1640 4384 Deoano
1660 4311 1903 4383 Posnaniouss

353 4449 417 4519 por
441 4451 480 4502 ss
508 4433 544 4504 ot
571 4452 652 4504 suos
684 4431 868 4522 offioiales,
900 4453 1032 4525 perque
1064 4434 1249 4506 Albortum
1280 4432 1516 4506 Marohiouem
1548 4431 1900 4523 Brandeburgeusem

354 4549 517 4642 impleto,
546 4551 684 4624 nullum
712 4551 756 4624 ad
781 4553 990 4646 legationem
1013 4553 1121 4646 Regis
1145 4553 1312 4626 Polouiae
1330 4557 1462 4626 eertum
1482 4552 1586 4625 edens
1613 4572 1824 4642 responsum
1844 4547 1899 4638 13),

461 4791 484 4872 ¹)
507 4793 562 4854 aub
584 4811 686 4858 urere
707 4789 913 4858 desideratur
934 4791 971 4854 iu
992 4788 1056 4856 Ed.
1079 4788 1170 4874 Lipo.
1195 4789 1219 4868 ²)
1241 4789 1434 4866 Vgurlimbeu
1457 4785 1520 4852 Ed
1544 4785 1638 4870 Ltpa
1656 4786 1683 4866 ³)
1698 4789 1809 4850 Duiual
1825 4785 1899 4852 coa

351 4895 461 4959 Praoz.
488 4897 594 4957 Dumal
619 4893 683 4960 Ed.
715 4894 808 4979 Iope.
839 4893 973 4974 (Seinel).
1006 4891 1032 4974 ⁴)
1054 4894 1214 4971 Bagaudar
1239 4880 1315 4955 dod.
1338 4890 1447 4954 Prusa.
1479 4887 1507 4972 ὁ)
1530 4893 1701 4968 profligavit
1722 4889 1787 4952 Ed.
1811 4889 1897 4973 Lipa

352 4998 381 5081 ³)
402 5001 575 5078 Dueynaleu
600 4994 676 5062 Coa.
701 4995 789 5061 Calo.
812 5001 917 5060 Dumal
939 4995 1002 5060 Ed.
1030 4994 1123 5080 Lips.
1148 4993 1175 5080 ⁷)
1198 4997 1391 5058 Raszmurath
1413 4991 1489 5058 Coo.
1507 4990 1596 5058 Galo.
1614 4993 1640 5072 ε)
1656 4995 1831 5071 Huugariue
1844 4995 1896 5054 Re

350 5105 398 5182 gis
420 5100 485 5164 Ed.
507 5100 598 5185 Lu'pe.
623 5099 650 5180 ’i
672 5103 845 5179 profligatus
868 5097 932 5164 Ed.
956 5099 1050 5183 Lipo.
1078 5097 1116 5179 ω)
1138 5101 1330 5176 llsoaeuyeoz
1351 5097 1414 5160 Ed.
1436 5095 1525 5181 Lipo.
1548 5097 1585 5177 ¹¹)
1601 5098 1707 5159 (ladon
1721 5094 1787 5158 Ea.
1806 5095 1894 5179 Lipa

356 5205 396 5286 ¹⁹)
419 5207 496 5268 iuter
517 5206 692 5268 Omimiuum
714 5205 868 5284 Polouiae,
897 5204 1038 5264 Matinium
1052 5204 1239 5279 ·Huugarise
1261 5209 1290 5263 at
1312 5203 1507 5264 wladislaum
1531 5201 1692 5262 Bohomiae
1712 5201 1813 5277 Reges
1834 5197 1895 5261 Ed.

352 5305 445 5392 Ia'pe.
472 5307 513 5390 ι5)
533 5309 573 5370 ad
594 5309 772 5387 legationem
794 5307 930 5369 casimiri
952 5308 1044 5384 Regis
1064 5307 1206 5367 Polouiae
1227 5324 1281 5382 per
1301 5306 1466 5381 praefatum
1491 5304 1587 5366 Adam
1609 5305 1765 5364 Deoauum
1786 5304 1895 5364 Pom-

353 5413 485 5480 uieusem
506 5429 678 5496 responsum
700 5411 792 5474 edens
814 5407 876 5472 Ed.
899 5407 989 5494 Lipa
