4082 6284
413 517 488 588 350
924 539 1036 598 aman
1063 541 1307 594 nuonncmrus
1334 524 1447 613 (mn).
1681 517 1749 616 (Α
1770 517 1816 590 D.
1836 517 1951 614 1462.)
2004 520 2008 525 ’

412 725 580 798 Iohannis
601 725 628 813 ¹)
661 725 970 799 Wladislaviensie
1002 725 1172 822 episcopi,
1206 726 1384 826 Iohannis
1407 727 1546 800 Lutbeh
1579 725 1877 811 vicecancellarii,
1905 726 1952 797 Io·

412 846 538 918 hannis
568 847 610 920 de
636 845 756 920 Pilcaa
784 845 1039 938 cracoviensis,
1069 847 1183 919 Lucae
1211 846 1252 919 de
1276 847 1392 920 corba
1415 846 1681 934 Posuaniensis,
1710 845 1952 937 palatinorum,

412 965 582 1038 Stunislai
620 966 786 1058 Ostrorog
822 966 971 1057 palatini
1008 967 1230 1040 calissieusis
1259 973 1294 1039 et
1320 966 1489 1040 Iohannis
1522 965 1766 1057 Ilithuyenslri
1800 967 1953 1038 marsalci

411 1086 524 1178 Regni
553 1092 589 1158 et
616 1087 790 1178 capitanei
823 1086 1133 1174 Sandomiriunsis,
1166 1108 1270 1178 quum
1302 1087 1447 1159 arbitrio
1480 1087 1635 1179 proprio,
1666 1085 1952 1179 ingeminatums,

410 1207 502 1297 quod
531 1227 568 1278 so
595 1227 684 1279 auno
713 1214 904 1294 transacto,
933 1207 1089 1284 divinum
1117 1207 1251 1280 veritus
1274 1207 1413 1280 irritare
1441 1207 1674 1293 maiestatem,
1703 1209 1882 1278 facturum
1900 1229 1950 1278 na-

411 1333 572 1419 gavorat,
601 1328 645 1399 ad
673 1328 890 1418 occupandas
918 1329 1087 1416 decimus,
1116 1349 1258 1401 censum
1287 1328 1354 1400 soli
1382 1329 1453 1400 Duo
1481 1329 1652 1419 praestari
1680 1327 1858 1414 debitum,
1886 1327 1951 1399 aui·

412 1468 506 1518 mum
534 1447 703 1535 intendit,
733 1455 767 1519 et
795 1448 972 1520 Stauislao
1001 1448 1278 1522 Wantrobhade
1298 1450 1487 1536 Struelone,
1508 1448 1668 1519 dedomo
1697 1447 1830 1532 Ohsaa,
1858 1447 1951 1519 mini-

412 1567 556 1638 sterium
586 1568 841 1658 occupationis,
871 1570 962 1660 quod
990 1569 1058 1644 sibi
1087 1591 1107 1640 a
1134 1570 1229 1661 Rege
1255 1569 1547 1656 demandabatur,
1580 1575 1781 1651 execrante,
1813 1567 1952 1639 Iacobus

412 1687 586 1779 Obulpcca
614 1688 657 1759 de
676 1687 759 1762 cori
788 1689 1018 1780 subpincerna
1046 1689 1300 1775 cracoviensis,
1330 1690 1372 1762 de
1405 1690 1505 1761 domo
1524 1689 1773 1773 Odrovansch‚
1795 1687 1887 1758 illud
1904 1709 1951 1758 aa

411 1813 572 1898 coptaus,
602 1808 752 1881 decimas
779 1809 1024 1882 beneficiorum
1053 1809 1201 1900 praelati
1228 1809 1347 1882 Iacobi
1376 1809 1531 1901 episcopi
1555 1809 1591 1880 in
1610 1807 1862 1900 Praepositum
1880 1808 1952 1880 cta

412 1928 583 2016 coviousi,
612 1929 697 2001 itam
725 1929 877 2001 decimas
906 1929 1149 2002 beneficiorum
1178 1930 1282 2002 Pauli
1309 1930 1455 2017 Decani,
1486 1928 1622 2002 Derslai
1650 1929 1692 2000 de
1720 1927 1951 2000 Kraiaanovi·

411 2070 469 2121 cuo
497 2049 695 2140 Praepositi
723 2049 961 2137 Vislicionsis‚
996 2049 1164 2124 Iohannis
1192 2051 1372 2142 Dlugosoh
1400 2049 1563 2135 senioris,
1597 2049 1737 2121 Nicolai
1771 2055 1809 2119 et
1837 2049 1951 2120 Deme·

412 2169 472 2240 trii
496 2169 538 2241 do
562 2169 737 2258 Sunn02),
770 2171 939 2242 Iohannis
972 2171 1151 2261 Dlugoseh
1182 2169 1346 2254 iunioris,
1379 2170 1630 2242 Canonicorum
1663 2169 1951 2256 cracoviensium,

411 2289 495 2360 item
528 2289 695 2362 Iohannis
728 2290 910 2382 Regulai)
940 2290 1149 2364 Scholastioi
1182 2289 1498 2378 Scarbimirionsis‚
1532 2295 1678 2380 occupat
1712 2295 1749 2360 et
1780 2289 1953 2360 distrahit.

411 2410 494 2500 Ipso
522 2415 638 2482 autem
670 2410 906 2483 ministerium
937 2410 1138 2486 huirvsmodi
1171 2417 1379 2502 exequente,
1413 2411 1500 2482 foria
1532 2415 1656 2501 quarta
1688 2409 1724 2481 iu
1753 2408 1812 2480 die
1841 2409 1953 2482 Sancti

411 2530 686 2618 Bartholomaei,
715 2531 751 2602 in
779 2531 1052 2618 Prosobouioae,
1082 2529 1258 2623 plurisque
1285 2529 1367 2602 aliis
1396 2531 1498 2616 locis,
1528 2531 1602 2602 sole
1621 2535 1787 2622 vergonto
1807 2529 1852 2600 ad
1871 2529 1953 2600 occi·

410 2649 534 2736 duum,
564 2649 677 2742 imago
706 2651 872 2724 crucifixi
898 2652 1003 2726 rubra
1029 2651 1196 2742 primum,
1224 2650 1349 2724 deinde
1376 2650 1524 2742 pallida,
1553 2651 1597 2722 ad
1624 2656 1824 2722 extremum
1847 2649 1953 2740 nigra

409 2769 566 2862 gladium
594 2771 725 2844 habeus
754 2776 928 2856 exertum,
957 2771 992 2846 iu
1021 2791 1099 2844 aare
1127 2771 1307 2862 apparuit,
1336 2777 1372 2843 et
1394 2771 1490 2842 horis
1509 2771 1590 2862 plus
1609 2791 1713 2861 quam
1732 2769 1890 2856 duabus,
1917 2770 1954 2840 ab

411 2889 588 2962 occidente
615 2889 652 2961 in
681 2891 860 2963 meridiam
889 2891 1076 2978 tendendo,
1106 2912 1270 2982 magnum
1290 2891 1531 2983 spectantibus
1555 2890 1764 2962 miraculum
1782 2889 1953 2981 praebuit.

411 3009 515 3082 Tasta
541 3009 686 3100 insuper
712 3011 806 3084 boati
834 3011 1004 3087 Stanialai
1032 3011 1220 3103 aliquoties
1248 3012 1408 3099 sudasse,
1442 3017 1477 3083 et
1504 3012 1585 3083 dum
1613 3033 1633 3082 a
1659 3011 1821 3082 Iohanne
1848 3009 1953 3082 archi-

410 3127 554 3201 diacono
583 3136 617 3202 et
644 3130 927 3204 administratore
955 3131 990 3204 in
1018 3132 1237 3223 processione
1268 3135 1408 3223 portata
1441 3131 1647 3220 siccaretur,
1681 3152 1750 3201 non
1779 3129 1954 3202 destitisse

410 3248 570 3322 sudorem
598 3250 757 3323 emittere
784 3251 861 3323 visa
875 3252 919 3340 ⁴).
949 3252 1083 3344 Quibus
1101 3251 1271 3344 prodigiis
1290 3251 1544 3343 persecutionis
1564 3251 1732 3324 ecclesiae
1752 3250 1952 3323 cracovien-

409 3368 460 3440 sis
488 3375 523 3440 et
550 3390 692 3442 suorum
721 3371 959 3446 ministrorum
987 3371 1190 3464 magnitudo
1219 3371 1353 3464 signari
1380 3372 1643 3444 aestImabatur.

463 3723 752 3800 mvunorinemis
774 3730 863 3798 terra
886 3743 905 3800 a
928 3727 1246 3816 praeuenturus
1269 3726 1437 3814 sarusar
1461 3726 1502 3798 de
1525 3725 1639 3796 Sinin
1663 3727 1699 3796 at
1720 3724 1902 3796 Windhaus

726 3849 877 3934 vastate,
900 3865 955 3936 por
979 3846 1185 3936 capitaneum
1208 3847 1451 3918 cracoviensem
1473 3845 1639 3918 liberatur.

514 4093 587 4164 Sub
616 4092 705 4164 idem
734 4116 871 4188 quoque
899 4099 1036 4184 tempus
1065 4093 1243 4184 Boraivvoy
1272 4093 1313 4165 de
1341 4091 1466 4164 Shrairr
1494 4113 1537 4164 ex
1558 4091 1720 4176 Bithoaa,
1751 4097 1787 4163 et
1809 4093 1953 4166 Wlodeh

410 4213 505 4284 filius
536 4212 743 4284 Wlodkouis
771 4235 814 4286 en
842 4214 1022 4298 Lathaua,
1053 4213 1194 4300 castris,
1217 4235 1293 4284 cunr
1313 4213 1412 4284 milla
1436 4212 1601 4284 videlicet
1628 4211 1834 4283 hominibus
1858 4227 1952 4304 rapto
2035 4275 2037 4306 ,

410 4331 528 4404 vivere
555 4333 722 4420 assuetis,
753 4334 788 4408 in
817 4335 976 4425 Regnum
997 4333 1161 4406 l'olouiae
1181 4333 1421 4420 advenientes,
1447 4332 1482 4404 in
1503 4337 1594 4404 turra
1614 4333 1910 4405 Osvvaucaimousi
1927 4334 1951 4420 5)
2036 4325 2037 4412 I

409 4459 542 4542 petram
575 4452 647 4523 situ
675 4458 710 4524 ot
737 4459 862 4526 rratura
889 4454 1140 4538 firmissimam,
1171 4475 1273 4544 quarn
1303 4453 1432 4524 fluvius
1452 4453 1535 4524 Sola
1553 4452 1682 4539 abluit,
1703 4473 1813 4544 prope
1834 4454 1952 4525 Wolol
2036 4515 2037 4542 2

409 4577 444 4643 et
462 4572 541 4643 Zuri
560 4572 679 4660 sitam,
700 4571 850 4668 spoliato
869 4574 995 4664 oppido
1014 4574 1109 4660 Zari,
1129 4574 1370 4656 incastellant‚
1400 4573 1682 4663 Buhovyooaque
1701 4574 1903 4664 appellant,
1922 4583 1951 4644 ot

410 4695 479 4765 tore
498 4693 695 4765 universam
715 4693 1048 4766 Osvvanozimouscm
1067 4701 1193 4766 terram
1214 4693 1362 4764 flammis
1382 4700 1417 4764 et
1436 4692 1576 4782 spoliis,
1606 4692 1752 4764 Nicolao
1773 4695 1947 4785 Pyorryau-
2035 4671 2037 4758 i

409 4813 490 4884 sach
518 4812 769 4886 sucoamerario
798 4825 833 4884 et
859 4814 1039 4904 capitaneo
1072 4813 1309 4898 cracoviensi,
1342 4834 1419 4885 cum
1451 4813 1616 4904 gentibus
1649 4813 1690 4883 do
1718 4813 1947 4898 Cairicensill
2036 4855 2037 4898 3

407 4933 548 5024 regione
575 4939 610 5005 et
637 4933 718 5005 aliis
746 4933 857 5024 pretio
885 4933 1083 5021 corrductis,
1122 4955 1165 5006 ne
1193 4933 1229 5004 in
1256 4933 1425 5004 ulteriora
1455 4937 1677 5026 grassentur,
1705 4933 1894 5006 resistente
1909 4935 1944 5020 7),

406 5121 820 5132 ---.-----

514 5223 536 5306 ¹)
559 5227 698 5287 videlicet
719 5189 840 5286 Ioannis
870 5221 932 5285 Ed.
965 5221 1054 5306 Lips.
1086 5223 1113 5300 ς)
1136 5223 1173 5284 de
1195 5225 1304 5284 Sieuno
1328 5217 1404 5285 cau.
1429 5220 1537 5283 Prcea.
1562 5221 1590 5292 3)
1611 5223 1748 5298 Rugslya
1770 5219 1835 5282 Ea.
1864 5221 1944 5304 Lipe.

408 5327 433 5408 1)
456 5332 522 5390 visa
544 5335 598 5392 est.
622 5327 686 5392 Ed.
710 5326 803 5411 Lapa.
837 5325 863 5412 ⁵)
889 5328 1145 5407 Osswiaemmenai
1175 5324 1237 5389 Eu.
1261 5325 1351 5408 Lips.
1376 5324 1402 5406 ⁶)
1426 5327 1583 5389 Sciriconsi
1607 5323 1669 5386 Ed.
1691 5323 1783 5410 Lips.
1817 5323 1843 5404 ἵ)
1866 5327 1944 5388 ausa

405 5434 562 5500 resistente
584 5429 647 5498 Eu.
675 5429 765 5521 Lips.
