4046 6278
83 571 150 670 (Α.
173 571 216 645 D.
237 569 362 669 1463.)
598 594 711 648 ursan
737 593 982 649 nuouucnrus
1010 577 1122 666 (xrrr).
1556 575 1630 650 375

82 885 434 967 (111111111111111111
449 895 632 984 proditores
647 895 773 966 suerin
789 898 914 984 partem
929 893 1074 985 lagirtri
1091 881 1320 967 dmciteroruu
1335 897 1511 986 proclivos,
1527 895 1632 986 punit.

188 1143 260 1216 Sub
287 1143 352 1214 hoc
379 1150 495 1216 autem
528 1165 642 1216 rerum
675 1163 877 1236 progressu,
912 1143 1150 1218 Gdanensium
1183 1144 1267 1216 urbs
1300 1142 1337 1215 in
1369 1143 1532 1233 arduum,
1561 1143 1632 1216 nisi

83 1263 306 1337 miseratione
334 1263 453 1336 diuina
481 1267 695 1352 seruaretur,
731 1262 972 1337 traiiciebatur
997 1263 1205 1356 periculum.
1236 1264 1427 1337 Duodecim
1457 1263 1629 1356 siquidem

83 1405 126 1456 ex
155 1383 403 1456 communitate
430 1384 523 1455 haud
552 1384 795 1457 contemnendi
823 1385 933 1474 eires,
959 1406 1021 1477 per
1038 1385 1244 1476 practicam,
1268 1383 1505 1457 inductionem
1524 1389 1629 1476 atque

70 1503 344 1596 persuasionem
372 1504 525 1576 Mathiae
553 1505 750 1594 Spuman1)
778 1505 968 1578 Licentiati
995 1506 1032 1578 iu
1051 1504 1223 1592 Decretis,
1252 1505 1394 1578 natione
1421 1503 1629 1594 edanensis,

83 1629 118 1697 et
146 1623 306 1717 Gregorii
334 1625 434 1696 Koch
449 1623 480 1714 2)
509 1625 598 1698 ciris
626 1625 838 1714 fidanensis,
867 1624 1125 1716 conspiratione
1152 1625 1259 1714 lacta,
1289 1623 1468 1698 civitatem
1496 1624 1533 1696 iu
1556 1645 1627 1697 ma·

82 1766 150 1816 nna
178 1745 340 1836 Magistri
369 1745 505 1817 tradere
532 1746 786 1818 concluserant.
816 1746 945 1818 Varum
973 1745 1056 1818 dum
1088 1746 1266 1836 praelatus
1298 1744 1450 1817 Mathias
1479 1744 1630 1818 Suumau

86 1864 386 1954 Licentiatus‚'de
407 1866 670 1938 intromittendo
690 1866 874 1958 Magistro,
896 1870 929 1938 et
948 1863 1183 1957 opprimendis
1200 1863 1242 1954 ³),
1272 1865 1333 1957 qui
1351 1864 1441 1957 Regi
1460 1866 1628 1954 faverent,

82 2007 161 2059 cum
189 1985 351 2077 pluribus
379 1987 448 2059 sibi
475 1986 609 2060 idoneis
637 1987 847 2075 collocutus,
876 1986 969 2058 vires
997 1985 1138 2057 assidue
1165 1985 1344 2078 proposito
1364 2007 1427 2057 suo
1448 1985 1627 2074 adiiceret,

83 2106 214 2194 effecit,
244 2111 284 2178 ut
310 2107 564 2198 propalaretur.
597 2106 688 2179 Nam
716 2107 761 2192 ad
787 2106 899 2198 ipsam
926 2127 999 2180 rem
1027 2106 1273 2178 conficiendam
1305 2127 1384 2179 cnm
1413 2105 1488 2179 dies
1515 2097 1638 2180 trede·'

83 2229 173 2300 eima
200 2227 287 2298 Iulii
302 2228 333 2316 ⁴)
361 2227 527 2299 instituta
554 2229 657 2314 foret,
687 2232 722 2300 et
749 2227 916 2320 Magister
943 2226 1174 2300 Crucifericus
1202 2247 1269 2298 non
1299 2228 1401 2318 louge
1429 2245 1507 2299 cum
1531 2227 1628 2300 mille

84 2348 287 2442 quingentis
315 2348 535 2440 equestribus
564 2349 716 2436 abesset,
746 2348 919 2420 coniurati
946 2369 1084 2440 quoque
1102 2347 1234 2441 insigni
1253 2347 1442 2420 sorensium
1461 2346 1627 2437 militum,

84 2471 143 2563 qui
172 2473 238 2544 sub
266 2469 380 2561 specie
407 2489 537 2543 merces
566 2469 766 2559 forentium,
796 2469 914 2541 navali
946 2469 1072 2542 itinere
1099 2489 1160 2561 per
1188 2469 1355 2562 Pelagus,
1384 2468 1564 2541 civitatem
1592 2468 1629 2540 in

82 2611 226 2664 numero
254 2595 289 2662 11
316 2589 513 2682 quantitate
540 2589 688 2662 notabili
716 2589 867 2682 ingressi
896 2592 1049 2678 fueraut,
1084 2589 1144 2681 qui
1172 2587 1538 2680 8111111111111115)
1567 2609 1627 2660 ro-

83 2717 223 2798 rantur,
252 2709 426 2802 praesidio
453 2713 668 2782 tutarentur:
697 2731 765 2782 ouo
794 2731 839 2782 ex
867 2710 1058 2782 coniuratis
1086 2710 1317 2802 proditionem
1335 2709 1518 2800 prodente,
1547 2729 1627 2781 con·

83 2831 210 2904 iuratis
238 2831 274 2902 in
300 2829 513 2922 praetorium
542 2831 606 2903 sub
635 2831 749 2922 specie
776 2831 999 2903 consultandi
1017 2851 1079 2922 pro
1098 2852 1135 2904 re
1153 2830 1294 2922 publica
1321 2830 1440 2902 uenire
1467 2825 1629 2902 iussis‘et

83 2953 213 3044 captis,
243 2951 436 3023 coniuratio
465 2955 499 3022 et
527 2951 649 3043 ingens
677 2951 787 3022 totius
812 2951 969 3023 civitatis
997 2951 1210 3042 periclitatio
1239 2951 1340 3023 facile
1369 2971 1535 3042 oppressa
1561 2956 1627 3038 est,

83 3077 117 3145 et
143 3071 318 3144 coniurati
352 3071 486 3143 lacinus
515 3091 617 3143 sorum
644 3071 800 3163 profiteri
828 3071 955 3160 coacti,
985 3071 1103 3164 gladio
1130 3091 1209 3144 cum
1237 3071 1418 3144 nonnullis
1437 3069 1626 3143 auxiliato-

82 3193 181 3266 ribus
209 3191 382 3283 percussi,
411 3191 540 3263 caeteri
567 3191 671 3263 undis
700 3192 876 3280 suffocati,
906 3196 967 3265 aut
993 3211 1123 3283 poenas
1147 3191 1332 3264 diuturnas
1351 3190 1498 3264 carceris
1516 3191 1628 3264 coacti

83 3313 247 3404 perferre.
276 3309 427 3382 Mathias
456 3310 605 3383 Sunman
634 3317 774 3403 captus,
804 3311 1013 3385 circumfuso
1041 3311 1195 3404 undique
1219 3331 1347 3403 pavore
1365 3311 1416 3383 ita
1435 3310 1624 3403 obtorpuit,

82 3439 121 3506 ut
148 3431 368 3520 mendicare,
398 3431 490 3523 quod
517 3431 554 3504 in
580 3453 652 3505 rem
680 3438 788 3521 esset,
817 3454 881 3506 nec
908 3432 1028 3505 audire
1055 3437 1188 3524 posset,
1217 3452 1281 3505 uec
1307 3431 1408 3523 inops
1427 3432 1527 3505 modo
1546 3451 1625 3506 con-

83 3553 171 3642 silii,
203 3554 263 3626 sed
290 3573 352 3626 nec
379 3553 507 3624 mentis
525 3573 664 3644 compos
683 3555 782 3626 foret.
812 3552 943 3626 Deinde
962 3553 998 3624 in
1017 3552 1160 3625 vincula
1178 3551 1326 3625 carceris
1345 3551 1516 3643 Officialis
1535 3547 1626 3626 (ida-

82 3674 203 3746 ueusis
231 3678 366 3757 trusuS,
396 3677 430 3745 et
456 3671 558 3745 illinc
585 3673 850 3764 adpetitionem
878 3673 1046 3746 Iohannis
1066 3672 1220 3764 episcopi
1239 3671 1547 3746 Wladislauieusis
1566 3691 1626 3745 en-

82 3800 222 3887 ceptus,
252 3793 288 3865 in
316 3793 477 3884 Magistri
505 3814 541 3865 se
568 3793 734 3884 obsequia
765 3799 800 3864 et
827 3791 1092 3865 contubernium
1120 3792 1305 3864 transtulit
1320 3792 1363 3880 ⁰).
1398 3791 1550 3865 Difficile
1578 3792 1625 3865 si·

83 3915 224 4007 quidem
260 3912 357 3986 dictu
394 3918 467 4001 est,
506 3917 677 4005 quantum
712 3912 870 3984 homines
907 3913 1156 3985 Prothenicam
1193 3933 1288 3985 oram
1323 3912 1543 4002 habitantes,
1582 3913 1626 3985 ad

83 4035 281 4107 nouandum
308 4055 363 4106 res
391 4040 473 4105 sunt
500 4033 664 4125 proclivi,
693 4033 880 4124 morboque
909 4034 1057 4124 quodam
1085 4055 1143 4107 eos
1171 4034 1397 4124 pervadente,
1426 4054 1538 4126 neque
1556 4055 1627 4106 nuo

83 4156 264 4242 voluntas,
293 4173 405 4245 neque
432 4176 541 4226 unum
568 4160 684 4227 manet
701 4153 930 4246 popularibus
950 4154 1149 4248 consilinm.
1178 4155 1358 4227 Interdum
1378 4154 1470 4227 enim
1489 4153 1579 4247 Regi
1595 4153 1625 4243 7)

85 4275 264 4362 favebant,
294 4274 468 4346 interdum
488 4279 605 4366 partes
624 4273 850 4347 Crucifericas
870 4273 938 4346 sibi
958 4273 1208 4347 existimabant
1231 4263 1401 4366 potiores,
1430 4274 1626 4366 callidoque

85 4399 118 4468 11
145 4373 243 4466 uafro
270 4393 326 4466 usi
354 4394 510 4487 ingenio,
540 4394 576 4466 in
604 4395 720 4466 uarias
749 4385 884 4486 strages
912 4399 946 4466 et
965 4395 1192 4467 difficultates
1213 4395 1363 4487 seipsos
1382 4394 1625 4468 coniiciebant.

193 4687 212 4766 ¹)
238 4689 341 4765 Zymni
366 4683 444 4750 cod.
467 4685 576 4750 Praez.
600 4689 746 4750 Suimman
768 4685 834 4752 Ed.
859 4685 948 4769 Le'pe.
973 4686 997 4766 2)
1021 4686 1104 4748 Goch
1126 4683 1189 4748 Ed.
1213 4683 1303 4769 depe.
1328 4682 1356 4770 ³)
1381 4692 1410 4748 11
1428 4687 1627 4765 opprimendis

84 4791 130 4852 his
152 4789 216 4853 Ed.
240 4789 330 4874 Lipe.
363 4787 389 4870 ⁴)
412 4791 522 4852 mensis
552 4792 619 4850 Iulii
641 4787 704 4851 Eoi.
728 4787 820 4873 Lips.
854 4788 879 4870 ⁵)
902 4789 1171 4851 Sckewlrindrowie
1192 4787 1256 4851 Ed.
1279 4787 1369 4872 Ldpe.
1393 4789 1627 4870 (Schifilriuder).

86 4890 113 4975 ⁶)
137 4895 268 4955 contulit.
292 4891 354 4956 fio.
378 4891 468 4976 La'pe.
494 4891 519 4972 7)
543 4894 685 4954 Oasimiro
708 4893 848 4954 Poloniac
870 4895 945 4970 Regi
969 4887 1032 4955 Ed.
1056 4890 1149 4976 Lipe.
