4040 6290
356 487 431 559 560
862 507 976 594 amna
1001 505 1247 560 nnonncnrns
1275 487 1388 576 (nur).
1638 481 1707 582 (Α.
1727 480 1776 556 D.
1797 479 1907 577 1471.)

353 695 433 768 Rex
459 693 543 766 huie
570 691 808 786 persuasioni,
837 695 872 766 et·
899 693 1094 784 praelatum
1127 691 1327 764 Tilmannm
1360 691 1593 783 apostolicum
1625 689 1823 776 Nuntium,
1852 689 1906 760 ad-

353 814 472 887 iuncto
501 815 533 888 ei
561 835 624 886 suo
652 812 748 906 regio
776 813 917 898 nuntio,
947 813 1102 885 Iohanne
1130 811 1349 904 Wantreplra
1369 814 1395 900 ¹)
1423 811 1597 884 canonico
1625 809 1855 885 cracoviensi
1878 822 1908 881 et

352 934 558 1029 Praeposito
587 934 708 1007 Sancti
735 934 935 1022 Michaelis,
964 935 1007 1006 ad
1035 934 1148 1006 filium
1177 954 1280 1006 suum
1307 933 1529 1006 Kanimirnm
1557 939 1591 1006 et
1609 932 1653 1004 ed
1670 933 1822 1004 barones
1844 930 1908 1001 Re·

352 1056 414 1151 gni
441 1055 644 1149 Hungariae
676 1055 887 1144 transmisit,
923 1054 1125 1148 significans
1153 1075 1190 1126 se
1217 1074 1336 1145 pacem
1364 1075 1426 1146 per
1458 1053 1678 1127 consiliarios
1714 1051 1904 1143 utriusque

353 1176 484 1270 Regni,
513 1176 680 1249 Poloniac
708 1175 874 1250 videlicet
902 1180 937 1248 et
964 1175 1181 1268 Hungariae,
1212 1175 1276 1247 sub
1304 1175 1503 1266 praesentia
1535 1174 1640 1247 etiaim
1667 1173 1797 1266 Legati
1825 1194 1908 1264 ape

355 1297 489 1387 stolici,
520 1298 557 1370 in
585 1299 660 1370 leco
689 1297 829 1386 idonee,
859 1297 960 1369 iuxta
985 1317 1115 1368 merem
1136 1295 1328 1384 foederum,
1358 1295 1575 1368 tractandam
1594 1300 1628 1368 et
1647 1295 1771 1386 aequis
1792 1293 1909 1366 cendi-

356 1419 513 1492 tienibus
541 1418 828 1510 componendam,
857 1417 951 1490 nelle
978 1417 1140 1490 abnuere.

408 1775 589 1846 kazimirus
611 1772 762 1863 rnneepr
784 1771 934 1845 boloniae
958 1790 977 1844 a
1000 1791 1059 1844 sne
1082 1772 1186 1844 milito
1208 1772 1297 1844 inter
1318 1772 1434 1844 hostes
1455 1771 1490 1844 in
1513 1771 1674 1860 llnngaria
1697 1771 1854 1856 rebem,

569 1894 746 1967 roborabit
769 1912 840 1966 ann
863 1894 979 1966 danne
1001 1910 1107 1965 rernm
1129 1910 1259 1965 suumn
1282 1909 1320 1965 ae
1343 1891 1393 1963 sni
1415 1893 1521 1984 ipsine
1542 1891 1693 1982 periculo.

460 2144 607 2218 Interim
634 2141 867 2216 Almannicus
894 2143 1086 2232 exercitus,
1116 2143 1178 2236 qni
1204 2143 1297 2235 apud
1324 2141 1544 2216 KanImIrum
1570 2141 1774 2235 Principem
1802 2166 1909 2218 mere

354 2267 474 2355 batur,
507 2264 656 2338 termino
689 2263 844 2337 merendi
875 2263 1076 2356 expirante,
1105 2264 1189 2336 dum
1216 2264 1420 2337 donativum
1448 2264 1624 2352 deficeret,
1658 2263 1910 2339 discessionem

355 2385 449 2460 fecit.
480 2385 588 2478 Quem
615 2386 735 2477 plures
763 2405 905 2458 numero
934 2384 1113 2458 cunienses
1131 2385 1299 2458 Poleniae
1323 2385 1431 2478 Regis
1446 2383 1490 2474 ²),
1520 2385 1680 2476 quamvis
1698 2406 1821 2458 rerum
1841 2407 1909 2458 om-

354 2506 452 2580 nium
471 2505 686 2580 abundantia
705 2509 921 2598 suppeteret,
951 2505 1079 2595 secuti,
1105 2506 1326 2578 Kanimirnm
1344 2505 1543 2596 Principem
1562 2505 1599 2576 in
1618 2505 1733 2578 medio
1752 2507 1909 2580 hostium

355 2628 537 2717 deserunt,
573 2633 607 2700 et
635 2627 673 2700 in
700 2627 819 2699 domes
852 2626 999 2716 reversi,
1034 2626 1177 2719 aRege
1204 2631 1240 2700 et
1267 2625 1479 2699 consiliariis
1512 2626 1670 2718 cognatis
1704 2627 1801 2700 male
1830 2629 1908 2714 visi,

355 2748 575 2841 multiplices
602 2748 826 2840 pertulerunt
853 2747 1089 2840 correptiones
1108 2754 1143 2820 et
1162 2745 1357 2840 opprobria.
1387 2745 1481 2838 Quae
1500 2768 1554 2819 ras
1573 2749 1716 2839 negotia
1735 2748 1909 2822 Kanimiri

354 2869 532 2962 PrInoipis
560 2869 751 2962 plurimum
779 2867 1046 2941 indifficultavit
1074 2874 1108 2941 et
1136 2867 1301 2960 corrupit.
1331 2866 1511 2940 Kanimiro
1539 2868 1632 2941 enim
1660 2889 1742 2941 cum
1770 2871 1910 2943 residuo

356 2991 515 3064 exercitu
542 2989 579 3063 in
611 2987 765 3062 Nitriam
793 2995 945 3060 castrum
974 2993 1009 3061 et
1037 2989 1220 3081 oppidum,
1255 2989 1345 3082 quod
1378 2987 1435 3061 illi
1462 3009 1524 3080 per
1551 2988 1745 3062 Iohannem
1775 2990 1908 3084 Strigo-

355 3111 513 3186 niensem
532 3109 831 3202 archiepiscopum
851 3113 1010 3200 apertum
1029 3108 1097 3181 luit
1117 3114 1172 3201 (nt
1190 3108 1464 3201 praemisimus),
1485 3109 1712 3196 concedente,
1735 3110 1823 3183 dum
1841 3111 1908 3184 lla·

356 3231 450 3305 thiae
482 3230 685 3325 Hungariae
717 3231 796 3304 Rex
828 3250 906 3302 cum
939 3250 1029 3302 neve
1062 3229 1220 3304 exercitu
1252 3229 1390 3302 Nitriae
1418 3230 1734 3322 appropinquaret,
1765 3231 1909 3304 circurn-

356 3353 556 3427 rallaturus
589 3351 707 3424 illum:
741 3371 784 3425 ne
815 3354 996 3443 cogeretur
1028 3349 1220 3423 obsidionis
1251 3351 1403 3442 perterre
1436 3349 1669 3442 vituperium,
1705 3373 1751 3425 en
1781 3352 1909 3442 Nitria,

356 3473 444 3548 feria
471 3473 610 3567 quinta,
639 3472 676 3546 in
709 3471 764 3545 die
796 3471 917 3544 Sancti
946 3471 1117 3564 Stephani
1144 3471 1433 3564 Protomartyris,
1470 3477 1586 3560 noete,
1625 3492 1705 3544 cum
1740 3473 1909 3547 curiensi·

355 3596 422 3668 bus
439 3593 482 3685 ³),
514 3594 625 3666 Paulo
658 3591 862 3684 Iasspenslri
893 3613 971 3665 cam
1005 3597 1155 3685 quatuor
1185 3592 1344 3666 millibus
1376 3596 1589 3666 armatorum
1615 3615 1679 3684 pre
1708 3594 1909 3668 detonsione

356 3713 495 3788 Nitriae
522 3713 662 3802 relicto,
697 3733 874 3806 egressus,
908 3716 980 3786 tem
1008 3712 1194 3805 praecipiti
1221 3734 1342 3802 cursu,
1376 3714 1475 3786 nullo
1502 3719 1755 3806 persequente,
1785 3716 1825 3788 tn
1853 3717 1908 3790 Gi-

356 3836 446 3910 laaa
473 3839 627 3908 castrum
655 3855 797 3906 suarum
824 3833 978 3925 partium
1005 3833 1182 3925 peruenit,
1216 3839 1256 3906 ut
1289 3835 1474 3927 sexaginta
1501 3834 1690 3928 quodrIgas
1723 3835 1832 3908 illurn
1860 3859 1908 3910 se·

358 3960 522 4050 quantes,
550 3956 651 4028 nulla
670 3954 829 4027 custodia
847 3954 988 4043 relicta,
1009 3955 1051 4028 ab
1071 3954 1268 4048 agrestibus
1288 3955 1452 4047 intercipi
1469 3956 1681 4047 permiserit.
1711 3956 1907 4030 Nominabe

357 4079 474 4150 autem
493 4075 844 4164 animososmilites,
873 4075 1038 4149 videlicet
1056 4076 1246 4148 Iohannem
1266 4075 1492 4148 Tharnewski
1511 4075 1799 4168 Weynicensem‚
1831 4077 1904 4150 Sta·

356 4197 509 4271 nislaum
537 4196 791 4288 Wantropkam
819 4196 1088 4285 Sandecensem,
1124 4195 1340 4270 Stanislaum
1373 4197 1671 4289 Schidlowyecnlri
1698 4199 1905 4274 Zarnorien·

359 4338 450 4408 sem,
479 4318 708 4406 castellanoS,
736 4317 886 4390 Paulum
905 4317 1125 4410 Iasspenski,
1155 4317 1385 4410 Spithlronem
1409 4318 1452 4391 de
1470 4319 1638 4391 Melsthin
1663 4323 1699 4392 et
1719 4319 1906 4412 Sbigneum

357 4439 400 4512 de
420 4437 612 4528 Phancnin,
633 4437 695 4530 qni
713 4437 1005 4529 perseuerandum
1024 4437 1061 4510 in
1081 4438 1264 4531 Hungaria
1282 4439 1487 4512 suadebant.
1517 4439 1742 4513 Caeterernm
1761 4441 1903 4532 pusilla·

357 4559 521 4653 nimium,
559 4563 594 4632 et
621 4558 826 4651 priusquam
853 4559 990 4632 hostem
1017 4559 1193 4648 riderent,
1233 4559 1351 4652 sugam
1374 4560 1636 4650 meditantium,
1672 4582 1737 4634 nec
1770 4561 1904 4634 nemina
2013 4567 2014 4586 ¹

359 4680 499 4774 quidem
527 4679 711 4774 attingam.

358 4855 771 4871 nau-—nn--ss--m-u-n-—n-

466 4957 491 5040 ¹)
512 4956 667 5038 Vatrobku
688 4953 751 5021 Ed.
776 4953 867 5042 Lips.
891 4955 919 5037 ²)
941 4956 1040 5019 Aulioi
1063 4957 1199 5018 Oasimiri
1220 4957 1364 5018 Poleniae
1378 4957 1470 5034 Regis
1486 4954 1549 5020 Ed.
1566 4954 1656 5040 La'pa
1674 4955 1700 5036 ³)
1715 4975 1781 5018 cnm
1795 4957 1900 5018 Aunes

357 5060 421 5129 bo.
446 5059 540 5150 Εὗρε.
