4046 6278
59 575 125 675 (Α.
144 575 190 652 Ι).
209 573 336 674 loeo).
567 597 680 650 nunna
705 598 950 654 nuonnonrus
977 583 1092 672 (xm).
1523 582 1599 654 403

57 801 119 874 pro
147 802 290 856 numero
322 781 509 874 trepidatio
540 782 632 874 apud
664 783 907 858 Thorunenses
934 784 1018 872 init,
1051 783 1173 876 paucis
1204 783 1387 856 admodum
1414 783 1458 856 ad
1484 785 1597 876 repel-

57 903 199 976 lendum
229 903 348 975 hostes
379 901 644 991 insistentibus,
681 903 830 995 reliquis
861 925 944 977 vero
976 908 1072 978 metu
1104 902 1329 996 compressis,
1363 903 1599 996 iamiamque

57 1021 298 1114 spectantibus
316 1021 354 1094 in
372 1023 505 1114 fugam,
533 1021 714 1095 nonnullis
732 1023 770 1094 in
788 1023 1062 1098 absoonsionem.
1081 1025 1168 1096 Post
1185 1043 1314 1114 pausos
1333 1023 1484 1116 denique
1503 1023 1590 1112 dies,

57 1141 140 1214 dum
167 1143 329 1216 hostibus
363 1141 482 1234 oppidi
514 1143 751 1216 Thorunensis
783 1146 919 1216 tentata
950 1142 1156 1234 interseptio
1183 1163 1307 1234 parum
1332 1163 1498 1234 prospere
1525 1161 1598 1216 ass·

57 1260 178 1350 sisset,
206 1266 359 1335 oestrum
388 1261 619 1335 Ouarnosohin
646 1262 683 1334 in
710 1262 884 1350 hlasovia,
914 1262 1086 1354 quodper
1102 1267 1225 1355 gentas
1244 1261 1391 1335 douradi
1409 1261 1597 1336 Warsaho·

56 1379 191 1453 viensis
227 1381 334 1454 Duois
370 1381 563 1472 improvida
599 1381 820 1470 servabatur,
858 1380 1103 1473 intercipiunt:
1141 1382 1232 1474 quod
1262 1381 1360 1456 illioo
1387 1382 1598 1475 agentibus

57 1499 213 1573 eiusdem
241 1501 365 1588 Dnois,
392 1521 436 1574 ne
463 1501 677 1574 victualibus
695 1501 790 1574 refioi
808 1505 942 1592 posset,
972 1501 1151 1574 obsidione
1169 1503 1342 1575 vallatum
1361 1506 1426 1575 est.
1455 1500 1598 1576 Obsessi

57 1624 175 1693 autem
205 1620 400 1712 perieulum
433 1619 576 1711 eapitis,
610 1619 641 1692 si
668 1640 732 1692 arx
761 1619 1038 1711 conquireretur,
1073 1620 1192 1709 veriti,
1225 1641 1352 1711 aroem,
1380 1621 1492 1694 vitam
1519 1625 1596 1694 tan·

57 1741 234 1813 tummodo
261 1740 371 1832 pasti,
400 1745 435 1813 et
462 1741 620 1812 fortunas
647 1739 789 1813 dedunt.

57 2094 201 2165 munna
222 2092 372 2164 Pontifex
393 2091 510 2162 Paulus
532 2091 694 2163 renundur
717 2091 909 2163 alentionem
930 2089 1082 2162 lobannis
1103 2029 1309 2163 drusazinaki
1330 2092 1365 2164 in
1388 2092 1597 2181 meheplrao

56 2231 129 2303 pun
151 2213 380 2298 dumnenson,
402 2211 554 2284 lobannis
576 2211 756 2284 luthkonir
776 2211 811 2282 in
834 2211 1076 2284 dresdensem
1099 2213 1134 2282 et
1155 2210 1260 2282 laaohl
1282 2211 1323 2283 de
1345 2212 1451 2284 Sanno
1465 2212 1499 2284 in
1515 2212 1596 2284 vlla·

516 2331 745 2404 deludamur
768 2331 936 2422 aplreopor
958 2331 1135 2404 amnuo.

158 2578 287 2671 Quarto
314 2577 447 2652 deaimo
474 2577 643 2650 Gelenius
665 2576 891 2666 Novembris,
919 2576 1008 2650 alias
1027 2575 1270 2650 decimanona
1287 2573 1446 2650 Oetobris
1465 2577 1505 2666 ¹),
1533 2597 1594 2650 no·

56 2721 119 2771 vus
147 2699 314 2771 Summus
340 2697 506 2769 Pontifex
542 2696 675 2769 Paulus
712 2696 902 2783 seeundus,
939 2695 1112 2768 Kanimiri
1142 2695 1311 2768 Poloniae
1342 2695 1450 2788 Regis
1482 2695 1596 2770 literis

56 2819 217 2909 pulsatus
245 2821 280 2890 st
306 2815 456 2904 nuntiis,
485 2815 635 2888 Iohanni
663 2815 891 2889 Gruseninshi
918 2815 1078 2908 episeopo
1098 2814 1318 2888 draaoviensi
1337 2815 1379 2888 de
1398 2815 1595 2889 Gnssnensi

57 2937 218 3026 adolasia,
238 2936 403 3029 adquam
423 2936 491 3008 fuit
509 2935 730 3010 ooniormiter
747 2937 963 3027 postulatus,
983 2935 1159 3027 providet3
1178 2935 1368 3008 Iohannem
1386 2956 1467 3008 vero
1481 2936 1593 3008 Lnth·

56 3058 156 3130 honis
183 3055 514 3130 wladislaviensem
542 3055 743 3148 episeopum
770 3055 814 3128 ad
841 3055 1104 3128 Oraooviensem
1127 3055 1308 3128 ecelesiam
1326 3056 1509 3144 transfert3
1537 3056 1594 3129 Ia·

57 3177 178 3250 nobum
206 3182 322 3250 autem
337 3175 368 3266 ²)
396 3177 438 3250 de
466 3175 579 3248 Sanno
595 3174 626 3264 3)
654 3175 691 3247 in
717 3173 911 3248 universali
938 3174 1097 3248 Eeelesia
1123 3174 1340 3266 episeopnm,
1368 3175 1412 3245 nd
1439 3173 1593 3250 Wladis·

56 3296 248 3370 laviensem
267 3295 447 3370 ecelesiam
465 3299 661 3387 promovet,
689 3295 882 3383 benefieiis,
912 3315 1000 3387 quae
1028 3275 1224 3383 obtinebat,
1253 3293 1417 3368 videlieet
1443 3294 1594 3386 Praepo-

57 3415 179 3489 situris
207 3415 402 3490 Gnesnensi
428 3421 464 3488 et
490 3415 728 3500 Gronoviensi,
756 3415 792 3487 in
820 3415 1024 3507 ampliorem
1050 3414 1286 3506 provisionem
1305 3412 1374 3486 sihi
1392 3413 1593 3488 reservatis.

57 3535 156 3608 Sedit
183 3539 297 3609 autem
325 3535 499 3607 Iohannes
527 3534 754 3608 druseninslri
781 3534 818 3606 in
844 3534 1065 3607 Oraooviensi
1094 3533 1239 3607 adelesia
1266 3553 1355 3606 anno
1383 3554 1468 3620 uuo,
1498 3555 1592 3606 men·

56 3654 152 3727 sibus
182 3660 346 3747 quatuor,
380 3654 502 3728 diebus
534 3653 706 3728 undeaim.
740 3653 849 3744 Quem
881 3659 956 3726 tum
987 3653 1139 3745 primum
1166 3654 1289 3746 ingens
1316 3651 1505 3745 poenitudo
1531 3654 1593 3724 he·

55 3773 145 3862 buit,
178 3775 269 3866 quod
296 3779 438 3865 propter
465 3793 652 3864 pauaornm
679 3773 829 3861 diorum,
861 3774 989 3865 quibus
1016 3775 1054 3846 in
1080 3773 1301 3847 Oraeovieusi
1328 3771 1476 3846 aeolesia
1494 3792 1592 3864 prae·

56 3894 137 3982 luit,
167 3893 415 3980 assessionem,
442 3894 581 3986 longam
608 3893 707 3965 litem
735 3897 769 3966 et
795 3892 1043 3983 periculosam,
1075 3891 1238 3984 pluribus
1264 3891 1509 3983 pernitiosam,
1539 3895 1590 3966 te·

56 4013 202 4086 ruisset.
231 4013 274 4084 In
293 4011 393 4084 auius
412 4013 527 4084 looum
545 4012 719 4084 Iohannes
742 4012 940 4084 Luthlvonis
959 4013 1162 4100 suaaedens,
1181 4012 1238 4085 die
1256 4011 1416 4098 Veneris,
1443 4011 1593 4103 septima

55 4132 254 4206 Deasmbris
269 4131 313 4221 4),
342 4131 525 4210 Graaoviae
549 4131 703 4204 omnium
722 4131 946 4204 eoelesiarum
964 4131 1196 4222 processionis
1214 4133 1343 4204 honore
1361 4135 1528 4223 exceptus
1544 4131 1587 4221 ⁵),

61 4251 195 4324 nobilis
232 4251 406 4324 dedomo
442 4250 576 4324 Doliva
612 4255 647 4324 ot
677 4251 766 4324 villa
796 4252 948 4342 Brueape
983 4271 1091 4343 prope
1122 4251 1271 4324 Kaliseh
1307 4251 1391 4340 sita,
1427 4271 1470 4324 ex
1498 4257 1597 4342 patre

57 4369 239 4443 huthkone
266 4369 381 4444 indies
408 4369 611 4444 dalissiensi
638 4375 673 4444 et
699 4376 810 4444 matre
840 4370 1027 4444 Dorothsa.

131 4722 333 4811 unguetur
355 4721 396 4794 da
418 4721 616 4794 subnotati
638 4723 754 4794 taliata
776 4721 955 4795 Wonaarlai
977 4722 1072 4794 braia
1094 4710 1351 4795 titillationem
1372 4722 1517 4794 noritur.

157 4967 286 5059 Quinta
320 4966 530 5040 Novembris
550 4967 581 5055 ⁰)
618 4968 840 5060 Margaretha
875 4967 949 5040 lilia
984 4967 1163 5042 Vineentii
1200 4969 1242 5041 de
1279 4967 1497 5041 Sohamotuli
1534 4989 1588 5041 aa·

58 5087 197 5160 atellani
223 5085 569 5178 Myeduirveauensis,
596 5085 770 5160 Kanimiri
796 5087 973 5160 hlasoviae
999 5088 1107 5161 Duois
1133 5088 1301 5179 primum,
1329 5088 1455 5160 deinde
1482 5087 1589 5162 Wan-

161 5357 184 5434 ¹)
208 5358 318 5419 mensis
341 5357 477 5420 Oetobris
499 5354 562 5418 Ed.
585 5355 675 5441 Lipr.
700 5356 726 5438 ⁹)
742 5375 812 5420 vero
833 5355 909 5421 Ood.
925 5355 1033 5422 Praea.
1050 5357 1077 5439 ⁸)
1092 5361 1129 5422 de
1144 5360 1263 5438 syenna
1277 5357 1341 5424 Ed.
1358 5357 1448 5444 Σίρι.
1465 5359 1492 5436 ⁴)
1508 5380 1586 5424 men-

58 5459 97 5520 sis
116 5460 287 5522 Daoeinbris
309 5456 372 5522 Ed.
399 5457 487 5542 Dipo.
512 5458 538 5538 ⁶)
561 5465 701 5538 exosplus
723 5465 769 5522 est
789 5457 852 5523 Ed.
877 5459 969 5544 Lipa.
993 5459 1020 5541 ⁶)
1041 5464 1151 5524 mensis
1172 5463 1349 5526 Novembris
1371 5461 1436 5528 md.
1459 5462 1553 5548 Lipa.
1590 5542 1592 5547 s
