4126 6280
438 505 513 592 234
943 531 1055 587 muna
1081 533 1324 588 nuonnonrue
1350 515 1466 606 (mn).
1697 511 1765 613 (Α
1784 513 1830 590 ῠ.
1849 514 1963 616 1451.)

487 837 639 910 intuatur
661 835 853 926 deponendi
875 835 916 908 de
938 836 1061 908 tributo
1086 836 1274 928 quibudam
1296 836 1505 910 1111111111(
1527 837 1628 928 degui
1652 855 1694 910 ax
1716 838 1919 916 musiniano

635 957 863 1033 aunuentiouiu
886 956 1047 1046 generalia
1068 957 1102 1030 in
1125 957 1213 1034 ltere
1233 957 1376 1032 11111111
1398 956 1535 1030 Korarin
1558 958 1780 1033 sumtuum.

540 1207 644 1282 Faria
672 1206 822 1280 seeundo
848 1212 929 1280 ante
957 1208 1082 1280 testum
1112 1206 1260 1280 Sanctae
1293 1206 1481 1300 Hedvigis,
1514 1206 1715 1283 Karimirus
1744 1209 1819 1282 Rex
1843 1209 1871 1298 ¹)
1898 1209 1967 1284 Gru-

438 1329 537 1404 ooria
564 1350 740 1422 egressae,
770 1329 806 1402 in
834 1328 1101 1420 Npepolomione
1128 1328 1319 1404 deseendit.
1357 1329 1494 1402 Abinde
1530 1350 1591 1422 pro
1627 1328 1683 1404 die
1712 1328 1863 1406 Sanetus
1886 1331 1967 1405 Hed-

439 1451 532 1543 uigis
559 1451 696 1524 Nouam
724 1449 908 1522 Civitatem
937 1449 1087 1523 Koreaiu
1120 1449 1278 1538 aduenit,
1313 1451 1597 1544 frequentemque
1629 1472 1809 1528 numerum
1838 1452 1968 1526 Praela-

439 1579 554 1646 torum
588 1577 622 1645 et
652 1573 819 1646 baronum
858 1571 1137 1644 Craoovieneium
1171 1577 1206 1644 et
1238 1571 1387 1644 Russiae
1419 1575 1587 1646 terrarum
1629 1571 1757 1648 ibidem
1788 1572 1969 1662 reperiens,

440 1695 557 1766 desem
585 1692 707 1766 diebus
741 1698 948 1766 conventum
985 1691 1185 1765 eelebravit.
1224 1692 1347 1765 Plures
1383 1691 1476 1766 eninr
1512 1692 1733 1766 resistentiae
1765 1693 1807 1766 de
1843 1694 1971 1768 ferendo

440 1813 596 1890 subsidio
625 1813 660 1886 in
688 1813 813 1888 mediis
841 1813 1003 1885 sensibus
1037 1812 1279 1904 interpositae,
1313 1812 1576 1886 conventionem
1605 1813 1701 1888 illam
1731 1815 1773 1892 ad
1801 1820 1878 1896 taur
1905 1814 1971 1888 diu·

440 1942 580 2010 turnum
609 1941 745 2028 tempus
774 1927 1023 2020 extraxerant}
1049 1938 1151 2024 eapte
1183 1939 1298 2008 tamen
1314 1932 1344 2022 ²)
1372 1941 1426 2008 est
1453 1933 1606 2008 finaliter
1633 1934 1825 2023 eutolmio,
1867 1935 1972 2028 quali·

441 2057 601 2144 fioatione
627 2077 742 2128 rerum
770 2076 831 2146 pro
850 2077 891 2127 ea
910 2059 1117 2146 tempestate
1134 2060 1297 2146 pensata:
1326 2061 1366 2126 ut
1385 2054 1552 2128 medietas
1580 2077 1746 2131 sensuum
1765 2056 1807 2130 de
1825 2055 1972 2148 singulis

439 2177 540 2252 bonis
567 2177 674 2270 regiis
703 2183 737 2249 et
765 2176 1005 2263 terrestribus
1035 2198 1096 2268 pro
1123 2177 1226 2250 rebus
1254 2176 1419 2250 Prussiae
1447 2177 1673 2268 expediendis
1693 2183 1727 2250 et
1746 2177 1782 2253 in
1800 2182 1974 2269 posterum

439 2299 526 2372 bene
553 2297 729 2392 gerendis,
759 2303 830 2370 tam
858 2299 900 2370 do
927 2297 1030 2372 terris
1057 2297 1362 2386 &saonensibus
1396 2319 1500 2390 quam
1527 2297 1694 2387 Rumina,
1722 2319 1833 2391 usque
1864 2298 1909 2370 ad
1933 2299 1974 2372 io

440 2425 533 2492 stum
563 2419 682 2492 Sancti
711 2417 849 2492 Nieolai
880 2421 1092 2506 senioratum,
1130 2425 1304 2511 potestate
1336 2419 1425 2514 Regi
1457 2419 1659 2508 interdicta,
1698 2441 1740 2492 ue
1771 2419 1976 2512 aliquidde

439 2539 597 2633 pecuniis
625 2539 831 2633 oolligendis
859 2540 999 2614 mandet
1026 2547 1087 2612 aut
1113 2540 1291 2632 disponat3
1321 2561 1361 2614 ea
1385 2541 1489 2614 etiarn
1514 2539 1711 2614 conditione
1735 2541 1918 2634 apposita:
1943 2546 1976 2616 ut

441 2662 644 2738 kmathones
673 2660 806 2753 singuli
834 2661 875 2734 de
903 2662 1002 2734 laneo
1029 2683 1137 2735 unum
1165 2662 1348 2748 fertonem,
1378 2683 1439 2753 pro
1459 2667 1551 2736 sorte
1570 2661 1784 2750 medietatis,
1809 2682 1898 2736 sues
1916 2662 1975 2734 Do

441 2783 553 2856 minos
581 2788 763 2857 1111111111
789 2783 955 2856 relevare.
985 2781 1156 2874 Episcopo
1185 2781 1405 2856 cracoviensi
1433 2784 1599 2872 Thomas,
1633 2781 1797 2876 Gregorio
1824 2783 1872 2856 de
1901 2784 1976 2856 Bra·

441 2903 538 2978 niara
559 2904 752 2976 oestellann
771 2903 1012 2990 Radomienei,
1042 2903 1197 2976 Iohanne
1214 2903 1257 2976 de
1275 2903 1476 2995 Rithupani
1494 2903 1675 2995 capitaneo
1695 2902 1978 2990 Sandonririensi,
1997 2893 2003 2916 '

442 3025 581 3098 Andros
608 3024 650 3098 de
677 3024 869 3111 Thanouin‚
899 3024 1054 3096 Iohanne
1082 3024 1124 3096 de
1151 3023 1319 3098 Molsthin
1346 3030 1381 3098 et
1408 3023 1488 3098 aliis
1517 3025 1558 3099 de
1591 3023 1840 3098 eommunitate
1869 3023 1978 3104 laetis,

442 3150 597 3238 potestas
625 3144 915 3236 disponendarum
943 3143 1185 3238 peouniarum,
1213 3167 1280 3218 uon
1309 3145 1346 3216 in
1373 3144 1463 3220 alins
1491 3151 1623 3234 tamen,
1651 3145 1721 3218 nisi
1749 3145 1788 3218 in
1808 3145 1979 3237 publicos,

443 3273 477 3340 et
495 3267 700 3360 praesertim
719 3267 883 3340 Prussiae
902 3273 937 3341 et
953 3272 1063 3340 terrae
1092 3266 1400 3351 Osuanauimeusie
1428 3266 1654 3355 solutionem,
1674 3288 1761 3339 usus
1779 3265 1980 3352 commissu

444 3389 479 3460 in
508 3388 672 3462 solvendo
689 3385 719 3477 3)
748 3389 965 3482 negligentes
993 3409 1055 3480 pro
1082 3387 1273 3460 constituto
1302 3393 1472 3479 tempore,
1500 3408 1561 3479 pro
1580 3387 1739 3480 prima4)
1767 3386 1982 3479 negligentia

443 3509 639 3602 pignoratio
667 3509 709 3582 de
737 3514 886 3602 quatuor
922 3509 1048 3598 bobus,
1084 3531 1146 3601 pro
1179 3509 1329 3581 seeundo
1362 3507 1577 3581 intromissio
1611 3507 1719 3581 totius
1752 3507 1880 3596 villae,
1919 3529 1981 3579 non

444 3631 557 3722 prius,
587 3631 657 3708 nisi
684 3630 828 3722 duplum
858 3632 1023 3717 solveret,
1052 3629 1227 3702 reddenda
1253 3650 1378 3721 poena,
1405 3649 1475 3722 quo
1504 3629 1648 3706 ommim
1671 3629 1872 3721 proueniret
1892 3629 1981 3700 solu·

446 3751 511 3840 tio,
540 3751 687 3824 adiecta.

446 4109 618 4182 lituum
640 4109 746 4183 nuntii
768 4108 802 4180 in
825 4107 984 4180 lutetiam
1007 4109 1048 4182 ad
1071 4109 1265 4205 exigantur
1295 4125 1380 4182 nora
1411 4109 1593 4183 immuta
1615 4125 1635 4178 a
1658 4107 1921 4198 turtureum
1944 4110 1984 4180 ta

445 4230 562 4304 nandia
585 4247 641 4320 pro
663 4227 772 4322 degne
795 4228 952 4326 11111111
966 4229 1099 4316 mutos,
1124 4232 1159 4302 at
1181 4229 1221 4302 de
1243 4248 1308 4304 nou
1331 4228 1504 4305 aderanda
1527 4231 1615 4306 tarra
1630 4227 1903 4302 dawrrauinmi
1919 4245 1985 4301 aar·
2047 4271 2048 4332 ?

1146 4351 1290 4424 stitutio.

550 4600 649 4676 Missi
678 4610 759 4672 suunt
787 4624 829 4674 ox
858 4601 1085 4674 eonsentioue
1114 4603 1176 4674 illa
1191 4601 1221 4688 1)
1249 4603 1422 4675 Iohannes
1451 4602 1492 4674 de
1512 4600 1687 4676 Thanouin
1706 4599 1886 4692 palatinus
1908 4599 1984 4677 Cru-
2047 4601 2048 4680 1

449 4723 636 4808 soriensis,
667 4723 838 4796 Iohannes
867 4723 1003 4798 Olesulri
1023 4723 1066 4799 de
1086 4723 1199 4810 Sanno
1215 4723 1245 4812 1)
1274 4729 1309 4796 11
1328 4721 1506 4805 Wnuouek
1530 4722 1566 4796 in
1586 4721 1784 4812 Podoliarn,
1812 4720 1986 4814 quibust)
2046 4735 2048 4828 3

449 4845 661 4920 iniunctum:
691 4851 730 4918 ut-
757 4867 777 4916 a
804 4844 984 4934 oapitaneo
1013 4843 1176 4916 Podoliae
1209 4864 1269 4916 seu
1298 4842 1653 4936 desponsasset),
1683 4843 1901 4935 eaeterisque
1934 4862 1986 4918 ea·

451 5043 666 5051 ...ἡμή-...-
682 5045 731 5050 .---.
756 5046 770 5050 -
789 5045 824 5050 -,-
852 5045 859 5050 .

558 5155 579 5235 ¹)
603 5158 665 5218 llar
689 5157 830 5220 Pumue
854 5153 916 5218 Ed.
945 5153 1034 5238 Lippa.
1058 5155 1083 5231 ²)
1107 5155 1224 5218 nudem
1248 5153 1310 5216 Ed.
1332 5152 1423 5236 Lepi.
1455 5153 1480 5231 1)
1504 5155 1534 5220 'uu
1558 5155 1703 5218 solutione
1725 5171 1796 5214 uere
1818 5148 1878 5214 Ed.
1904 5147 1986 5232 Lips
2046 5129 2048 5208 1

433 5259 476 5338 ,4)
500 5279 553 5337 pro
575 5261 669 5336 prima
696 5261 835 5322 ,videlieet
863 5256 926 5322 Ed.
958 5256 1046 5340 Lipu
1072 5256 1099 5337 ὗ)
1122 5277 1157 5320 ex
1180 5262 1373 5324 manatione
1402 5259 1453 5320 illa
1482 5259 1585 5324 Nouae
1615 5256 1752 5322 Oivitrds
1774 5257 1902 5322 Korouda
1927 5249 1989 5314 Ed.

452 5360 539 5446 La'ps.
565 5361 962 5453 ο1011111111111111111111
994 5357 1069 5424 Cori.
1094 5359 1160 5425 Lis.
1185 5362 1308 5440 Olyaslui
1332 5363 1368 5423 de
1392 5362 1509 5439 Syenno
1533 5359 1601 5428 Ed.
1627 5357 1716 5444 Lep..
1740 5357 1777 5436 ,1)
1806 5360 1914 5436 quibus
1937 5357 1988 5418 eurr
2047 5429 2048 5444 3

449 5464 512 5529 nd.
536 5465 626 5550 Lipa.
651 5466 677 5548 ⁸)
703 5467 916 5530 Gameneoense
939 5463 1000 5529 Ed.
1025 5463 1114 5548 Dipo.
