4046 6278
391 579 466 650 aab
898 595 1011 648 nmen
1037 593 1282 646 nuonnormus
1308 575 1423 663 (ιιιι).
1655 569 1723 668 (Α.
1742 570 1788 646 D.
1809 569 1935 670 1464.)

394 783 495 874 ,quis
522 781 701 854 hominum
730 779 844 871 ipsius
872 779 968 870 ipsos
996 777 1202 871 burgenses,
1232 777 1263 849 si
1291 777 1421 870 aliquis
1448 776 1603 870 ipsorum
1621 799 1644 850 a
1662 778 1771 852 latore
1790 779 1846 850 sui
1867 779 1933 851 Do·

393 902 530 991 „minii,
568 905 777 992 tempestate
813 898 969 992 agitante
1005 897 1114 988 (quod
1150 897 1259 986 absit)
1295 896 1518 989 naufragium
1553 903 1752 989 pateretur,
1788 919 1937 990 gravare

393 1026 614 1114 ,praesumat
633 1020 669 1092 in
687 1039 846 1110 oorpore,
876 1018 951 1092 sive
974 1017 1012 1090 in
1038 1017 1142 1090 rebus
1163 1017 1244 1090 aliis
1264 1017 1546 1109 quibuscunque,
1573 1038 1637 1090 neo
1654 1018 1762 1090 etium
1779 1017 1938 1110 aliquam

392 1162 584 1230 ,summam
617 1140 786 1232 pecuniae
819 1139 946 1212 audeat
977 1144 1184 1229 extorquere
1217 1137 1254 1209 in
1283 1136 1346 1210 toli
1379 1137 1536 1228 perieulo
1563 1158 1583 1210 a
1609 1137 1845 1230 burgensibus
1880 1158 1935 1210 sn·

392 1260 595 1354 „pradietis
625 1261 776 1352 Insuper
804 1257 998 1330 voluntatis
1026 1257 1140 1349 ipsius
1167 1265 1222 1330 est
1249 1263 1284 1329 et
1311 1257 1464 1343 inhibet,
1492 1261 1533 1329 nt
1555 1258 1677 1330 nullus
1697 1259 1838 1332 omnino
1858 1279 1934 1331 suo-

394 1405 492 1473 ,rum
525 1401 764 1453 suceessorum
797 1400 859 1451 seu
887 1379 1091 1452 olboialium
1128 1400 1285 1467 snorum,
1322 1377 1567 1451 rationabilem
1598 1377 1838 1465 donationem,
1878 1399 1937 1470 per

395 1502 533 1594 ,ipsum
566 1502 709 1588 laetam,
747 1498 935 1592 infringere
963 1499 1106 1584 audeat,
1135 1499 1193 1572 vel
1219 1499 1252 1572 ei
1279 1520 1368 1572 ausu
1396 1499 1578 1571 temerario
1606 1499 1793 1572 eontraire.
1831 1499 1935 1572 Prae·

361 1699 366 1705 ,
396 1629 512 1712 ,terea
539 1642 618 1708 nos,
648 1625 855 1692 memoratos
884 1639 989 1710 supra
1016 1619 1110 1691 aives
1138 1619 1370 1712 leingenses
1398 1617 1578 1710 cupientes
1606 1618 1702 1691 omni
1719 1625 1842 1692 nostre
1860 1639 1936 1710 pro·

397 1740 519 1832 ,sequi
546 1739 675 1832 gratis,
706 1761 774 1830 qua
800 1759 1003 1829 possumus,
1032 1744 1069 1810 ot
1096 1739 1228 1826 favore,
1257 1739 1327 1812 ium
1354 1741 1556 1811 annotatam
1583 1739 1759 1812 libertatis
1777 1739 1935 1811 donatio-

400 1882 518 1951 ,nem‚
552 1881 655 1951 quam
684 1859 772 1950 ipsis
801 1858 955 1950 inelytus
979 1857 1146 1950 Princeps
1177 1858 1338 1932 dominus
1366 1857 1546 1950 Msougius
1565 1859 1604 1946 ¹),
1632 1865 1781 1950 patruus
1811 1865 1937 1945 noster,

397 1983 499 2070 ,Dux
532 1981 819 2066 Pomeranorum,
848 1983 1022 2070 utsupra
1054 1979 1218 2065 babetur,
1253 1977 1420 2064 eontulit,
1454 1977 1573 2050 habito
1607 1982 1744 2050 maturo
1772 1977 1939 2052 baronum

398 2107 616 2188 ,nostrorum
643 2098 807 2184 oonsilio,
837 2097 1080 2190 praesentibus
1108 2100 1368 2184 oonfirmamus,
1397 2097 1555 2170 volentos
1579 2097 1838 2170 inviolabiliter
1857 2105 1940 2170 tem-

398 2241 500 2312 ,pore
527 2219 727 2310 procedenti
755 2240 816 2311 por
843 2239 906 2290 nos
933 2222 970 2290 ot
997 2223 1135 2290 nostros
1162 2222 1320 2309 posteros
1336 2215 1367 2306 2)
1394 2216 1525 2290 dietam
1553 2217 1731 2290 libertatis
1750 2217 1941 2308 plenitudi-

399 2361 498 2429 ,nem
526 2339 716 2412 observari.
746 2340 788 2411 ln
816 2339 916 2412 euius
943 2337 994 2410 rei
1022 2337 1263 2410 testimonium
1291 2358 1456 2429 praesens
1485 2336 1655 2429 seriptum
1682 2338 1798 2410 nostri
1835 2337 1943 2430 sigilli

399 2459 612 2548 „munimine
644 2457 790 2532 lecimus
821 2457 993 2543 roborari,
1032 2457 1281 2530 Praesentibus
1313 2457 1369 2530 bis
1402 2457 1569 2544 testibus,
1607 2456 1773 2550 videlieet
1807 2457 1944 2530 domino

399 2579 582 2671 ,Rudgero
598 2577 629 2666 ³)
660 2577 854 2652 abbateio
882 2578 1007 2665 Olina,
1036 2576 1176 2650 domino
1204 2577 1355 2651 Henrioo
1383 2578 1508 2652 abbate
1535 2577 1577 2650 de
1602 2578 1786 2669 Polpelin‚
1821 2579 1945 2652 Fratre

400 2699 601 2789 ,Gorbardo
619 2699 662 2772 de
680 2698 874 2785 Gholbaab,
894 2699 1017 2770 Fratre
1035 2697 1189 2770 Conrado
1208 2697 1298 2770 Rost
1312 2697 1344 2786 4)
1372 2696 1482 2784 dieto,
1512 2697 1696 2770 Fratribus
1714 2697 1861 2772 Ordinis
1881 2700 1944 2770 Do-

400 2839 498 2908 ,mus
526 2817 776 2904 Theutonieao‚
806 2817 954 2890 Domino
982 2818 1092 2890 Paulo
1120 2817 1278 2908 palatino
1306 2815 1515 2904 Sueenensi,
1543 2817 1683 2890 domino
1703 2817 1872 2890 Suonesa
1889 2839 1944 2908 pa·

400 2937 532 3027 „latino
560 2937 731 3025 Dunensi,
760 2937 898 3010 domino
928 2937 1069 3008 Andros
1095 2937 1288 3010 castellano
1316 2937 1486 3024 Damnst,
1516 2936 1655 3009 domino
1683 2936 1867 3010 Stanislao
1893 2958 1945 3010 aa·

402 3057 574 3148 ,stellano
602 3056 812 3145 suanensi,
841 3056 979 3128 domino
1001 3057 1146 3130 Alberto
1166 3056 1358 3129 eastellano
1376 3057 1418 3129 de
1438 3057 1589 3144 Buthin‚
1608 3055 1749 3128 domino
1769 3057 1946 3148 Boguslao

403 3178 616 3266 „castellano
635 3177 677 3250 de
697 3177 810 3250 Usthe
826 3177 856 3265 5)
885 3182 921 3249 ot
949 3176 1200 3250 suooamerario
1220 3176 1467 3263 Posnaniensi‚
1496 3177 1634 3250 domino
1658 3177 1819 3250 Kaleone
1833 3177 1865 3264 ο)
1893 3197 1945 3250 aa·

404 3296 576 3386 ,stellnno
604 3296 647 3370 ‹le
675 3295 849 3385 Santhok,
878 3300 914 3368 et
936 3295 1075 3368 domino
1104 3295 1332 3368 Suantomiro
1349 3297 1379 3385 7)
1406 3297 1597 3370 castellano
1616 3299 1659 3368 de
1677 3295 1888 3386 Beehow⁸)‚
1916 3301 1947 3370 et

403 3416 507 3505 ,aliis
540 3437 642 3507 quam
676 3415 839 3508 plurimis
871 3415 938 3490 fide
969 3415 1099 3508 dignis.
1134 3418 1262 3488 Aetam
1295 3421 1331 3488 et
1362 3416 1482 3489 datum
1514 3416 1550 3488 in
1577 3415 1795 3504 nauriunt),
1829 3415 1868 3488 in
1896 3415 1947 3490 die

404 3535 519 3625 ,beati
545 3533 677 3608 Oulinti
704 3536 821 3627 Papae
849 3543 884 3610 et
911 3535 1093 3627 martyris,
1122 3537 1225 3608 Anno
1252 3536 1393 3609 Domini
1421 3535 1607 3610 Millosimo
1635 3535 1706 3608 00⁰
1723 3537 1946 3630 nonagesimo

403 3660 566 3746 ,quarto,
594 3675 656 3748 per
683 3676 806 3728 manus
833 3656 966 3728 domini
993 3655 1138 3728 Henrioi
1166 3656 1338 3747 oapellani
1366 3656 1484 3729 euriae
1511 3661 1685 3730 nostr·ae.“

509 3775 572 3863 ,In
600 3773 739 3848 nomine
767 3774 923 3863 Domini,
953 3777 1076 3848 Amen.
1106 3775 1276 3865 Quoniam
1305 3778 1398 3848 laeta
1425 3777 1625 3848 mortalium
1654 3775 1870 3850 oblivionem
1898 3777 1946 3850 in·

407 3895 575 3984 „dubunt
605 3893 662 3968 vel
686 3899 796 3966 morto
815 3894 1023 3986 intercepta,
1053 3893 1144 3967 sieut
1163 3895 1379 3986 experientia
1397 3895 1532 3982 lupuit,
1562 3896 1676 3968 solent
1695 3898 1893 3983 annullari,
1919 3897 1946 3970 si

409 4035 499 4104 „oon
528 4013 658 4086 luerint
685 4013 841 4106 legitimo
869 4013 1023 4086 virorum
1051 4035 1092 4086 ae
1118 4015 1302 4105 proborum
1332 4015 1533 4088 testimonio
1560 4017 1737 4088 roborata:
1768 4023 1948 4108 eapropter

407 4155 491 4225 ,nos
509 4132 728 4206 Wludislaus
748 4132 812 4206 Dei
830 4133 945 4226 gratia
963 4134 1134 4206 Dominus
1153 4135 1266 4227 Regni
1285 4135 1466 4223 Polemios,
1493 4137 1574 4208 Dux
1593 4137 1837 4223 Pomeraniao,
1857 4138 1944 4208 Lan·
2019 4147 2020 4238 ᾗ

408 4253 552 4344 ,oioiaa
581 4253 755 4345 (lupariae
782 4257 817 4326 et
845 4253 1018 4342 Siratliae‚
1046 4259 1167 4326 notum
1195 4257 1453 4328 essevolumus
1473 4256 1666 4344 universis,
1696 4261 1769 4330 tam
1788 4277 1944 4348 praesen·
2019 4245 2020 4262 ¹

407 4373 541 4464 ,tibus,
571 4394 675 4464 qnam
696 4373 840 4460 futuris,
865 4378 1082 4465 praesentem
1101 4374 1263 4466 paginam
1284 4375 1510 4467 inspecturis:
1541 4377 1632 4466 quod
1653 4377 1831 4469 magnifiei
1850 4377 1943 4450 Prin·

408 4493 541 4586 ,oipes,
563 4491 699 4566 seilioet
718 4493 921 4566 Mestwinus
941 4495 985 4582 10)
1013 4493 1077 4568 Dei
1100 4495 1215 4586 gratia
1233 4496 1313 4566 Dux
1333 4495 1574 4583 Pomeraniae‚
1595 4501 1631 4569 et
1650 4497 1769 4569 eadem
1789 4497 1853 4570 Dei
1871 4519 1943 4590 gra·

408 4612 481 4701 „tia
498 4611 734 4686 Praemislaus
754 4613 830 4687 Rex
849 4613 1015 4686 Poloniae
1036 4614 1079 4702 ¹¹)
1104 4619 1138 4686 et
1158 4614 1326 4686 Dominus
1346 4615 1500 4688 eiusdem
1519 4616 1762 4704 Pomeraniae,
1782 4617 1943 4708 inspeetis

410 4731 596 4821 „fidelibus
625 4730 798 4804 seruitiis·
814 4731 945 4806 oinium
973 4732 1015 4806 de
1043 4733 1172 4826 Elbing
1191 4732 1247 4822 ¹²),
1280 4755 1369 4824 qnae
1395 4735 1447 4806 ais
1474 4735 1680 4827 saepissime
1707 4737 1859 4810 fideliter
1885 4737 1940 4810 in·

513 5053 535 5135 ¹)
559 5057 723 5118 Vesimirus
744 5055 808 5121 Ed.
830 5055 921 5142 Lipe.
946 5055 973 5142 Ι)
997 5077 1184 5120 suoeessores
1206 5055 1268 5120 Ed.
1294 5057 1385 5142 Lipe.
1410 5059 1434 5138 ³)
1457 5061 1619 5138 Ruthigero
1642 5059 1706 5124 Ee.
1730 5061 1823 5146 Lips.
1840 5059 1865 5142 ¹)
1880 5064 1943 5123 Post

407 5157 483 5224 Geel.
507 5156 614 5221 Praea.
636 5161 716 5221 Reae
738 5158 801 5221 Ed.
825 5158 915 5244 Dipo.
947 5159 972 5240 ⁵)
996 5163 1129 5238 Usuerye
1153 5149 1229 5222 Coe.
1255 5155 1343 5224 Calo.
1375 5160 1401 5241 ⁰)
1423 5163 1557 5226 Bolkone
1584 5160 1661 5226 Oea.
1684 5163 1793 5228 Praete.
1818 5167 1942 5227 Kellrone

405 5261 468 5326 Ea.
500 5259 590 5345 Lips.
623 5259 648 5342 ⁷)
682 5263 894 5326 Swenthemiro
923 5261 986 5325 Ed.
1018 5259 1107 5346 Lipe.
1140 5261 1165 5341 8)
1188 5264 1316 5326 Beohaw
1338 5261 1401 5325 Ed.
1425 5262 1518 5348 Lipe.
1549 5265 1575 5345 ⁹)
1599 5267 1751 5345 Daynieb
1774 5266 1836 5331 Ee.
1859 5267 1942 5350 Lips

412 5364 448 5444 ¹⁰)
471 5366 635 5426 Vesimirus
657 5361 720 5427 Ed.
745 5363 835 5449 Ltpe.
871 5365 909 5450 ¹¹)
938 5367 1008 5432 Dux
1030 5367 1149 5430 meiou‘s
1179 5367 1320 5430 Polouiae
1349 5367 1545 5432 Praemislaus
1568 5367 1632 5432 Ed.
1658 5366 1750 5455 Lapa.
1785 5371 1824 5450 ¹²)
1845 5373 1881 5433 de
1901 5372 1942 5431 D·
2016 5355 2017 5358 ¹

407 5469 498 5546 bingo
519 5465 584 5531 De.
607 5464 698 5554 Lapa.
