<?xml version="1.0" encoding="UTF-8"?>
<!DOCTYPE html PUBLIC "-//W3C//DTD XHTML 1.0 Transitional//EN"
    "http://www.w3.org/TR/xhtml1/DTD/xhtml1-transitional.dtd">
<html xmlns="http://www.w3.org/1999/xhtml" xml:lang="en" lang="en">
 <head>
  <title>
</title>
<meta http-equiv="Content-Type" content="text/html;charset=utf-8" />
  <meta name='ocr-system' content='tesseract 3.04.00' />
  <meta name='ocr-capabilities' content='ocr_page ocr_carea ocr_par ocr_line ocrx_word'/>
</head>
<body>
  <div class='ocr_page' id='page_1' title='image "./operaomnia06paulgoog_0193.png"; bbox 0 0 4126 6280; ppageno 0'>
   <div class='ocr_carea' id='block_1_1' title="bbox 114 555 1645 661">
    <p class='ocr_par' dir='ltr' id='par_1_1' title="bbox 114 555 1645 661">
     <span class='ocr_line' id='line_1_1' title="bbox 114 555 1645 661; baseline -0.001 -28"><span class='ocrx_word' id='word_1_1' title='bbox 114 556 178 661; x_wconf 93' lang='grc' dir='ltr'><strong>(Α.</strong></span> <span class='ocrx_word' id='word_1_2' title='bbox 199 557 243 631; x_wconf 86' lang='lat' dir='ltr'><strong>D.</strong></span> <span class='ocrx_word' id='word_1_3' title='bbox 265 556 389 658; x_wconf 84' lang='grc'>1454.)</span> <span class='ocrx_word' id='word_1_4' title='bbox 617 583 729 634; x_wconf 77' lang='lat' dir='ltr'><strong>ereren</strong></span> <span class='ocrx_word' id='word_1_5' title='bbox 755 583 998 637; x_wconf 86' lang='lat' dir='ltr'><strong>nuonncmrus</strong></span> <span class='ocrx_word' id='word_1_6' title='bbox 1026 563 1138 655; x_wconf 83' lang='grc'>(11111).</span> <span class='ocrx_word' id='word_1_7' title='bbox 1577 555 1645 632; x_wconf 90' lang='grc'><strong>181</strong></span> 
     </span>
    </p>
   </div>
   <div class='ocr_carea' id='block_1_2' title="bbox 110 884 1646 1204">
    <p class='ocr_par' dir='ltr' id='par_1_2' title="bbox 110 884 1646 1204">
     <span class='ocr_line' id='line_1_2' title="bbox 111 884 1645 978; baseline 0.001 -24"><span class='ocrx_word' id='word_1_8' title='bbox 111 884 291 956; x_wconf 83' lang='lat' dir='ltr'><strong>llorimirus</strong></span> <span class='ocrx_word' id='word_1_9' title='bbox 312 885 381 956; x_wconf 84' lang='lat' dir='ltr'><strong>ilex</strong></span> <span class='ocrx_word' id='word_1_10' title='bbox 403 886 476 958; x_wconf 91' lang='lat' dir='ltr'><strong>dum</strong></span> <span class='ocrx_word' id='word_1_11' title='bbox 498 904 554 976; x_wconf 94' lang='lat' dir='ltr'><strong>per</strong></span> <span class='ocrx_word' id='word_1_12' title='bbox 576 888 709 958; x_wconf 87' lang='lat' dir='ltr'><strong>nuutios</strong></span> <span class='ocrx_word' id='word_1_13' title='bbox 738 887 856 978; x_wconf 81' lang='lat' dir='ltr'><strong>repre,</strong></span> <span class='ocrx_word' id='word_1_14' title='bbox 887 887 1091 978; x_wconf 86' lang='lat' dir='ltr'><strong>imperatoris</strong></span> <span class='ocrx_word' id='word_1_15' title='bbox 1114 890 1148 970; x_wconf 85' lang='lat' dir='ltr'><strong>et</strong></span> <span class='ocrx_word' id='word_1_16' title='bbox 1171 887 1349 958; x_wconf 80' lang='lat' dir='ltr'><strong>ilectorum</strong></span> <span class='ocrx_word' id='word_1_17' title='bbox 1370 885 1494 976; x_wconf 90' lang='lat' dir='ltr'><strong>imperii</strong></span> <span class='ocrx_word' id='word_1_18' title='bbox 1517 885 1559 957; x_wconf 89' lang='lat' dir='ltr'><strong>ed</strong></span> <span class='ocrx_word' id='word_1_19' title='bbox 1581 903 1645 957; x_wconf 89' lang='lat' dir='ltr'><strong>res·</strong></span> 
     </span>
     <span class='ocr_line' id='line_1_3' title="bbox 110 1006 1646 1122; baseline -0.002 -41"><span class='ocrx_word' id='word_1_20' title='bbox 110 1006 299 1081; x_wconf 73' lang='lat' dir='ltr'><strong>dordonam</strong></span> <span class='ocrx_word' id='word_1_21' title='bbox 321 1010 478 1080; x_wconf 84' lang='lat' dir='ltr'><strong>tenerum</strong></span> <span class='ocrx_word' id='word_1_22' title='bbox 499 1008 645 1080; x_wconf 83' lang='lat' dir='ltr'><strong>Pressioe</strong></span> <span class='ocrx_word' id='word_1_23' title='bbox 668 1009 786 1080; x_wconf 81' lang='lat' dir='ltr'><strong>inisset</strong></span> <span class='ocrx_word' id='word_1_24' title='bbox 809 1011 974 1122; x_wconf 79' lang='lat' dir='ltr'><strong>hortetur,</strong></span> <span class='ocrx_word' id='word_1_25' title='bbox 997 1010 1237 1102; x_wconf 75' lang='lat' dir='ltr'><strong>responsionem</strong></span> <span class='ocrx_word' id='word_1_26' title='bbox 1259 1011 1293 1079; x_wconf 91' lang='lat' dir='ltr'><strong>in</strong></span> <span class='ocrx_word' id='word_1_27' title='bbox 1316 1009 1457 1080; x_wconf 76' lang='lat' dir='ltr'><strong>futurem</strong></span> <span class='ocrx_word' id='word_1_28' title='bbox 1480 1008 1646 1080; x_wconf 84' lang='lat' dir='ltr'><strong>dermeno·</strong></span> 
     </span>
     <span class='ocr_line' id='line_1_4' title="bbox 687 1131 1059 1204; baseline 0.005 -2"><span class='ocrx_word' id='word_1_29' title='bbox 687 1148 759 1203; x_wconf 89' lang='lat' dir='ltr'><strong>rum</strong></span> <span class='ocrx_word' id='word_1_30' title='bbox 781 1131 922 1204; x_wconf 75' lang='lat' dir='ltr'><strong>boetem</strong></span> <span class='ocrx_word' id='word_1_31' title='bbox 944 1132 1059 1204; x_wconf 84' lang='lat' dir='ltr'><strong>reiicit.</strong></span> 
     </span>
    </p>
   </div>
   <div class='ocr_carea' id='block_1_3' title="bbox 106 1380 1645 2083">
    <p class='ocr_par' dir='ltr' id='par_1_3' title="bbox 106 1380 1645 2083">
     <span class='ocr_line' id='line_1_5' title="bbox 212 1380 1644 1474; baseline 0 -20"><span class='ocrx_word' id='word_1_32' title='bbox 212 1380 255 1454; x_wconf 93' lang='lat' dir='ltr'><strong>In</strong></span> <span class='ocrx_word' id='word_1_33' title='bbox 291 1381 430 1454; x_wconf 82' lang='lat' dir='ltr'><strong>Thorun</strong></span> <span class='ocrx_word' id='word_1_34' title='bbox 465 1383 560 1474; x_wconf 87' lang='lat' dir='ltr'><strong>Rege</strong></span> <span class='ocrx_word' id='word_1_35' title='bbox 578 1382 605 1472; x_wconf 73' lang='grc'><strong>1)</strong></span> <span class='ocrx_word' id='word_1_36' title='bbox 640 1402 794 1470; x_wconf 83' lang='grc'>1111111,</span> <span class='ocrx_word' id='word_1_37' title='bbox 830 1382 947 1455; x_wconf 90' lang='lat' dir='ltr'><strong>nuntii</strong></span> <span class='ocrx_word' id='word_1_38' title='bbox 982 1404 1025 1455; x_wconf 86' lang='grc'><strong>111</strong></span> <span class='ocrx_word' id='word_1_39' title='bbox 1062 1381 1308 1456; x_wconf 89' lang='lat' dir='ltr'><strong>Ratisbonensi</strong></span> <span class='ocrx_word' id='word_1_40' title='bbox 1336 1381 1467 1471; x_wconf 90' lang='lat' dir='ltr'><strong>diaeta,</strong></span> <span class='ocrx_word' id='word_1_41' title='bbox 1504 1380 1644 1454; x_wconf 87' lang='lat' dir='ltr'><strong>nominc</strong></span> 
     </span>
     <span class='ocr_line' id='line_1_6' title="bbox 109 1501 1642 1598; baseline -0.001 -22"><span class='ocrx_word' id='word_1_42' title='bbox 109 1502 245 1576; x_wconf 89' lang='lat' dir='ltr'><strong>Summi</strong></span> <span class='ocrx_word' id='word_1_43' title='bbox 277 1503 474 1588; x_wconf 89' lang='lat' dir='ltr'><strong>Pontifieis,</strong></span> <span class='ocrx_word' id='word_1_44' title='bbox 508 1503 733 1595; x_wconf 91' lang='lat' dir='ltr'><strong>Imperatoris</strong></span> <span class='ocrx_word' id='word_1_45' title='bbox 749 1501 780 1592; x_wconf 76' lang='grc'><strong>2)</strong></span> <span class='ocrx_word' id='word_1_46' title='bbox 808 1509 842 1577; x_wconf 87' lang='lat' dir='ltr'><strong>et</strong></span> <span class='ocrx_word' id='word_1_47' title='bbox 869 1505 1066 1578; x_wconf 81' lang='lat' dir='ltr'><strong>Electorum</strong></span> <span class='ocrx_word' id='word_1_48' title='bbox 1098 1504 1257 1598; x_wconf 89' lang='lat' dir='ltr'><strong>Imperii,</strong></span> <span class='ocrx_word' id='word_1_49' title='bbox 1291 1503 1450 1596; x_wconf 91' lang='lat' dir='ltr'><strong>Philippi</strong></span> <span class='ocrx_word' id='word_1_50' title='bbox 1481 1503 1642 1596; x_wconf 86' lang='lat' dir='ltr'><strong>Burgun-</strong></span> 
     </span>
     <span class='ocr_line' id='line_1_7' title="bbox 107 1607 1642 1718; baseline 0.001 -23"><span class='ocrx_word' id='word_1_51' title='bbox 107 1623 203 1713; x_wconf 90' lang='lat' dir='ltr'><strong>diao,</strong></span> <span class='ocrx_word' id='word_1_52' title='bbox 223 1623 393 1697; x_wconf 72' lang='lat' dir='ltr'><strong>hunerici</strong></span> <span class='ocrx_word' id='word_1_53' title='bbox 412 1625 597 1716; x_wconf 87' lang='lat' dir='ltr'><strong>Bararias,</strong></span> <span class='ocrx_word' id='word_1_54' title='bbox 617 1627 769 1714; x_wconf 91' lang='lat' dir='ltr'><strong>Ducum,</strong></span> <span class='ocrx_word' id='word_1_55' title='bbox 790 1625 928 1699; x_wconf 84' lang='lat' dir='ltr'><strong>Alberti</strong></span> <span class='ocrx_word' id='word_1_56' title='bbox 948 1625 1157 1698; x_wconf 88' lang='lat' dir='ltr'><strong>Marchionis</strong></span> <span class='ocrx_word' id='word_1_57' title='bbox 1176 1607 1512 1718; x_wconf 59' lang='lat' dir='ltr'><strong>Brandeburgensi&#39;s,</strong></span> <span class='ocrx_word' id='word_1_58' title='bbox 1541 1624 1642 1716; x_wconf 89' lang='lat' dir='ltr'><strong>quin-</strong></span> 
     </span>
     <span class='ocr_line' id='line_1_8' title="bbox 108 1744 1643 1839; baseline 0.001 -22"><span class='ocrx_word' id='word_1_59' title='bbox 108 1766 176 1837; x_wconf 91' lang='lat' dir='ltr'><strong>que</strong></span> <span class='ocrx_word' id='word_1_60' title='bbox 204 1768 345 1820; x_wconf 88' lang='lat' dir='ltr'><strong>nurnero</strong></span> <span class='ocrx_word' id='word_1_61' title='bbox 373 1746 586 1818; x_wconf 87' lang='lat' dir='ltr'><strong>advenerunt</strong></span> <span class='ocrx_word' id='word_1_62' title='bbox 602 1744 648 1838; x_wconf 84' lang='lat'><strong>³):</strong></span> <span class='ocrx_word' id='word_1_63' title='bbox 677 1747 849 1820; x_wconf 87' lang='lat' dir='ltr'><strong>Iohannes</strong></span> <span class='ocrx_word' id='word_1_64' title='bbox 882 1748 1059 1836; x_wconf 90' lang='lat' dir='ltr'><strong>Wolroth,</strong></span> <span class='ocrx_word' id='word_1_65' title='bbox 1093 1748 1218 1820; x_wconf 91' lang='lat' dir='ltr'><strong>Petrus</strong></span> <span class='ocrx_word' id='word_1_66' title='bbox 1247 1747 1516 1839; x_wconf 81' lang='lat' dir='ltr'><strong>Bnrgnndus4),</strong></span> <span class='ocrx_word' id='word_1_67' title='bbox 1546 1745 1643 1820; x_wconf 81' lang='lat' dir='ltr'><strong>Chri-</strong></span> 
     </span>
     <span class='ocr_line' id='line_1_9' title="bbox 107 1867 1643 1958; baseline 0.001 -20"><span class='ocrx_word' id='word_1_68' title='bbox 107 1867 296 1958; x_wconf 89' lang='lat' dir='ltr'><strong>stophorus</strong></span> <span class='ocrx_word' id='word_1_69' title='bbox 324 1868 496 1956; x_wconf 82' lang='lat' dir='ltr'><strong>Bararus,</strong></span> <span class='ocrx_word' id='word_1_70' title='bbox 525 1869 672 1941; x_wconf 90' lang='lat' dir='ltr'><strong>Iacobus</strong></span> <span class='ocrx_word' id='word_1_71' title='bbox 700 1870 922 1942; x_wconf 89' lang='lat' dir='ltr'><strong>Decrctorum</strong></span> <span class='ocrx_word' id='word_1_72' title='bbox 950 1869 1092 1957; x_wconf 91' lang='lat' dir='ltr'><strong>Doctor,</strong></span> <span class='ocrx_word' id='word_1_73' title='bbox 1121 1867 1352 1941; x_wconf 82' lang='lat' dir='ltr'><strong>Provincialis</strong></span> <span class='ocrx_word' id='word_1_74' title='bbox 1385 1868 1516 1941; x_wconf 86' lang='lat' dir='ltr'>ordinis</span> <span class='ocrx_word' id='word_1_75' title='bbox 1535 1868 1643 1941; x_wconf 81' lang='lat' dir='ltr'><strong>Oano-</strong></span> 
     </span>
     <span class='ocr_line' id='line_1_10' title="bbox 106 1987 1645 2083; baseline 0.002 -23"><span class='ocrx_word' id='word_1_76' title='bbox 106 1987 266 2060; x_wconf 89' lang='lat' dir='ltr'><strong>nicorum</strong></span> <span class='ocrx_word' id='word_1_77' title='bbox 297 1989 510 2081; x_wconf 79' lang='lat' dir='ltr'><strong>regularium</strong></span> <span class='ocrx_word' id='word_1_78' title='bbox 544 1990 662 2062; x_wconf 86' lang='lat' dir='ltr'><strong>Sancti</strong></span> <span class='ocrx_word' id='word_1_79' title='bbox 695 1990 905 2083; x_wconf 83' lang='lat' dir='ltr'><strong>Augustini,</strong></span> <span class='ocrx_word' id='word_1_80' title='bbox 935 1993 969 2063; x_wconf 91' lang='lat' dir='ltr'><strong>et</strong></span> <span class='ocrx_word' id='word_1_81' title='bbox 997 1989 1098 2062; x_wconf 91' lang='lat' dir='ltr'><strong>Prior</strong></span> <span class='ocrx_word' id='word_1_82' title='bbox 1126 1990 1256 2063; x_wconf 87' lang='lat' dir='ltr'><strong>ordinis</strong></span> <span class='ocrx_word' id='word_1_83' title='bbox 1283 1989 1565 2063; x_wconf 89' lang='lat' dir='ltr'><strong>Praedicatorum</strong></span> <span class='ocrx_word' id='word_1_84' title='bbox 1601 1991 1645 2063; x_wconf 90' lang='lat' dir='ltr'><strong>de</strong></span> 
     </span>
    </p>
   </div>
   <div class='ocr_carea' id='block_1_4' title="bbox 104 2110 1758 2204">
    <p class='ocr_par' dir='ltr' id='par_1_4' title="bbox 104 2110 1758 2204">
     <span class='ocr_line' id='line_1_11' title="bbox 104 2110 1758 2204; baseline 0.002 -23"><span class='ocrx_word' id='word_1_85' title='bbox 104 2110 311 2183; x_wconf 87' lang='lat' dir='ltr'><strong>Ratisbona.</strong></span> <span class='ocrx_word' id='word_1_86' title='bbox 341 2110 407 2182; x_wconf 90' lang='lat' dir='ltr'><strong>His</strong></span> <span class='ocrx_word' id='word_1_87' title='bbox 435 2111 520 2184; x_wconf 86' lang='lat' dir='ltr'><strong>feria</strong></span> <span class='ocrx_word' id='word_1_88' title='bbox 547 2111 697 2184; x_wconf 90' lang='lat' dir='ltr'><strong>secunda</strong></span> <span class='ocrx_word' id='word_1_89' title='bbox 729 2117 808 2204; x_wconf 88' lang='lat' dir='ltr'><strong>post</strong></span> <span class='ocrx_word' id='word_1_90' title='bbox 836 2113 962 2185; x_wconf 83' lang='lat' dir='ltr'><strong>festum</strong></span> <span class='ocrx_word' id='word_1_91' title='bbox 991 2111 1111 2184; x_wconf 86' lang='lat' dir='ltr'><strong>Sancti</strong></span> <span class='ocrx_word' id='word_1_92' title='bbox 1139 2111 1257 2185; x_wconf 88' lang='lat' dir='ltr'><strong>iacobi</strong></span> <span class='ocrx_word' id='word_1_93' title='bbox 1281 2112 1460 2202; x_wconf 83' lang='lat' dir='ltr'><strong>Apostoli,</strong></span> <span class='ocrx_word' id='word_1_94' title='bbox 1489 2111 1525 2184; x_wconf 93' lang='lat' dir='ltr'><strong>in</strong></span> <span class='ocrx_word' id='word_1_95' title='bbox 1544 2133 1641 2204; x_wconf 89' lang='lat' dir='ltr'><strong>prae·</strong></span> <span class='ocrx_word' id='word_1_96' title='bbox 1754 2113 1758 2118; x_wconf 82' lang='grc'><strong>’</strong></span> 
     </span>
    </p>
   </div>
   <div class='ocr_carea' id='block_1_5' title="bbox 96 2231 1642 4999">
    <p class='ocr_par' dir='ltr' id='par_1_5' title="bbox 96 2231 1642 4999">
     <span class='ocr_line' id='line_1_12' title="bbox 105 2231 1640 2324; baseline 0.003 -22"><span class='ocrx_word' id='word_1_97' title='bbox 105 2231 196 2306; x_wconf 90' lang='lat' dir='ltr'><strong>torio</strong></span> <span class='ocrx_word' id='word_1_98' title='bbox 224 2232 379 2305; x_wconf 85' lang='lat' dir='ltr'><strong>civitatis</strong></span> <span class='ocrx_word' id='word_1_99' title='bbox 407 2231 656 2320; x_wconf 81' lang='lat' dir='ltr'><strong>Thornneusis,</strong></span> <span class='ocrx_word' id='word_1_100' title='bbox 685 2233 745 2306; x_wconf 94' lang='lat' dir='ltr'><strong>ubi</strong></span> <span class='ocrx_word' id='word_1_101' title='bbox 764 2235 840 2306; x_wconf 84' lang='lat' dir='ltr'><strong>Rex</strong></span> <span class='ocrx_word' id='word_1_102' title='bbox 857 2233 888 2324; x_wconf 82' lang='lat'><strong>5)</strong></span> <span class='ocrx_word' id='word_1_103' title='bbox 916 2233 1128 2306; x_wconf 88' lang='lat' dir='ltr'><strong>mansionem</strong></span> <span class='ocrx_word' id='word_1_104' title='bbox 1157 2234 1311 2320; x_wconf 88' lang='lat' dir='ltr'><strong>tenebat,</strong></span> <span class='ocrx_word' id='word_1_105' title='bbox 1344 2233 1425 2305; x_wconf 91' lang='lat' dir='ltr'><strong>data</strong></span> <span class='ocrx_word' id='word_1_106' title='bbox 1452 2233 1640 2322; x_wconf 89' lang='lat' dir='ltr'><strong>audientia,</strong></span> 
     </span>
     <span class='ocr_line' id='line_1_13' title="bbox 104 2353 1641 2448; baseline 0.002 -24"><span class='ocrx_word' id='word_1_107' title='bbox 104 2353 255 2426; x_wconf 91' lang='lat' dir='ltr'><strong>Iacobus</strong></span> <span class='ocrx_word' id='word_1_108' title='bbox 283 2354 410 2426; x_wconf 88' lang='lat' dir='ltr'><strong>Doctor</strong></span> <span class='ocrx_word' id='word_1_109' title='bbox 436 2353 668 2426; x_wconf 84' lang='lat' dir='ltr'><strong>Provincialis</strong></span> <span class='ocrx_word' id='word_1_110' title='bbox 696 2355 794 2426; x_wconf 88' lang='lat' dir='ltr'><strong>brevi</strong></span> <span class='ocrx_word' id='word_1_111' title='bbox 822 2354 975 2427; x_wconf 88' lang='lat' dir='ltr'><strong>oratione</strong></span> <span class='ocrx_word' id='word_1_112' title='bbox 1002 2354 1219 2427; x_wconf 81' lang='lat' dir='ltr'><strong>Karimirum</strong></span> <span class='ocrx_word' id='word_1_113' title='bbox 1246 2355 1376 2448; x_wconf 83' lang='lat' dir='ltr'><strong>Regem</strong></span> <span class='ocrx_word' id='word_1_114' title='bbox 1403 2355 1445 2427; x_wconf 92' lang='lat' dir='ltr'><strong>de</strong></span> <span class='ocrx_word' id='word_1_115' title='bbox 1468 2355 1641 2446; x_wconf 87' lang='lat' dir='ltr'><strong>multipli-</strong></span> 
     </span>
     <span class='ocr_line' id='line_1_14' title="bbox 104 2473 1641 2569; baseline 0.002 -22"><span class='ocrx_word' id='word_1_116' title='bbox 104 2473 205 2547; x_wconf 90' lang='lat' dir='ltr'><strong>cibus</strong></span> <span class='ocrx_word' id='word_1_117' title='bbox 233 2475 333 2547; x_wconf 91' lang='lat' dir='ltr'><strong>domis</strong></span> <span class='ocrx_word' id='word_1_118' title='bbox 361 2475 424 2548; x_wconf 90' lang='lat' dir='ltr'><strong>Dei</strong></span> <span class='ocrx_word' id='word_1_119' title='bbox 452 2479 486 2548; x_wconf 94' lang='lat' dir='ltr'><strong>et</strong></span> <span class='ocrx_word' id='word_1_120' title='bbox 507 2475 703 2549; x_wconf 83' lang='lat' dir='ltr'><strong>&#39;uirtutibus</strong></span> <span class='ocrx_word' id='word_1_121' title='bbox 736 2497 841 2569; x_wconf 90' lang='lat' dir='ltr'><strong>supra</strong></span> <span class='ocrx_word' id='word_1_122' title='bbox 872 2498 989 2549; x_wconf 88' lang='lat' dir='ltr'><strong>omnes</strong></span> <span class='ocrx_word' id='word_1_123' title='bbox 1021 2477 1133 2569; x_wconf 88' lang='lat' dir='ltr'><strong>Reges</strong></span> <span class='ocrx_word' id='word_1_124' title='bbox 1161 2481 1195 2550; x_wconf 89' lang='lat' dir='ltr'><strong>et</strong></span> <span class='ocrx_word' id='word_1_125' title='bbox 1214 2475 1394 2568; x_wconf 85' lang='lat' dir='ltr'><strong>Principes</strong></span> <span class='ocrx_word' id='word_1_126' title='bbox 1428 2475 1529 2548; x_wconf 87' lang='lat' dir='ltr'><strong>Orbis</strong></span> <span class='ocrx_word' id='word_1_127' title='bbox 1562 2476 1641 2550; x_wconf 89' lang='lat' dir='ltr'><strong>effe-</strong></span> 
     </span>
     <span class='ocr_line' id='line_1_15' title="bbox 102 2595 1641 2690; baseline 0.002 -24"><span class='ocrx_word' id='word_1_128' title='bbox 102 2615 202 2684; x_wconf 90' lang='lat' dir='ltr'><strong>rens,</strong></span> <span class='ocrx_word' id='word_1_129' title='bbox 232 2600 303 2668; x_wconf 89' lang='lat' dir='ltr'><strong>tres</strong></span> <span class='ocrx_word' id='word_1_130' title='bbox 330 2595 480 2669; x_wconf 84' lang='lat' dir='ltr'><strong>virtutes</strong></span> <span class='ocrx_word' id='word_1_131' title='bbox 507 2597 711 2690; x_wconf 89' lang='lat' dir='ltr'><strong>praecipuas</strong></span> <span class='ocrx_word' id='word_1_132' title='bbox 739 2599 854 2690; x_wconf 90' lang='lat' dir='ltr'><strong>ipsum</strong></span> <span class='ocrx_word' id='word_1_133' title='bbox 878 2598 1070 2672; x_wconf 90' lang='lat' dir='ltr'><strong>necessario</strong></span> <span class='ocrx_word' id='word_1_134' title='bbox 1095 2597 1220 2671; x_wconf 87' lang='lat' dir='ltr'><strong>habere</strong></span> <span class='ocrx_word' id='word_1_135' title='bbox 1243 2598 1426 2686; x_wconf 81' lang='lat' dir='ltr'><strong>disseruit,</strong></span> <span class='ocrx_word' id='word_1_136' title='bbox 1456 2597 1641 2688; x_wconf 89' lang='lat' dir='ltr'><strong>iustitiam,</strong></span> 
     </span>
     <span class='ocr_line' id='line_1_16' title="bbox 103 2717 1640 2814; baseline 0.001 -24"><span class='ocrx_word' id='word_1_137' title='bbox 103 2717 326 2790; x_wconf 87' lang='lat' dir='ltr'><strong>clementiam</strong></span> <span class='ocrx_word' id='word_1_138' title='bbox 354 2722 388 2791; x_wconf 92' lang='lat' dir='ltr'><strong>et</strong></span> <span class='ocrx_word' id='word_1_139' title='bbox 416 2719 675 2808; x_wconf 67' lang='lat' dir='ltr'><strong>strenuitatem</strong></span> <span class='ocrx_word' id='word_1_140' title='bbox 703 2725 824 2814; x_wconf 88' lang='lat' dir='ltr'><strong>petens</strong></span> <span class='ocrx_word' id='word_1_141' title='bbox 858 2719 995 2792; x_wconf 89' lang='lat' dir='ltr'><strong>nornine</strong></span> <span class='ocrx_word' id='word_1_142' title='bbox 1025 2719 1134 2792; x_wconf 92' lang='lat' dir='ltr'><strong>totius</strong></span> <span class='ocrx_word' id='word_1_143' title='bbox 1153 2719 1418 2792; x_wconf 88' lang='lat' dir='ltr'><strong>Ratisbonensis</strong></span> <span class='ocrx_word' id='word_1_144' title='bbox 1438 2723 1640 2808; x_wconf 82' lang='lat' dir='ltr'><strong>conventus,</strong></span> 
     </span>
     <span class='ocr_line' id='line_1_17' title="bbox 102 2839 1642 2932; baseline 0.001 -22"><span class='ocrx_word' id='word_1_145' title='bbox 102 2842 217 2911; x_wconf 87' lang='lat' dir='ltr'><strong>terras</strong></span> <span class='ocrx_word' id='word_1_146' title='bbox 244 2839 408 2913; x_wconf 89' lang='lat' dir='ltr'><strong>Prussiae</strong></span> <span class='ocrx_word' id='word_1_147' title='bbox 435 2840 602 2932; x_wconf 85' lang='lat' dir='ltr'><strong>Magistro</strong></span> <span class='ocrx_word' id='word_1_148' title='bbox 622 2846 656 2913; x_wconf 90' lang='lat' dir='ltr'><strong>et</strong></span> <span class='ocrx_word' id='word_1_149' title='bbox 676 2840 797 2913; x_wconf 88' lang='lat' dir='ltr'><strong>Ordini</strong></span> <span class='ocrx_word' id='word_1_150' title='bbox 829 2840 1098 2928; x_wconf 81' lang='lat' dir='ltr'><strong>Crueiierorum‚</strong></span> <span class='ocrx_word' id='word_1_151' title='bbox 1132 2841 1309 2914; x_wconf 87' lang='lat' dir='ltr'><strong>veteribus</strong></span> <span class='ocrx_word' id='word_1_152' title='bbox 1337 2841 1477 2913; x_wconf 91' lang='lat' dir='ltr'><strong>illarum</strong></span> <span class='ocrx_word' id='word_1_153' title='bbox 1505 2861 1642 2932; x_wconf 89' lang='lat' dir='ltr'><strong>posses-</strong></span> 
     </span>
     <span class='ocr_line' id='line_1_18' title="bbox 102 2960 1640 3056; baseline 0.001 -23"><span class='ocrx_word' id='word_1_154' title='bbox 102 2960 259 3049; x_wconf 88' lang='lat' dir='ltr'><strong>soribus‚</strong></span> <span class='ocrx_word' id='word_1_155' title='bbox 287 2961 427 3035; x_wconf 89' lang='lat' dir='ltr'><strong>restitui</strong></span> <span class='ocrx_word' id='word_1_156' title='bbox 453 2962 572 3055; x_wconf 83' lang='lat' dir='ltr'><strong>rigore</strong></span> <span class='ocrx_word' id='word_1_157' title='bbox 599 2962 772 3048; x_wconf 88' lang='lat' dir='ltr'><strong>iustitiae,</strong></span> <span class='ocrx_word' id='word_1_158' title='bbox 802 2966 916 3036; x_wconf 89' lang='lat' dir='ltr'><strong>errata</strong></span> <span class='ocrx_word' id='word_1_159' title='bbox 944 2984 1060 3035; x_wconf 90' lang='lat' dir='ltr'><strong>eorum</strong></span> <span class='ocrx_word' id='word_1_160' title='bbox 1089 2962 1220 3056; x_wconf 87' lang='lat' dir='ltr'><strong>ignosci</strong></span> <span class='ocrx_word' id='word_1_161' title='bbox 1252 2961 1386 3036; x_wconf 88' lang='lat' dir='ltr'><strong>ratione</strong></span> <span class='ocrx_word' id='word_1_162' title='bbox 1424 2962 1640 3052; x_wconf 88' lang='lat' dir='ltr'><strong>clementiae,</strong></span> 
     </span>
     <span class='ocr_line' id='line_1_19' title="bbox 100 3083 1640 3176; baseline 0.001 -22"><span class='ocrx_word' id='word_1_163' title='bbox 100 3103 163 3174; x_wconf 89' lang='lat' dir='ltr'><strong>pro</strong></span> <span class='ocrx_word' id='word_1_164' title='bbox 192 3083 454 3174; x_wconf 76' lang='lat' dir='ltr'><strong>recuperatione</strong></span> <span class='ocrx_word' id='word_1_165' title='bbox 481 3084 578 3156; x_wconf 93' lang='lat' dir='ltr'><strong>urbis</strong></span> <span class='ocrx_word' id='word_1_166' title='bbox 607 3083 1027 3175; x_wconf 77' lang='lat' dir='ltr'><strong>Constantinopolitanae,</strong></span> <span class='ocrx_word' id='word_1_167' title='bbox 1057 3105 1134 3157; x_wconf 87' lang='lat' dir='ltr'><strong>cum</strong></span> <span class='ocrx_word' id='word_1_168' title='bbox 1153 3085 1233 3157; x_wconf 91' lang='lat' dir='ltr'><strong>aliis</strong></span> <span class='ocrx_word' id='word_1_169' title='bbox 1258 3083 1441 3157; x_wconf 88' lang='lat' dir='ltr'><strong>catholicis</strong></span> <span class='ocrx_word' id='word_1_170' title='bbox 1469 3083 1640 3176; x_wconf 88' lang='lat' dir='ltr'><strong>Principi-</strong></span> 
     </span>
     <span class='ocr_line' id='line_1_20' title="bbox 100 3204 1642 3297; baseline 0.001 -21"><span class='ocrx_word' id='word_1_171' title='bbox 100 3204 167 3276; x_wconf 90' lang='lat' dir='ltr'><strong>bus</strong></span> <span class='ocrx_word' id='word_1_172' title='bbox 197 3224 402 3297; x_wconf 88' lang='lat' dir='ltr'><strong>consurgere</strong></span> <span class='ocrx_word' id='word_1_173' title='bbox 433 3205 567 3278; x_wconf 90' lang='lat' dir='ltr'><strong>ratione</strong></span> <span class='ocrx_word' id='word_1_174' title='bbox 595 3204 832 3293; x_wconf 89' lang='lat' dir='ltr'><strong>strenuitatis;</strong></span> <span class='ocrx_word' id='word_1_175' title='bbox 870 3205 1087 3279; x_wconf 88' lang='lat' dir='ltr'><strong>subinferens</strong></span> <span class='ocrx_word' id='word_1_176' title='bbox 1115 3205 1295 3297; x_wconf 88' lang='lat' dir='ltr'><strong>Principes</strong></span> <span class='ocrx_word' id='word_1_177' title='bbox 1328 3205 1583 3279; x_wconf 88' lang='lat' dir='ltr'><strong>ecclesiasticos</strong></span> <span class='ocrx_word' id='word_1_178' title='bbox 1607 3210 1642 3277; x_wconf 88' lang='lat' dir='ltr'><strong>ct</strong></span> 
     </span>
     <span class='ocr_line' id='line_1_21' title="bbox 101 3325 1639 3416; baseline 0.001 -19"><span class='ocrx_word' id='word_1_179' title='bbox 101 3326 300 3398; x_wconf 78' lang='lat' dir='ltr'><strong>saeculares</strong></span> <span class='ocrx_word' id='word_1_180' title='bbox 328 3327 548 3400; x_wconf 84' lang='lat' dir='ltr'><strong>vehementer</strong></span> <span class='ocrx_word' id='word_1_181' title='bbox 575 3327 733 3399; x_wconf 90' lang='lat' dir='ltr'><strong>turbatos</strong></span> <span class='ocrx_word' id='word_1_182' title='bbox 761 3348 836 3400; x_wconf 87' lang='lat' dir='ltr'><strong>esse</strong></span> <span class='ocrx_word' id='word_1_183' title='bbox 856 3325 897 3400; x_wconf 92' lang='lat' dir='ltr'><strong>de</strong></span> <span class='ocrx_word' id='word_1_184' title='bbox 916 3327 1117 3400; x_wconf 89' lang='lat' dir='ltr'><strong>subactione</strong></span> <span class='ocrx_word' id='word_1_185' title='bbox 1144 3327 1331 3416; x_wconf 84' lang='lat' dir='ltr'><strong>Prussiae,</strong></span> <span class='ocrx_word' id='word_1_186' title='bbox 1355 3333 1390 3399; x_wconf 89' lang='lat' dir='ltr'><strong>ct</strong></span> <span class='ocrx_word' id='word_1_187' title='bbox 1417 3327 1521 3399; x_wconf 90' lang='lat' dir='ltr'><strong>aliam</strong></span> <span class='ocrx_word' id='word_1_188' title='bbox 1545 3326 1639 3399; x_wconf 92' lang='lat' dir='ltr'><strong>diae-</strong></span> 
     </span>
     <span class='ocr_line' id='line_1_22' title="bbox 100 3448 1640 3542; baseline 0.001 -24"><span class='ocrx_word' id='word_1_189' title='bbox 100 3453 173 3520; x_wconf 89' lang='lat' dir='ltr'><strong>tam</strong></span> <span class='ocrx_word' id='word_1_190' title='bbox 202 3469 264 3539; x_wconf 92' lang='lat' dir='ltr'><strong>pro</strong></span> <span class='ocrx_word' id='word_1_191' title='bbox 292 3449 380 3520; x_wconf 86' lang='lat' dir='ltr'><strong>festo</strong></span> <span class='ocrx_word' id='word_1_192' title='bbox 409 3448 529 3521; x_wconf 82' lang='lat' dir='ltr'><strong>Sancti</strong></span> <span class='ocrx_word' id='word_1_193' title='bbox 556 3448 754 3538; x_wconf 87' lang='lat' dir='ltr'><strong>Michaelis,</strong></span> <span class='ocrx_word' id='word_1_194' title='bbox 781 3449 816 3520; x_wconf 91' lang='lat' dir='ltr'><strong>in</strong></span> <span class='ocrx_word' id='word_1_195' title='bbox 836 3449 1071 3542; x_wconf 88' lang='lat' dir='ltr'><strong>Norembcrga</strong></span> <span class='ocrx_word' id='word_1_196' title='bbox 1097 3454 1158 3521; x_wconf 94' lang='lat' dir='ltr'><strong>aut</strong></span> <span class='ocrx_word' id='word_1_197' title='bbox 1176 3448 1406 3521; x_wconf 79' lang='lat' dir='ltr'><strong>Frankiordia</strong></span> <span class='ocrx_word' id='word_1_198' title='bbox 1424 3469 1529 3540; x_wconf 88' lang='lat' dir='ltr'><strong>prope</strong></span> <span class='ocrx_word' id='word_1_199' title='bbox 1547 3448 1640 3521; x_wconf 86' lang='lat' dir='ltr'><strong>Rhe·</strong></span> 
     </span>
     <span class='ocr_line' id='line_1_23' title="bbox 99 3569 1640 3664; baseline 0.001 -24"><span class='ocrx_word' id='word_1_200' title='bbox 99 3591 203 3658; x_wconf 90' lang='lat' dir='ltr'><strong>num,</strong></span> <span class='ocrx_word' id='word_1_201' title='bbox 233 3569 457 3643; x_wconf 90' lang='lat' dir='ltr'><strong>constituisse</strong></span> <span class='ocrx_word' id='word_1_202' title='bbox 484 3571 527 3642; x_wconf 90' lang='lat' dir='ltr'><strong>ad</strong></span> <span class='ocrx_word' id='word_1_203' title='bbox 554 3570 804 3664; x_wconf 81' lang='lat' dir='ltr'><strong>providendum</strong></span> <span class='ocrx_word' id='word_1_204' title='bbox 831 3571 935 3643; x_wconf 89' lang='lat' dir='ltr'><strong>rebus</strong></span> <span class='ocrx_word' id='word_1_205' title='bbox 967 3570 1048 3643; x_wconf 90' lang='lat' dir='ltr'><strong>fidei</strong></span> <span class='ocrx_word' id='word_1_206' title='bbox 1076 3575 1110 3644; x_wconf 88' lang='lat' dir='ltr'><strong>et</strong></span> <span class='ocrx_word' id='word_1_207' title='bbox 1138 3570 1401 3644; x_wconf 74' lang='lat' dir='ltr'><strong>cruciferorum.</strong></span> <span class='ocrx_word' id='word_1_208' title='bbox 1431 3571 1507 3643; x_wconf 84' lang='lat' dir='ltr'><strong>Rex</strong></span> <span class='ocrx_word' id='word_1_209' title='bbox 1524 3569 1554 3659; x_wconf 75' lang='grc' dir='ltr'><strong>θ)</strong></span> <span class='ocrx_word' id='word_1_210' title='bbox 1582 3569 1640 3642; x_wconf 91' lang='lat' dir='ltr'><strong>de·</strong></span> 
     </span>
     <span class='ocr_line' id='line_1_24' title="bbox 98 3690 1639 3784; baseline 0.001 -23"><span class='ocrx_word' id='word_1_211' title='bbox 98 3690 309 3764; x_wconf 90' lang='lat' dir='ltr'><strong>liberatione</strong></span> <span class='ocrx_word' id='word_1_212' title='bbox 336 3695 490 3783; x_wconf 89' lang='lat' dir='ltr'><strong>sumpta,</strong></span> <span class='ocrx_word' id='word_1_213' title='bbox 519 3691 587 3762; x_wconf 91' lang='lat' dir='ltr'><strong>etsi</strong></span> <span class='ocrx_word' id='word_1_214' title='bbox 614 3692 803 3780; x_wconf 82' lang='lat' dir='ltr'><strong>efficacem,</strong></span> <span class='ocrx_word' id='word_1_215' title='bbox 838 3692 1077 3784; x_wconf 88' lang='lat' dir='ltr'><strong>digestamque</strong></span> <span class='ocrx_word' id='word_1_216' title='bbox 1104 3691 1337 3784; x_wconf 79' lang='lat' dir='ltr'><strong>congessisset</strong></span> <span class='ocrx_word' id='word_1_217' title='bbox 1368 3690 1639 3783; x_wconf 90' lang='lat' dir='ltr'><strong>responsionem,</strong></span> 
     </span>
     <span class='ocr_line' id='line_1_25' title="bbox 98 3811 1639 3910; baseline 0.001 -28"><span class='ocrx_word' id='word_1_218' title='bbox 98 3817 139 3883; x_wconf 94' lang='lat' dir='ltr'><strong>ut</strong></span> <span class='ocrx_word' id='word_1_219' title='bbox 167 3817 286 3885; x_wconf 91' lang='lat' dir='ltr'><strong>tamen</strong></span> <span class='ocrx_word' id='word_1_220' title='bbox 315 3813 521 3901; x_wconf 85' lang='lat' dir='ltr'><strong>Almanuos,</strong></span> <span class='ocrx_word' id='word_1_221' title='bbox 549 3813 680 3910; x_wconf 87' lang='lat' dir='ltr'><strong>bellum</strong></span> <span class='ocrx_word' id='word_1_222' title='bbox 709 3812 776 3884; x_wconf 91' lang='lat' dir='ltr'><strong>sibi</strong></span> <span class='ocrx_word' id='word_1_223' title='bbox 803 3812 930 3885; x_wconf 85' lang='lat' dir='ltr'><strong>inferro</strong></span> <span class='ocrx_word' id='word_1_224' title='bbox 958 3813 1156 3902; x_wconf 87' lang='lat' dir='ltr'><strong>molientes,</strong></span> <span class='ocrx_word' id='word_1_225' title='bbox 1185 3813 1320 3885; x_wconf 89' lang='lat' dir='ltr'><strong>diutius</strong></span> <span class='ocrx_word' id='word_1_226' title='bbox 1348 3812 1385 3884; x_wconf 91' lang='lat' dir='ltr'><strong>iu</strong></span> <span class='ocrx_word' id='word_1_227' title='bbox 1410 3833 1469 3905; x_wconf 90' lang='lat' dir='ltr'><strong>spe</strong></span> <span class='ocrx_word' id='word_1_228' title='bbox 1489 3811 1639 3885; x_wconf 89' lang='lat' dir='ltr'><strong>destine-</strong></span> 
     </span>
     <span class='ocr_line' id='line_1_26' title="bbox 97 3933 1638 4025; baseline -0.001 -20"><span class='ocrx_word' id='word_1_229' title='bbox 97 3938 169 4024; x_wconf 92' lang='lat' dir='ltr'><strong>ret,</strong></span> <span class='ocrx_word' id='word_1_230' title='bbox 200 3934 345 4006; x_wconf 79' lang='lat' dir='ltr'><strong>leuitate</strong></span> <span class='ocrx_word' id='word_1_231' title='bbox 373 3933 477 4006; x_wconf 88' lang='lat' dir='ltr'><strong>etiarn</strong></span> <span class='ocrx_word' id='word_1_232' title='bbox 504 3933 706 4006; x_wconf 89' lang='lat' dir='ltr'><strong>nuntiorum</strong></span> <span class='ocrx_word' id='word_1_233' title='bbox 733 3938 897 4025; x_wconf 90' lang='lat' dir='ltr'><strong>pensata,</strong></span> <span class='ocrx_word' id='word_1_234' title='bbox 927 3934 1115 4007; x_wconf 90' lang='lat' dir='ltr'><strong>missurum</strong></span> <span class='ocrx_word' id='word_1_235' title='bbox 1144 3956 1180 4007; x_wconf 91' lang='lat' dir='ltr'><strong>se</strong></span> <span class='ocrx_word' id='word_1_236' title='bbox 1199 3934 1236 4006; x_wconf 92' lang='lat' dir='ltr'><strong>in</strong></span> <span class='ocrx_word' id='word_1_237' title='bbox 1255 3933 1404 4006; x_wconf 89' lang='lat' dir='ltr'><strong>diaetam</strong></span> <span class='ocrx_word' id='word_1_238' title='bbox 1432 3933 1638 4006; x_wconf 89' lang='lat' dir='ltr'><strong>Norember·</strong></span> 
     </span>
     <span class='ocr_line' id='line_1_27' title="bbox 96 4055 1639 4148; baseline -0.002 -19"><span class='ocrx_word' id='word_1_239' title='bbox 96 4077 258 4148; x_wconf 89' lang='lat' dir='ltr'><strong>gensem,</strong></span> <span class='ocrx_word' id='word_1_240' title='bbox 286 4077 348 4147; x_wconf 93' lang='lat' dir='ltr'><strong>pro</strong></span> <span class='ocrx_word' id='word_1_241' title='bbox 376 4056 464 4128; x_wconf 86' lang='lat' dir='ltr'><strong>festo</strong></span> <span class='ocrx_word' id='word_1_242' title='bbox 484 4055 604 4128; x_wconf 88' lang='lat' dir='ltr'><strong>Sancti</strong></span> <span class='ocrx_word' id='word_1_243' title='bbox 623 4055 803 4128; x_wconf 86' lang='lat' dir='ltr'><strong>Michaelis</strong></span> <span class='ocrx_word' id='word_1_244' title='bbox 823 4055 1021 4145; x_wconf 87' lang='lat' dir='ltr'><strong>tenendam,</strong></span> <span class='ocrx_word' id='word_1_245' title='bbox 1052 4055 1220 4148; x_wconf 91' lang='lat' dir='ltr'><strong>speciales</strong></span> <span class='ocrx_word' id='word_1_246' title='bbox 1248 4055 1406 4144; x_wconf 81' lang='lat' dir='ltr'><strong>nunties,</strong></span> <span class='ocrx_word' id='word_1_247' title='bbox 1436 4056 1639 4128; x_wconf 80' lang='grc'>1111111111-</span> 
     </span>
     <span class='ocr_line' id='line_1_28' title="bbox 96 4176 1638 4269; baseline -0.001 -19"><span class='ocrx_word' id='word_1_248' title='bbox 96 4181 260 4269; x_wconf 91' lang='lat' dir='ltr'><strong>pcratore</strong></span> <span class='ocrx_word' id='word_1_249' title='bbox 287 4183 321 4250; x_wconf 92' lang='lat' dir='ltr'><strong>et</strong></span> <span class='ocrx_word' id='word_1_250' title='bbox 348 4176 587 4268; x_wconf 90' lang='lat' dir='ltr'><strong>Principibus,</strong></span> <span class='ocrx_word' id='word_1_251' title='bbox 621 4177 681 4269; x_wconf 93' lang='lat' dir='ltr'><strong>qui</strong></span> <span class='ocrx_word' id='word_1_252' title='bbox 714 4177 789 4250; x_wconf 91' lang='lat' dir='ltr'><strong>illio</strong></span> <span class='ocrx_word' id='word_1_253' title='bbox 822 4178 984 4266; x_wconf 87' lang='lat' dir='ltr'><strong>aderunt,</strong></span> <span class='ocrx_word' id='word_1_254' title='bbox 1018 4177 1209 4267; x_wconf 88' lang='lat' dir='ltr'><strong>iustitiam,</strong></span> <span class='ocrx_word' id='word_1_255' title='bbox 1243 4176 1463 4251; x_wconf 88' lang='lat' dir='ltr'><strong>clementiam</strong></span> <span class='ocrx_word' id='word_1_256' title='bbox 1490 4184 1525 4249; x_wconf 88' lang='lat' dir='ltr'><strong>ot</strong></span> <span class='ocrx_word' id='word_1_257' title='bbox 1552 4181 1638 4250; x_wconf 90' lang='lat' dir='ltr'><strong>stro·</strong></span> 
     </span>
     <span class='ocr_line' id='line_1_29' title="bbox 98 4297 1640 4390; baseline -0.001 -20"><span class='ocrx_word' id='word_1_258' title='bbox 98 4299 271 4371; x_wconf 87' lang='lat' dir='ltr'><strong>unitatem</strong></span> <span class='ocrx_word' id='word_1_259' title='bbox 304 4320 402 4370; x_wconf 91' lang='lat' dir='ltr'><strong>suam</strong></span> <span class='ocrx_word' id='word_1_260' title='bbox 434 4299 749 4388; x_wconf 90' lang='lat' dir='ltr'><strong>demonstraturus,</strong></span> <span class='ocrx_word' id='word_1_261' title='bbox 786 4298 977 4390; x_wconf 90' lang='lat' dir='ltr'><strong>respondit.</strong></span> <span class='ocrx_word' id='word_1_262' title='bbox 1016 4299 1089 4390; x_wconf 75' lang='lat' dir='ltr'><strong>Quo</strong></span> <span class='ocrx_word' id='word_1_263' title='bbox 1126 4319 1291 4389; x_wconf 90' lang='lat' dir='ltr'><strong>responso</strong></span> <span class='ocrx_word' id='word_1_264' title='bbox 1328 4301 1485 4390; x_wconf 89' lang='lat' dir='ltr'><strong>accepto,</strong></span> <span class='ocrx_word' id='word_1_265' title='bbox 1523 4297 1640 4370; x_wconf 92' lang='lat' dir='ltr'><strong>nuntii</strong></span> 
     </span>
     <span class='ocr_line' id='line_1_30' title="bbox 96 4419 1637 4513; baseline 0 -21"><span class='ocrx_word' id='word_1_266' title='bbox 96 4419 167 4513; x_wconf 90' lang='lat' dir='ltr'><strong>ipsi</strong></span> <span class='ocrx_word' id='word_1_267' title='bbox 196 4421 375 4512; x_wconf 89' lang='lat' dir='ltr'><strong>petebant,</strong></span> <span class='ocrx_word' id='word_1_268' title='bbox 405 4441 441 4493; x_wconf 91' lang='lat' dir='ltr'><strong>se</strong></span> <span class='ocrx_word' id='word_1_269' title='bbox 468 4421 512 4492; x_wconf 90' lang='lat' dir='ltr'><strong>ad</strong></span> <span class='ocrx_word' id='word_1_270' title='bbox 539 4419 743 4512; x_wconf 87' lang='lat' dir='ltr'><strong>Magistrum</strong></span> <span class='ocrx_word' id='word_1_271' title='bbox 763 4425 797 4493; x_wconf 89' lang='lat' dir='ltr'><strong>ct</strong></span> <span class='ocrx_word' id='word_1_272' title='bbox 816 4419 977 4493; x_wconf 88' lang='lat' dir='ltr'><strong>Ordinem</strong></span> <span class='ocrx_word' id='word_1_273' title='bbox 1005 4419 1042 4492; x_wconf 93' lang='lat' dir='ltr'><strong>in</strong></span> <span class='ocrx_word' id='word_1_274' title='bbox 1069 4419 1292 4513; x_wconf 83' lang='lat' dir='ltr'><strong>Marionburg</strong></span> <span class='ocrx_word' id='word_1_275' title='bbox 1319 4419 1460 4508; x_wconf 90' lang='lat' dir='ltr'><strong>deduci,</strong></span> <span class='ocrx_word' id='word_1_276' title='bbox 1491 4424 1525 4492; x_wconf 89' lang='lat' dir='ltr'><strong>et</strong></span> <span class='ocrx_word' id='word_1_277' title='bbox 1544 4419 1637 4492; x_wconf 90' lang='lat' dir='ltr'><strong>obsi·</strong></span> 
     </span>
     <span class='ocr_line' id='line_1_31' title="bbox 97 4541 1639 4634; baseline -0.001 -20"><span class='ocrx_word' id='word_1_278' title='bbox 97 4543 237 4614; x_wconf 92' lang='lat' dir='ltr'><strong>dionem</strong></span> <span class='ocrx_word' id='word_1_279' title='bbox 269 4541 491 4634; x_wconf 87' lang='lat' dir='ltr'><strong>Marienburg</strong></span> <span class='ocrx_word' id='word_1_280' title='bbox 522 4548 556 4615; x_wconf 90' lang='lat' dir='ltr'><strong>ei</strong></span> <span class='ocrx_word' id='word_1_281' title='bbox 584 4542 728 4615; x_wconf 86' lang='lat' dir='ltr'><strong>Suthum</strong></span> <span class='ocrx_word' id='word_1_282' title='bbox 761 4546 953 4615; x_wconf 90' lang='lat' dir='ltr'><strong>castrorum</strong></span> <span class='ocrx_word' id='word_1_283' title='bbox 985 4562 1025 4614; x_wconf 90' lang='lat' dir='ltr'><strong>ac</strong></span> <span class='ocrx_word' id='word_1_284' title='bbox 1057 4541 1175 4633; x_wconf 89' lang='lat' dir='ltr'><strong>oppidi</strong></span> <span class='ocrx_word' id='word_1_285' title='bbox 1208 4541 1400 4634; x_wconf 84' lang='lat' dir='ltr'><strong>Ohoynicua</strong></span> <span class='ocrx_word' id='word_1_286' title='bbox 1433 4541 1540 4630; x_wconf 84' lang='lat' dir='ltr'><strong>solri;</strong></span> <span class='ocrx_word' id='word_1_287' title='bbox 1579 4541 1639 4613; x_wconf 90' lang='lat' dir='ltr'><strong>sod</strong></span> 
     </span>
     <span class='ocr_line' id='line_1_32' title="bbox 96 4661 1637 4756; baseline -0.001 -21"><span class='ocrx_word' id='word_1_288' title='bbox 96 4664 181 4736; x_wconf 92' lang='lat' dir='ltr'><strong>dum</strong></span> <span class='ocrx_word' id='word_1_289' title='bbox 211 4663 245 4734; x_wconf 91' lang='lat' dir='ltr'><strong>id</strong></span> <span class='ocrx_word' id='word_1_290' title='bbox 272 4663 473 4737; x_wconf 88' lang='lat' dir='ltr'><strong>nullatenus</strong></span> <span class='ocrx_word' id='word_1_291' title='bbox 501 4662 576 4736; x_wconf 89' lang='lat' dir='ltr'><strong>fieri</strong></span> <span class='ocrx_word' id='word_1_292' title='bbox 603 4684 705 4754; x_wconf 89' lang='lat' dir='ltr'><strong>posse</strong></span> <span class='ocrx_word' id='word_1_293' title='bbox 737 4663 966 4754; x_wconf 88' lang='lat' dir='ltr'><strong>accepissent,</strong></span> <span class='ocrx_word' id='word_1_294' title='bbox 1001 4663 1212 4735; x_wconf 77' lang='lat' dir='ltr'><strong>rememorati</strong></span> <span class='ocrx_word' id='word_1_295' title='bbox 1240 4663 1374 4756; x_wconf 80' lang='lat' dir='ltr'><strong>allego</strong></span> <span class='ocrx_word' id='word_1_296' title='bbox 1404 4661 1554 4734; x_wconf 83' lang='lat' dir='ltr'><strong>Schubis</strong></span> <span class='ocrx_word' id='word_1_297' title='bbox 1583 4683 1637 4733; x_wconf 91' lang='lat' dir='ltr'><strong>sa·</strong></span> 
     </span>
     <span class='ocr_line' id='line_1_33' title="bbox 96 4783 1637 4876; baseline -0.002 -19"><span class='ocrx_word' id='word_1_298' title='bbox 96 4783 243 4858; x_wconf 91' lang='lat' dir='ltr'><strong>bellinis</strong></span> <span class='ocrx_word' id='word_1_299' title='bbox 260 4785 301 4874; x_wconf 84' lang='lat'><strong>⁷),</strong></span> <span class='ocrx_word' id='word_1_300' title='bbox 329 4788 563 4857; x_wconf 87' lang='lat' dir='ltr'><strong>revertuntur.</strong></span> <span class='ocrx_word' id='word_1_301' title='bbox 592 4785 853 4857; x_wconf 81' lang='lat' dir='ltr'><strong>Admonebatur</strong></span> <span class='ocrx_word' id='word_1_302' title='bbox 885 4790 968 4858; x_wconf 91' lang='lat' dir='ltr'><strong>tunc</strong></span> <span class='ocrx_word' id='word_1_303' title='bbox 996 4783 1196 4856; x_wconf 84' lang='lat' dir='ltr'><strong>Kanimirus</strong></span> <span class='ocrx_word' id='word_1_304' title='bbox 1228 4785 1304 4857; x_wconf 85' lang='lat' dir='ltr'><strong>Rex</strong></span> <span class='ocrx_word' id='word_1_305' title='bbox 1333 4806 1352 4856; x_wconf 90' lang='lat' dir='ltr'><strong>a</strong></span> <span class='ocrx_word' id='word_1_306' title='bbox 1381 4783 1530 4876; x_wconf 89' lang='lat' dir='ltr'><strong>Sbigneo</strong></span> <span class='ocrx_word' id='word_1_307' title='bbox 1558 4783 1637 4856; x_wconf 83' lang='lat' dir='ltr'><strong>Car·</strong></span> 
     </span>
     <span class='ocr_line' id='line_1_34' title="bbox 97 4904 1637 4999; baseline -0.001 -20"><span class='ocrx_word' id='word_1_308' title='bbox 97 4906 211 4979; x_wconf 89' lang='lat' dir='ltr'><strong>dinali</strong></span> <span class='ocrx_word' id='word_1_309' title='bbox 239 4911 273 4979; x_wconf 90' lang='lat' dir='ltr'><strong>ct</strong></span> <span class='ocrx_word' id='word_1_310' title='bbox 300 4905 460 4998; x_wconf 86' lang='lat' dir='ltr'><strong>episcopo</strong></span> <span class='ocrx_word' id='word_1_311' title='bbox 488 4906 725 4996; x_wconf 77' lang='lat' dir='ltr'><strong>cracoviensi,</strong></span> <span class='ocrx_word' id='word_1_312' title='bbox 753 4928 815 4999; x_wconf 87' lang='lat' dir='ltr'><strong>per</strong></span> <span class='ocrx_word' id='word_1_313' title='bbox 841 4906 1019 4994; x_wconf 90' lang='lat' dir='ltr'><strong>nuntium,</strong></span> <span class='ocrx_word' id='word_1_314' title='bbox 1050 4911 1222 4998; x_wconf 89' lang='lat' dir='ltr'><strong>quatenus</strong></span> <span class='ocrx_word' id='word_1_315' title='bbox 1250 4905 1382 4998; x_wconf 89' lang='lat' dir='ltr'><strong>coeptis</strong></span> <span class='ocrx_word' id='word_1_316' title='bbox 1401 4904 1566 4978; x_wconf 88' lang='lat' dir='ltr'><strong>Prussiae</strong></span> <span class='ocrx_word' id='word_1_317' title='bbox 1585 4925 1637 4978; x_wconf 90' lang='lat' dir='ltr'><strong>re·</strong></span> 
     </span>
    </p>
   </div>
   <div class='ocr_carea' id='block_1_6' title="bbox 95 5209 1639 5512">
    <p class='ocr_par' dir='ltr' id='par_1_6' title="bbox 95 5209 1639 5512">
     <span class='ocr_line' id='line_1_35' title="bbox 209 5209 1638 5302; baseline -0.003 -22"><span class='ocrx_word' id='word_1_318' title='bbox 209 5217 230 5298; x_wconf 91' lang='lat'><strong>¹)</strong></span> <span class='ocrx_word' id='word_1_319' title='bbox 254 5219 395 5280; x_wconf 83' lang='lat' dir='ltr'><strong>Oesimiro</strong></span> <span class='ocrx_word' id='word_1_320' title='bbox 417 5220 557 5280; x_wconf 86' lang='lat' dir='ltr'><strong>Poloniae</strong></span> <span class='ocrx_word' id='word_1_321' title='bbox 578 5219 659 5296; x_wconf 89' lang='lat' dir='ltr'><strong>Rege</strong></span> <span class='ocrx_word' id='word_1_322' title='bbox 677 5209 743 5280; x_wconf 77' lang='lat' dir='ltr'><strong>&#39;Ed</strong></span> <span class='ocrx_word' id='word_1_323' title='bbox 768 5215 857 5302; x_wconf 77' lang='lat' dir='ltr'><strong>nepe.</strong></span> <span class='ocrx_word' id='word_1_324' title='bbox 890 5216 917 5298; x_wconf 74' lang='lat'><strong>⁹)</strong></span> <span class='ocrx_word' id='word_1_325' title='bbox 939 5218 1056 5279; x_wconf 90' lang='lat' dir='ltr'><strong>Nicolai</strong></span> <span class='ocrx_word' id='word_1_326' title='bbox 1080 5217 1174 5294; x_wconf 87' lang='lat' dir='ltr'><strong>quinti</strong></span> <span class='ocrx_word' id='word_1_327' title='bbox 1196 5218 1309 5296; x_wconf 88' lang='lat' dir='ltr'><strong>Papae,</strong></span> <span class='ocrx_word' id='word_1_328' title='bbox 1332 5216 1483 5278; x_wconf 82' lang='lat' dir='ltr'><strong>Fredericl</strong></span> <span class='ocrx_word' id='word_1_329' title='bbox 1511 5217 1638 5294; x_wconf 86' lang='lat' dir='ltr'><strong>Impere-</strong></span> 
     </span>
     <span class='ocr_line' id='line_1_36' title="bbox 96 5317 1639 5405; baseline -0.003 -21"><span class='ocrx_word' id='word_1_330' title='bbox 96 5325 168 5384; x_wconf 89' lang='lat' dir='ltr'><strong>toris</strong></span> <span class='ocrx_word' id='word_1_331' title='bbox 192 5319 255 5384; x_wconf 84' lang='lat' dir='ltr'><strong>Ed.</strong></span> <span class='ocrx_word' id='word_1_332' title='bbox 280 5319 369 5405; x_wconf 82' lang='lat' dir='ltr'><strong>Lipe.</strong></span> <span class='ocrx_word' id='word_1_333' title='bbox 402 5319 888 5404; x_wconf 68' lang='grc' dir='ltr'><strong>3)11111111111111,11ἱ1111111ῐΕ11.</strong></span> <span class='ocrx_word' id='word_1_334' title='bbox 913 5319 1005 5405; x_wconf 82' lang='lat' dir='ltr'><strong>Le&#39;pe.</strong></span> <span class='ocrx_word' id='word_1_335' title='bbox 1039 5319 1066 5401; x_wconf 87' lang='lat'><strong>⁴)</strong></span> <span class='ocrx_word' id='word_1_336' title='bbox 1088 5323 1276 5398; x_wconf 85' lang='lat' dir='ltr'><strong>Burgundios</strong></span> <span class='ocrx_word' id='word_1_337' title='bbox 1299 5317 1361 5382; x_wconf 77' lang='lat' dir='ltr'><strong>Ed.</strong></span> <span class='ocrx_word' id='word_1_338' title='bbox 1386 5317 1478 5403; x_wconf 81' lang='lat' dir='ltr'><strong>Lips.</strong></span> <span class='ocrx_word' id='word_1_339' title='bbox 1507 5317 1533 5398; x_wconf 75' lang='lat'><strong>⁶)</strong></span> <span class='ocrx_word' id='word_1_340' title='bbox 1558 5321 1639 5380; x_wconf 78' lang='lat' dir='ltr'><strong>Oasi-</strong></span> 
     </span>
     <span class='ocr_line' id='line_1_37' title="bbox 95 5423 1639 5512; baseline -0.001 -24"><span class='ocrx_word' id='word_1_341' title='bbox 95 5428 188 5488; x_wconf 90' lang='lat' dir='ltr'><strong>mirus</strong></span> <span class='ocrx_word' id='word_1_342' title='bbox 211 5428 274 5488; x_wconf 85' lang='lat' dir='ltr'><strong>Rex</strong></span> <span class='ocrx_word' id='word_1_343' title='bbox 295 5424 357 5490; x_wconf 84' lang='lat' dir='ltr'><strong>Ed.</strong></span> <span class='ocrx_word' id='word_1_344' title='bbox 380 5425 473 5511; x_wconf 78' lang='lat' dir='ltr'><strong>Ln&#39;pe.</strong></span> <span class='ocrx_word' id='word_1_345' title='bbox 502 5425 528 5506; x_wconf 81' lang='lat'><strong>⁶)</strong></span> <span class='ocrx_word' id='word_1_346' title='bbox 552 5427 711 5488; x_wconf 71' lang='lat' dir='ltr'><strong>casimirus</strong></span> <span class='ocrx_word' id='word_1_347' title='bbox 733 5429 796 5488; x_wconf 84' lang='lat' dir='ltr'><strong>Rex</strong></span> <span class='ocrx_word' id='word_1_348' title='bbox 818 5423 880 5488; x_wconf 82' lang='lat' dir='ltr'><strong>Ed.</strong></span> <span class='ocrx_word' id='word_1_349' title='bbox 905 5424 998 5512; x_wconf 81' lang='lat' dir='ltr'><strong>Lips.</strong></span> <span class='ocrx_word' id='word_1_350' title='bbox 1031 5423 1056 5507; x_wconf 86' lang='lat'><strong>⁷)</strong></span> <span class='ocrx_word' id='word_1_351' title='bbox 1080 5445 1098 5486; x_wconf 84' lang='lat' dir='ltr'><strong>a</strong></span> <span class='ocrx_word' id='word_1_352' title='bbox 1121 5427 1263 5488; x_wconf 81' lang='lat' dir='ltr'><strong>Onsimiro</strong></span> <span class='ocrx_word' id='word_1_353' title='bbox 1284 5427 1367 5502; x_wconf 90' lang='lat' dir='ltr'><strong>Rege</strong></span> <span class='ocrx_word' id='word_1_354' title='bbox 1389 5425 1521 5486; x_wconf 87' lang='lat' dir='ltr'><strong>vestibus</strong></span> <span class='ocrx_word' id='word_1_355' title='bbox 1545 5425 1639 5486; x_wconf 88' lang='lat' dir='ltr'><strong>sabel·</strong></span> 
     </span>
    </p>
   </div>
   <div class='ocr_carea' id='block_1_7' title="bbox 96 5527 368 5616">
    <p class='ocr_par' dir='ltr' id='par_1_7' title="bbox 96 5527 368 5616">
     <span class='ocr_line' id='line_1_38' title="bbox 96 5527 368 5616; baseline -0.018 -19"><span class='ocrx_word' id='word_1_356' title='bbox 96 5533 165 5597; x_wconf 87' lang='lat' dir='ltr'><strong>linis</strong></span> <span class='ocrx_word' id='word_1_357' title='bbox 189 5527 253 5596; x_wconf 80' lang='lat' dir='ltr'><strong>Ed.</strong></span> <span class='ocrx_word' id='word_1_358' title='bbox 277 5528 368 5616; x_wconf 82' lang='lat' dir='ltr'><strong>Lipe.</strong></span> 
     </span>
    </p>
   </div>
   <div class='ocr_carea' id='block_1_8' title="bbox 0 0 2068 6280">
    <p class='ocr_par' dir='ltr' id='par_1_8' title="bbox 0 0 2068 6280">
     <span class='ocr_line' id='line_1_39' title="bbox 0 0 2068 6280; baseline 0 1"><span class='ocrx_word' id='word_1_359' title='bbox 0 0 2068 6280; x_wconf 95' lang='lat' dir='ltr'><strong> </strong></span> 
     </span>
    </p>
   </div>
  </div>
 </body>
</html>
