4090 6290
332 581 405 660 684
844 593 958 652 arena
983 591 1229 650 nuouucnrua
1256 571 1370 666 (nur).
1605 563 1673 670 (Α.
1693 565 1741 642 D.
1762 561 1889 663 1479.)

330 793 427 871 eolco
455 790 617 883 Tunger,
646 790 681 862 et
707 783 917 880 Magistrum
944 787 979 858 et
1006 782 1169 857 Ordinem
1195 803 1265 856 uon
1292 779 1504 874 impugnari.
1540 777 1635 872 Quae
1662 782 1704 852 ut
1731 776 1887 852 firmiora

331 917 460 1002 forent,
493 911 592 986 misit
623 906 790 983 Poloniee
821 908 901 980 Rex
920 907 947 995 1)
981 910 1052 979 tres
1085 904 1228 977 nuntios
1256 904 1300 976 ad
1327 901 1530 995 Hungariao
1564 903 1696 995 Regem
1734 901 1773 973 in
1812 901 1883 972 Bu·

332 1037 411 1108 dam
426 1034 470 1126 1),
500 1032 664 1107 videlicet
682 1029 896 1121 Raphaelem
916 1028 958 1100 da
977 1027 1146 1100 Icroslau
1165 1025 1279 1118 Regni
1297 1023 1465 1097 Poloniae
1483 1025 1712 1113 marsalcum‚
1734 1025 1888 1098 Paulum

333 1155 537 1250 Iassyanski
564 1151 679 1246 Regni
706 1149 874 1224 Poloniae
902 1146 1255 1236 vicethesaurarium,
1285 1150 1320 1219 ct
1347 1145 1523 1218 Andream
1551 1146 1667 1219 Rosea
1693 1147 1738 1218 de
1766 1145 1888 1218 Borsi-

334 1275 494 1351 slawiene
519 1272 765 1365 Praepositum
782 1269 1053 1344 'Lanciciensam
1074 1273 1108 1342 et
1127 1267 1337 1341 (lenonicnm
1362 1265 1638 1341 Orocorieusom.
1668 1267 1803 1342 Gratus
1824 1265 1890 1339 fnit

336 1399 425 1492 Regi
452 1395 655 1489 Hungariao
671 1391 702 1483 1)
730 1414 849 1466 eorum
876 1391 1065 1480 aduentus,
1089 1393 1261 1482 grateque
1288 1393 1323 1461 et
1351 1389 1509 1460 fauorosc
1530 1409 1550 1460 a
1569 1389 1666 1482 Rege
1685 1387 1892 1482 Hungariao

337 1519 475 1611 excepti
503 1521 585 1590 sunt
614 1520 648 1590 et
675 1514 835 1602 tractati,
865 1512 1024 1606 stragia
1051 1511 1291 1585 munificentia
1318 1508 1450 1583 donati.
1479 1511 1525 1582 Et
1552 1515 1633 1603 post
1655 1512 1779 1604 plures
1799 1515 1890 1582 trac·

337 1645 434 1715 tatus
461 1639 554 1713 inter
581 1659 638 1712 eoa
665 1635 823 1724 habitos,
853 1633 1019 1727 suffragio
1046 1634 1288 1706 Praelatorum
1312 1637 1346 1706 ot
1364 1632 1533 1705 baronum
1561 1628 1767 1726 Hungariao
1796 1651 1892 1705 aoce-

339 1763 458 1853 dente,
482 1759 548 1854 ¹qui
565 1779 726 1854 guerram
744 1755 844 1829 illam
859 1755 890 1847 1)
918 1755 1011 1829 inter
1037 1755 1153 1848 Reges
1180 1755 1327 1828 moleste
1355 1754 1512 1828 ferebant
1539 1753 1613 1847 agi,
1647 1759 1820 1847 tanquam
1842 1751 1895 1825 ri·

339 1885 436 1958 cinos
464 1887 499 1957 et
527 1902 563 1956 sa
590 1880 687 1973 ipsos
715 1882 836 1951 contra
863 1877 1041 1970 quoslibet
1059 1878 1177 1951 hostes
1197 1874 1422 1966 adiuvantes,
1452 1875 1496 1949 ad
1514 1876 1578 1949 has
1598 1876 1845 1950 conclusiones
1861 1873 1895 1964 ⁵)

340 2005 438 2099 pacis
471 2004 699 2078 devenerunt:
734 2002 774 2074 ut
807 1997 972 2070 videlicet
1004 2001 1128 2090 agatur
1160 1997 1344 2071 conventio
1376 1997 1550 2091 generalis
1583 1997 1621 2070 in
1655 1997 1797 2071 Siradia
1833 2017 1896 2088 pro

341 2129 431 2200 festo
458 2125 700 2211 Permessius,
730 2119 822 2214 quod
848 2124 932 2192 tunc
960 2119 1105 2193 cadebat
1123 2118 1160 2190 in
1179 2117 1382 2192 vicesimam
1400 2139 1527 2191 nonam
1547 2118 1631 2192 Maii
1647 2118 1696 2210 1);
1726 2118 1771 2190 ad
1792 2139 1899 2209 qnam

344 2249 423 2323 Rex
451 2245 654 2339 Hungariao
669 2243 700 2331 1)
734 2245 913 2315 teneretur
939 2240 1079 2315 mittere
1107 2240 1194 2313 duos
1221 2238 1420 2332 pontifices,
1452 2244 1487 2312 et
1506 2239 1537 2312 si
1557 2245 1677 2333 posset
1704 2239 1898 2325 commoda,

344 2369 541 2448 Gabrielem
573 2365 790 2439 cardinalem
823 2363 1025 2455 episcopum
1057 2362 1265 2455 Agriensam
1298 2361 1377 2453 (ille
1409 2361 1501 2434 euim
1529 2361 1722 2436 feruentior
1750 2364 1829 2433 erat
1855 2359 1900 2431 ad

343 2512 464 2584 pacem
492 2486 779 2579 componendam,
807 2490 949 2577 propter
967 2483 1096 2558 Italiae
1118 2482 1412 2575 pacificationem)
1431 2487 1467 2554 at
1485 2483 1572 2555 duos
1590 2483 1740 2556 barones
1761 2482 1805 2555 do
1824 2501 1899 2554 cor·

343 2633 426 2705 pora
453 2609 577 2704 Regni.
605 2607 803 2682 leuabatur
830 2611 864 2679 et
892 2605 1060 2698 Magister
1087 2604 1252 2679 Prussiae
1279 2625 1358 2678 cum
1381 2603 1509 2677 Ordine
1528 2607 1563 2676 et
1582 2605 1688 2696 plana
1706 2606 1898 2696 potestate,

345 2739 380 2809 et
406 2731 575 2807 Nicolaus
603 2730 763 2823 Tunger,
792 2748 853 2820 per
880 2728 1011 2822 Regem
1025 2726 1058 2818 1)
1085 2725 1289 2822 Hungariao
1316 2725 1530 2814 accersendi,
1560 2725 1680 2800 venire
1702 2723 1899 2818 personali-

345 2857 480 2944 caract
506 2851 691 2944 utriusque
718 2848 833 2944 Regni
859 2849 1100 2923 Praelatorum
1128 2852 1163 2923 et
1189 2848 1357 2922 baronum
1384 2851 1587 2922 tenerentur
1610 2847 1710 2922 ambo
1731 2852 1829 2922 stare
1846 2867 1900 2920 re·

348 2973 604 3061 conciliationi‚
633 2977 668 3047 et
694 2970 902 3064 praesertim
929 2969 1099 3044 Nicolaus
1128 2968 1289 3063 Tunger,
1321 2969 1364 3044 de
1391 2989 1459 3062 quo
1487 2969 1571 3042 talis
1599 2969 1693 3044 facta
1720 2969 1791 3042 fuit
1819 2989 1901 3042 eon·

237 3156 240 3164 .
348 3096 476 3174 clusio:
504 3099 546 3169 ut
572 3095 630 3168 uel
655 3093 742 3168 duos
769 3092 1007 3186 episcopatus,
1036 3090 1203 3166 uidelicet
1231 3090 1449 3165 culmensem
1464 3089 1498 3180 1)
1524 3095 1560 3163 at
1578 3089 1902 3176 Pomasaniensem,

349 3223 459 3294 morta
486 3215 619 3292 domini
644 3213 843 3308 Kyelbasaa
862 3213 906 3304 ¹⁰)
936 3218 1019 3286 tunc
1047 3216 1227 3302 vacantes,
1247 3234 1309 3305 pro
1329 3233 1393 3285 sue
1411 3211 1672 3285 contentatione
1692 3210 1903 3302 susciperet,

350 3350 385 3416 et
411 3341 453 3414 de
480 3337 678 3412 Vermiensi
697 3338 743 3428 ¹¹)
771 3336 931 3409 Andreae
951 3334 1168 3427 Oporouski,
1197 3356 1259 3406 suo
1283 3354 1364 3407 raro
1384 3332 1559 3425 pontifici,
1588 3333 1742 3422 cederet,
1764 3335 1905 3404 attenta

350 3461 460 3535 totius
489 3461 712 3552 episcopatus
740 3456 971 3544 desolatione;
999 3461 1060 3528 aut
1087 3454 1266 3528 Karimiro
1294 3453 1461 3527 Poloniaa
1487 3453 1579 3547 Regi
1609 3475 1745 3528 omnem
1764 3453 1903 3544 impan-

351 3604 425 3656 sam
453 3581 497 3654 ad
522 3601 683 3674 guerram
701 3577 746 3669 11)
779 3583 900 3651 eontra
931 3577 1042 3684 illum,
1068 3579 1211 3666 iactam,
1246 3577 1409 3649 soluerat.
1444 3575 1517 3647 Sub
1549 3574 1606 3647 his
1639 3573 1904 3648 conditionibus

351 3709 475 3795 treuga
502 3723 581 3774 cum
608 3700 755 3773 Nicolao
783 3700 926 3791 Tungen
954 3698 1043 3770 inita
1071 3702 1125 3770 est
1140 3696 1196 3788 11),
1226 3702 1260 3770 ot
1287 3719 1308 3768 a
1334 3717 1459 3788 guerra
1478 3696 1523 3786 ¹⁴)
1552 3700 1745 3784 cessatum,
1775 3695 1821 3768 de
1845 3695 1904 3766 ob-

352 3824 488 3898 sidione
516 3843 653 3915 quoque
680 3820 770 3893 areis
790 3825 825 3893 et
844 3819 1001 3892 civitatis
1020 3819 1183 3911 Mleberg,
1213 3839 1256 3891 ex
1276 3818 1403 3910 quibus
1422 3816 1592 3889 Nicotaus
1613 3818 1776 3909 Tungen,
1806 3821 1906 3888 metu

353 3941 571 4037 captivitatis
599 3946 635 4015 et
660 3939 869 4034 proditionis
902 3942 1045 4029 ductus,
1083 3941 1126 4011 ud
1158 3939 1366 4032 Magistrum
1397 3938 1563 4010 Prussiae
1594 3937 1806 4026 Martiuum,
1836 3958 1906 4008 non

353 4066 484 4138 habens
512 4063 573 4136 ubi
599 4062 834 4155 requiesceret
861 4083 922 4154 pes
950 4062 1042 4150 eius,
1072 4060 1270 4153 diffugerat.

435 4422 585 4494 Proocrea
607 4419 735 4492 Maioris
756 4419 906 4491 roloniae
928 4418 962 4490 in
985 4419 1128 4490 driccam
1152 4417 1312 4488 kazimiro
1334 4416 1412 4506 llegr'
1436 4416 1574 4488 dandam
1597 4415 1826 4487 consentiunt.

460 4671 494 4743 Α
521 4668 750 4744 conventione
777 4671 894 4741 autam
922 4665 1208 4759 Pyotrkoviensi,
1237 4665 1274 4738 in
1302 4687 1371 4757 qua
1398 4686 1588 4762 consensus
1616 4664 1774 4737 omnium
1801 4664 1906 4737 Prae·

356 4794 510 4867 latorum
537 4794 572 4864 et
598 4790 767 4863 baronum
794 4788 979 4878 Poloniao,
1007 4790 1103 4882 Rege
1123 4787 1167 4878 11)
1195 4791 1351 4879 petente,
1376 4788 1419 4860 ad
1437 4785 1675 4878 recipiendum
1694 4785 1856 4858 criseam
1873 4783 1910 4857 in

466 5017 489 5097 ¹)
512 5019 577 5080 Rex
600 5015 760 5079 casimirus
782 5011 846 5077 Ed.
870 5009 961 5096 Lipa.
986 5009 1011 5093 1)
1035 5011 1149 5073 Budam
1171 5029 1266 5088 usque
1288 5006 1350 5074 Ed.
1373 5007 1463 5094 Lips.
1488 5008 1514 5088 ³)
1537 5010 1668 5071 Mathiae
1690 5009 1769 5087 Regi
1789 5009 1910 5086 Hunga-

357 5128 421 5188 riao
442 5119 506 5185 Ed.
529 5117 619 5203 Lips.
644 5115 669 5199 1)
693 5121 802 5181 bellum
825 5116 899 5178 illud
922 5108 986 5177 Ed.
1010 5112 1103 5198 Lipa.
1128 5111 1155 5196 1)
1180 5116 1362 5177 conditiones
1386 5111 1450 5178 Ed.
1466 5111 1558 5197 Lipa.
1576 5111 1601 5192 1)
1618 5115 1696 5175 diem
1712 5115 1829 5175 mensis
1843 5113 1911 5174 Maii

359 5226 423 5293 Ed.
447 5225 538 5308 Lipa.
572 5223 597 5305 ⁷)
626 5225 754 5284 Mathias
783 5224 847 5283 Rex
876 5221 1050 5297 Hungariao
1078 5215 1142 5282 Ea.
1165 5215 1257 5302 Le'ps.
1290 5217 1315 5298 ⁸)
1338 5238 1391 5296 per
1412 5220 1546 5295 Regnum
1568 5215 1631 5280 Ee.
1655 5215 1750 5299 [Αἶρε.
1776 5215 1806 5300 1)
1832 5217 1910 5278 cnu-

359 5351 490 5395 mensem
523 5325 599 5391 Coei.
629 5324 738 5390 Przez.
774 5326 814 5407 ¹⁰)
843 5326 991 5387 Vincentii
1021 5325 1191 5401 Kyelbassa
1219 5320 1283 5384 Ed.
1315 5319 1409 5404 Lipa.
1445 5321 1483 5400 11)
1511 5328 1540 5384 et
1562 5324 1599 5383 de
1621 5323 1673 5382 illo
1698 5316 1781 5384 Coa.
1805 5319 1910 5383 Prae.

367 5434 407 5518 11)
438 5437 477 5496 ad
510 5435 618 5496 bellum
648 5429 713 5502 Ed.
744 5429 834 5513 Lr‘pa.
869 5429 908 5507 11)
938 5429 1075 5490 induciae
1104 5446 1170 5488 cum
1199 5428 1324 5488 Nicolao
1353 5427 1500 5502 Thungen
1523 5427 1614 5488 initae
1637 5431 1708 5486 sunt
1731 5423 1803 5488 Ed.
1827 5424 1910 5509 Lipa.

368 5535 407 5623 11)
431 5559 449 5599 a
471 5539 549 5600 tello
571 5533 635 5598 Ed.
658 5533 749 5618 Lipo.
777 5531 816 5614 11)
840 5534 983 5596 Gasimiro
1005 5533 1087 5608 Rege
1110 5527 1172 5592 Ea.
1197 5527 1290 5613 Lipe.
