4264 6280
408 557 455 627 56
916 573 1030 626 umen
1055 573 1300 626 oeconomus
1328 556 1443 645 (nnn).
1675 549 1741 650 (Α.
1762 549 1807 622 D.
1828 545 1958 646 1448.)

405 782 496 832 mam
529 759 756 852 pecuniarum
788 779 850 849 per
882 758 1095 850 Zupparium
1128 758 1390 832 cracoviensem
1424 757 1559 850 erogari
1587 763 1621 830 ot
1649 757 1815 830 distribui
1843 757 1956 829 iusse-

404 885 459 952 rat
478 881 517 968 ¹).
546 880 601 951 lix
630 879 822 951 Trebowlia
849 878 936 952 teria
964 883 1080 966 sexta,
1110 878 1147 949 in
1174 878 1300 970 vigilia
1328 879 1448 951 Sancti
1483 877 1760 966 Bartholomaoi,
1793 883 1958 969 properat

404 999 441 1072 in
469 999 713 1088 Lithuaniam,
743 1005 778 1073 et
804 1019 867 1090 per
893 1000 1048 1086 Kouloua
1079 997 1356 1091 szuiszonyeb,
1385 999 1524 1090 aliaque
1553 1003 1720 1072 consueta
1747 1000 1839 1086 loca,
1870 997 1958 1069 teria

406 1121 557 1193 secunda
598 1125 678 1212 post
720 1120 841 1193 Sancti
877 1120 1139 1193 Bartholomaei
1171 1120 1269 1193 venit
1309 1120 1346 1192 in
1382 1120 1559 1207 Lucuslro,
1592 1119 1654 1192 ubi
1687 1118 1788 1191 stetit
1820 1117 1958 1189 duobus

405 1241 539 1314 diebus.
574 1240 1001 1331 thibaritanum
1035 1240 1265 1314 serenitatem
1298 1241 1460 1328 nuntiae,
1495 1239 1697 1332 significans
1731 1237 1957 1310 Vincentium

406 1361 705 1453 archiepiscopum
743 1362 980 1436 Gnosnonsem
1017 1362 1103 1433 teria
1140 1366 1265 1452 quarta
1297 1361 1334 1433 in
1361 1361 1487 1453 vigilia
1518 1359 1784 1450 Assumptionis
1808 1358 1958 1430 Sanctae

406 1481 536 1553 Mariae
551 1482 595 1570 ⁴),
625 1482 662 1554 in
681 1487 796 1555 castro
823 1482 991 1555 ecclesiae
1011 1503 1094 1553 suae
1113 1482 1266 1573 Unyeow
1285 1486 1461 1553 mortuum
1481 1501 1572 1568 esse,
1593 1486 1628 1552 et
1643 1479 1674 1568 5)
1702 1479 1854 1552 Sabbata
1877 1498 1956 1568 pro-

406 1602 518 1690 ximo,
547 1602 584 1674 in
612 1603 759 1674 ccclesia
787 1601 983 1676 Gnesnonsi
1011 1623 1089 1673 oum
1116 1601 1235 1674 debita
1260 1603 1444 1674 honestate
1471 1601 1697 1673 tumulatum.

406 1959 586 2030 kazimirus
608 1959 678 2030 box
700 1959 830 2030 secreta
853 1957 989 2030 consilia
1011 1975 1082 2029 cnm
1106 1957 1275 2029 littoreis
1296 1958 1331 2028 in
1353 1959 1519 2029 conventu
1541 1953 1831 2045 tovogrolcaonsi
1846 1953 1958 2025 babet.

512 2206 616 2278 Faria
644 2210 769 2298 quarta
796 2210 876 2298 post
904 2205 1025 2278 Sancti
1040 2205 1072 2294 6)
1100 2205 1361 2277 Bartholomaoi
1384 2203 1497 2277 exivit
1529 2204 1606 2276 Rex
1623 2203 1653 2293 ⁷)
1685 2203 1887 2277 Kaaimirns
1915 2202 1958 2274 de

407 2325 585 2413 Lucnsko‚
615 2331 649 2398 ot
676 2347 738 2418 per
764 2327 895 2398 Pinsko
922 2347 984 2416 pro
1004 2325 1060 2398 die
1087 2324 1299 2397 Natiuitatis
1328 2325 1477 2397 Sanctae
1505 2321 1680 2412 Mariasss)
1708 2325 1806 2397 veuit
1828 2326 1865 2398 in
1884 2323 1955 2397 No·

406 2446 601 2537 wogrodck.
630 2446 701 2518 Ubi
727 2447 771 2519 ad
799 2467 897 2518 suam
927 2446 1174 2534 Serenitatem‚
1206 2466 1269 2536 pro
1306 2445 1456 2517 tenenda
1478 2443 1708 2517 conventione
1739 2445 1894 2518 Praelati
1919 2448 1956 2516 ot

405 2567 553 2639 barones
580 2566 792 2639 Lithuaniae
819 2572 1072 2654 conuenerunt3
1101 2587 1179 2638 cum
1200 2565 1327 2656 quibus
1360 2565 1491 2637 habitis
1515 2564 1724 2637 tractatibus
1753 2565 1899 2638 secretis
1921 2569 1957 2636 et

407 2686 555 2778 ignotis
588 2687 632 2757 ad
664 2687 802 2759 Grodno
832 2692 865 2759 et
893 2688 936 2758 ad
965 2687 1034 2758 alia
1067 2687 1292 2758 narrationum
1325 2687 1401 2757 loca
1432 2685 1619 2776 processit,
1655 2691 1689 2758 et
1717 2685 1753 2757 in
1782 2685 1857 2757 illis
1890 2685 1958 2757 tuit

406 2807 509 2898 longo
538 2811 692 2898 tempore
720 2807 937 2879 immoratus.
972 2807 1071 2879 Misit
1103 2812 1219 2879 tamon
1252 2807 1447 2880 exercitum
1479 2812 1651 2878 terrarum
1683 2805 1895 2878 Lithuauiae
1922 2811 1958 2878 et

408 2925 637 3018 Samagittiae
660 2930 780 2998 contra
800 2928 930 3000 Ducem
959 2928 1122 3019 Magnum
1155 2927 1370 2999 Twerensem
1402 2923 1521 2998 'ouius
1552 2931 1673 3018 gentes
1701 2927 1873 3018 quoddam
1901 2946 1955 2997 ca-

408 3051 537 3134 strum,
567 3047 658 3138 quod
686 3047 755 3118 fuit
781 3068 843 3138 pro
871 3047 966 3139 Rege
982 3047 1013 3136 9)
1042 3047 1294 3138 conquisitum,
1323 3047 1481 3119 volentos
1510 3046 1601 3118 illud
1627 3046 1861 3138 recensitam,
1881 3046 1954 3116 nal-

406 3166 581 3240 laverunt.

472 3521 618 3593 Timeri
641 3521 675 3592 in
697 3521 859 3593 Poiolinm
881 3522 1076 3611 irrumpunt,
1099 3522 1215 3611 quibus
1237 3521 1451 3593 theodoricus
1473 3520 1652 3592 Barzaenti
1675 3539 1740 3592 non
1764 3539 1900 3610 paucam

1034 3641 1186 3730 praalun
1209 3641 1332 3713 alluit.

512 3887 583 3960 Vix
603 3887 647 3976 ¹⁰)
675 3887 874 3979 quindecim
902 3887 1032 3979 elapsis
1051 3886 1190 3976 diebus,
1218 3891 1405 3980 postquam
1423 3889 1501 3960 Rex
1520 3889 1565 3978 ¹¹)
1594 3908 1637 3962 ex
1656 3888 1803 3960 Podalia
1827 3888 1958 3961 disces·

410 4012 519 4096 serat,
548 4007 795 4080 Thartarorum
823 4009 1019 4100 Imperator
1051 4029 1128 4080 cum
1161 4008 1317 4080 exercitu
1351 4007 1448 4080 uenit
1480 4007 1670 4101 improviso
1697 4013 1817 4081 contra
1844 4009 1958 4097 illam,

409 4133 444 4202 ct
471 4127 661 4201 oruoelitor
688 4149 763 4200 eam
791 4133 953 4216 vastans,
982 4127 1074 4200 nulli
1101 4147 1248 4218 parcens
1276 4129 1378 4200 sexui
1405 4129 1614 4218 reluctati,
1648 4150 1807 4222 maguam
1837 4129 1957 4200 multi-

408 4247 566 4320 tudinem
593 4248 773 4320 homiuum
801 4254 836 4320 ot
863 4269 1025 4340 pecorum
1053 4247 1090 4319 iu
1117 4252 1321 4340 perpetuam
1350 4249 1558 4322 servitutem
1590 4249 1750 4322 abduxit.
1788 4249 1959 4342 Congesto

409 4373 526 4440 tamen
554 4368 788 4441 Theodericus
816 4369 1012 4441 Bucuaenki
1039 4367 1244 4459 capitaneus
1271 4369 1438 4442 Podaliao
1466 4369 1615 4461 aliquali
1643 4370 1816 4457 exercitu,
1846 4369 1884 4441 in
1907 4370 1958 4441 lo-

409 4486 460 4558 cis
487 4487 594 4560 arctis
622 4491 658 4561 et
684 4487 821 4560 limosis
849 4508 927 4560 oum
956 4487 1006 4560 eis
1034 4507 1258 4580 congressus,
1292 4489 1463 4579 plurimos
1491 4490 1650 4562 homines
1678 4491 1719 4563 do
1747 4511 1866 4562 eorum
1898 4510 1959 4580 po·

409 4610 539 4679 testato
565 4607 741 4682 liberavit.
770 4607 926 4699 irruptio
954 4611 1071 4680 autom
1099 4609 1184 4681 haec
1211 4609 1460 4681 Thartarorum
1489 4615 1524 4682 st
1552 4616 1664 4683 terrae
1694 4611 1871 4700 praefatae
1899 4631 1959 4680 va-

410 4725 533 4816 statio,
572 4728 860 4818 quomadmodum
896 4728 1020 4801 literae
1055 4728 1203 4820 praefati
1235 4729 1440 4802 Theodorioi
1467 4729 1663 4803 Bncnacnlri
1690 4729 1887 4820 capitanei,
1925 4735 1960 4802 ot

411 4845 509 4919 Petri
541 4845 748 4920 Odrowansn
780 4847 943 4942 palatini
963 4848 1220 4940 Leopoliensis‚
1258 4848 1448 4922 baronibus
1480 4851 1595 4942 Regni
1626 4849 1795 4922 Poloniao
1831 4849 1960 4922 missae

518 5154 541 5235 ¹)
563 5157 725 5218 mandavit.
752 5152 828 5219 Coa.
851 5155 921 5219 Lia.
953 5155 981 5236 ¹)
1004 5158 1148 5218 Swinenie
1170 5153 1234 5218 Ed.
1261 5155 1352 5240 Lipa.
1386 5157 1413 5240 ¹)
1435 5158 1536 5234 ibique
1565 5153 1628 5218 Ed.
1659 5154 1751 5239 Lipa.
1783 5155 1809 5236 ⁴)
1834 5158 1961 5220 Sanctae

407 5259 520 5319 Mariae
543 5260 674 5336 Virginis
695 5257 759 5321 Ed.
783 5257 873 5343 Lipa.
900 5259 926 5338 ¹)
951 5266 980 5320 et
1002 5265 1108 5337 expost
1133 5254 1208 5322 Ood.
1223 5257 1291 5322 Lis.
1309 5259 1334 5338 ⁶)
1351 5266 1420 5338 post
1434 5261 1541 5322 festum
1558 5259 1659 5320 Sancti
1674 5257 1737 5320 Ed.
1755 5255 1845 5342 Lipa
1864 5259 1960 5331 ⁷)Po-

408 5363 507 5422 loniae
536 5362 600 5424 Rex
631 5360 693 5426 aa.
724 5361 816 5446 Lipe.
849 5360 875 5442 ⁸)
900 5363 1026 5423 Sanctae
1055 5363 1167 5423 Mariae
1196 5363 1328 5439 Virginis
1358 5361 1421 5425 Ed.
1454 5360 1543 5446 La'pe.
1573 5360 1601 5442 ⁹)
1623 5363 1705 5439 Rege
1729 5363 1875 5424 Oasimiro
1898 5358 1960 5424 Ed.

410 5463 501 5549 La‘ps.
530 5463 569 5545 ¹⁰)
592 5466 650 5526 Vix
672 5472 770 5528 autem
792 5463 856 5528 Ed.
883 5463 970 5548 Lipe.
998 5463 1037 5546 ¹¹)
1062 5466 1223 5527 Oasimirus
1245 5466 1387 5528 Poloniao
1409 5468 1473 5527 Rex
1494 5463 1564 5537 Ed.)
1585 5463 1676 5550 Lipe.
