4090 6290
386 529 460 604 624
891 549 1005 602 urens
1030 547 1275 601 uuonnunrus
1303 530 1418 620 (xm).
1653 524 1723 624 (Α.
1741 525 1788 600 D.
1807 522 1938 622 1475.)

384 734 485 808 bothi
512 734 738 808 Decrstorum
765 734 966 824 Ductorem,
995 732 1206 807 duronicum
1233 733 1579 822 Wratislavicnsem,
1609 732 1726 805 virum
1744 733 1938 826 egregium,

385 854 606 948 eloquentiae
634 854 750 926 studio
779 855 928 943 clarum,
958 857 992 927 et
1020 854 1122 945 quasi
1141 875 1220 927 cnm
1238 854 1334 947 Rege
1352 854 1521 927 Poleniae
1541 854 1568 943 ¹)
1598 853 1786 942 sensisset,
1815 851 1939 924 diebus

384 975 498 1048 tribus
526 981 562 1048 et
588 974 718 1067 viginti
750 974 787 1046 in
815 973 983 1048 obsoletis
1011 973 1201 1066 ergastulis
1228 974 1471 1047 damnatorum
1499 973 1604 1046 torsit
1629 973 1807 1047 hominem
1841 973 1939 1044 innc-

385 1099 537 1184 centem‚
566 1100 601 1168 et
629 1095 690 1187 qui
718 1095 793 1168 eius
821 1093 1026 1186 primarium
1054 1093 1091 1166 in
1119 1094 1385 1168 Wratislaviam
1417 1095 1614 1187 ingressum
1647 1095 1833 1167 luculenta
1867 1114 1938 1165 ora·

385 1215 481 1288 11616
509 1220 705 1307 exceperat.
740 1214 907 1288 Permisit
934 1220 970 1287 et
998 1236 1116 1287 omnes
1149 1214 1397 1306 stipendiarios
1430 1236 1512 1288 suos
1545 1216 1582 1288 in
1609 1215 1699 1289 bona
1732 1213 1939 1308 agrestium,

388 1357 476 1428 quae
501 1336 714 1409 Polcnerum
741 1355 865 1407 manus
893 1355 962 1406 uon
989 1334 1249 1424 absumserant,
1277 1335 1485 1427 perplures
1512 1335 1747 1409 hebdomadas
1770 1334 1940 1427 grassari,

387 1462 423 1530 et
448 1455 617 1549 reliquias
645 1455 863 1528 miserabiles
884 1451 1027 1527 ¹Slesiac
1055 1455 1229 1542 eonsumi;
1258 1454 1490 1529 Wrctislavia
1508 1476 1686 1548 egressus,
1716 1454 1939 1529 sufferentia·

387 1575 512 1667 11112)
541 1576 675 1650 1661616
704 1581 824 1648 661116
851 1574 907 1646 ins
934 1575 1093 1667 gentium
1120 1575 1267 1664 violato,
1296 1580 1368 1648 tres
1395 1575 1608 1648 munitiones
1627 1576 1665 1648 iu
1683 1575 1862 1658 limesia,
1892 1574 1941 1646 vi·

388 1697 516 1770 delicet
549 1696 648 1782 Odri,
683 1695 877 1768 Strasricae
908 1700 944 1767 et
971 1693 1127 1782 Hradek‚
1163 1697 1283 1768 fraude
1315 1702 1349 1768 et
1381 1717 1465 1769 auro
1498 1696 1646 1769 licitatis
1680 1695 1939 1782 defensoribus,

388 1815 576 1909 conquirit.
605 1815 771 1907 Quartam
789 1816 981 1887 Perthsten
996 1813 1027 1904 ³)
1055 1815 1093 1887 iu
1112 1815 1227 1888 Slesia
1254 1817 1412 1890 obsidere
1440 1838 1518 1891 curn
1542 1817 1731 1908 coepisset,
1757 1839 1780 1888 6
1804 1815 1941 1888 curien-

389 1937 488 2010 sibus
514 1937 703 2010 Bohemiae
721 1936 828 2028 Regis
848 1935 1037 2008 Wladlslai
1065 1936 1208 2026 166164)
1236 1938 1399 2030 repulsus
1428 1942 1492 2010 661.
1531 1938 1629 2012 dirce
1661 1959 1846 2030 egressum
1880 1957 1940 2007 au-

390 2063 461 2132 tem
482 2058 557 2131 eius
577 2078 620 2132 ex
640 2056 887 2146 Wrotislavia,
916 2077 986 2129 uon
1015 2055 1129 2128 solum
1156 2058 1312 2149 puellae,
1342 2058 1403 2132 sed
1429 2057 1629 2146 maritatae,
1659 2057 1797 2132 relictis
1817 2057 1943 2129 liberis

391 2183 426 2252 et
453 2178 674 2271 parentibus,
704 2177 742 2249 in
770 2197 888 2251 eorum
916 2177 1081 2267 dedecus,
1116 2177 1297 2269 totiusque
1324 2177 1482 2251 civitatis
1510 2178 1821 2253 Wratislaviensis
1851 2177 1943 2249 vitu·

391 2299 543 2390 perium,
572 2319 634 2391 per
660 2300 792 2392 Regem
820 2303 855 2371 et
873 2299 1063 2371 nonnullos
1082 2319 1127 2372 ex
1145 2298 1364 2372 Primcribns
1391 2298 1624 2388 6111161665),
1653 2303 1844 2392 parentum
1866 2298 1943 2370 sub·

392 2419 524 2492 stantia
551 2418 698 2509 direpta.
728 2418 879 2511 Scripsit
907 2425 942 2492 et
968 2439 1013 2492 ex
1041 2418 1274 2492 Wratislavie
1301 2418 1380 2492 Rex
1406 2419 1483 2511 ipse
1510 2419 1554 2491 61
1583 2419 1764 2491 Summum
1794 2417 1944 2490 Pontifi-

392 2560 482 2628 cem,
510 2539 706 2628 Gaesarem,
735 2539 918 2633 Regesque
937 2544 971 2612 et
991 2539 1172 2631 Principes
1191 2539 1365 2627 diversos,
1395 2543 1559 2612 extensas
1577 2539 1716 2613 literas:
1745 2539 1945 2631 potentiam

393 2659 610 2735 exercituum
637 2659 805 2732 Poloniae
828 2666 863 2732 et
882 2659 1072 2734 Bohemiae
1104 2661 1240 2752 Regum
1255 2660 1286 2748 θ)
1314 2659 1561 2751 multipliciter
1587 2667 1802 2748 extenuans,
1848 2679 1946 2730 suam

393 2802 475 2855 vero
502 2779 675 2854 altissime
703 2779 865 2868 efferens,
894 2786 1056 2854 astruens
1084 2781 1276 2854 exercitum
1303 2781 1469 2854 hostilem
1497 2782 1603 2869 tame,
1632 2785 1746 2872 peste,
1775 2780 1944 2871 dysente-

394 2902 447 2974 ria
474 2905 509 2974 et
535 2900 616 2992 igne
642 2905 812 2973 vexatum
839 2921 931 2990 esse,
961 2905 995 2974 et
1023 2905 1159 2974 montes
1186 2901 1350 2993 gravidos
1369 2921 1501 2974 murem
1520 2903 1713 2993 peperisse:
1744 2900 1853 2972 facile
1874 2921 1895 2970 6
1913 2919 1946 2970 se

395 3021 597 3108 delendum,
630 3019 701 3093 nisi
731 3019 788 3092 illi
820 3020 1042 3094 miseratione
1074 3021 1247 3094 catholica
1279 3021 1508 3114 pepercisset;
1542 3021 1673 3093 chartis
1700 3021 1946 3112 triumphans,

396 3163 475 3214 cunr
502 3161 620 3214 omnes
649 3140 793 3230 scirent,
823 3141 930 3214 armis
949 3141 1125 3214 Polouicis
1144 3143 1186 3214 16
1205 3141 1281 3233 ipsc
1302 3143 1411 3215 fnisse
1430 3143 1695 3232 triumphatum.
1726 3141 1814 3234 Egit
1834 3149 1871 3212 et
1888 3161 1946 3232 pre

396 3262 452 3336 die
470 3261 666 3355 penultima
684 3261 867 3335 Februarii
884 3263 914 3350 ⁷)
942 3263 1034 3354 apud
1053 3261 1296 3335 Rathiboriam
1324 3264 1459 3335 Ducum
1488 3262 1638 3350 Sltsiae,
1667 3262 1724 3334 cni
1752 3269 1787 3334 et
1815 3261 1946 3333 111161-

396 3384 488 3475 phus
516 3381 700 3474 episcopus
729 3381 1033 3455 Wratislaviensis
1054 3382 1176 3455 adesse
1199 3387 1339 3454 coactus
1367 3389 1437 3471 est,
1465 3388 1692 3469 conventum,
1720 3403 1891 3473 novaque
1908 3381 1946 3452 ab

396 3503 473 3576 illis
500 3501 730 3576 iurisiurandi
757 3507 973 3576 sacramenta
1000 3507 1035 3576 et
1061 3502 1308 3594 inscriptiones
1335 3503 1378 3576 de
1406 3502 1472 3576 lide
1500 3501 1569 3574 sibi
1596 3501 1783 3590 servanda,
1817 3501 1946 3594 eregit,

397 3622 555 3715 ipsisque
582 3622 739 3695 Ducibus
768 3622 902 3696 Slesiae
930 3628 965 3696 et
992 3623 1138 3696 caeteris
1166 3623 1386 3715 purpuratis,
1415 3622 1522 3695 solita
1548 3622 1705 3695 vanitate
1733 3627 1840 3695 actus
1871 3642 1947 3693 suos

398 3743 620 3832 1116111166,
650 3747 685 3814 61
712 3743 805 3836 quod
832 3764 890 3816 ecs
918 3765 938 3816 a
966 3744 1100 3815 duobus
1133 3743 1336 3834 potentibus
1368 3742 1542 3836 Regibus,
1575 3742 1743 3815 Poloniae
1771 3745 1809 3816 et
1839 3742 1946 3814 Bohe-

399 3861 546 3953 111668),
574 3862 756 3937 invasione
783 3862 1011 3952 defendisset,
1044 3884 1106 3954 per
1133 3883 1300 3956 organum
1319 3862 1526 3936 Praemislai
1544 3863 1652 3936 Ducis
1671 3862 1943 3948 Thesclrneusis,

401 3983 469 4056 sibi
495 3983 643 4076 gratias,
673 3983 881 4057 assentando
906 3984 1033 4076 magis,
1063 4004 1167 4076 quam
1186 4003 1229 4056 ex
1249 3982 1363 4055 animo
1383 3983 1585 4076 agentibus,
1615 3983 1766 4075 superba
1784 4003 1946 4075 arrogen-

400 4103 452 4177 tia
468 4104 665 4196 respoudit:
698 4103 897 4176 Potentiam
921 4104 1057 4196 Regum
1085 4103 1227 4175 illorum
1260 4103 1361 4194 parvi
1389 4123 1524 4196 semper
1550 4103 1817 4190 aestimavisse,
1848 4111 1883 4176 et
1909 4101 1947 4173 ad

400 4223 610 4297 vincendum
637 4224 720 4296 illus
751 4225 839 4297 satis
876 4245 1011 4316 semper
1043 4223 1111 4296 sibi
1139 4223 1247 4296 animi
1274 4229 1309 4296 et
1335 4223 1464 4295 virium
1492 4223 1616 4296 tuisse:
1645 4244 1715 4294 non
1743 4223 1946 4315 intelligens

402 4346 481 4417 Rex
508 4343 660 4416 vanitati
686 4343 841 4434 deditus,
876 4345 973 4417 clade
1006 4344 1098 4436 apud
1130 4343 1316 4436 villagium
1349 4343 1578 4416 Svancvvicne
1605 4347 1766 4434 accepta,
1796 4349 1835 4415 et
1862 4343 1946 4415 obsi·

402 4465 505 4538 dione
531 4464 707 4553 bimestri,
736 4485 839 4556 quam
858 4464 895 4537 iu
914 4464 1146 4538 Wratislavia
1172 4463 1337 4555 pertulit,
1365 4469 1401 4537 et
1423 4464 1608 4536 universae
1628 4463 1765 4536 Slesiae
1784 4464 1865 4535 dira
1890 4485 1946 4554 per

403 4585 520 4678 ignem
547 4589 582 4658 st
608 4583 780 4677 gladium,
809 4589 1014 4677 caeteraque
1040 4584 1077 4656 id
1104 4604 1214 4676 genus
1241 4583 1458 4672 vastatione,
1485 4584 1575 4656 hanc
1594 4603 1693 4655 suern
1713 4584 1946 4676 arrogantiam

406 4705 515 4778 tuisse
543 4705 754 4778 damnatam.
783 4705 838 4777 Rx
857 4705 1030 4778 Rathibor
1048 4705 1086 4776 in
1103 4703 1311 4793 Moravicm,
1341 4703 1529 4777 Olomuucr
1557 4703 1724 4776 videlicet
1743 4707 1781 4776 et
1800 4705 1947 4776 Brnnan

405 4825 565 4900 divertit:
594 4826 736 4899 trahens
764 4846 880 4899 secun
908 4823 1109 4898 Iauussium
1138 4823 1401 4898 (blivicrensem
1428 4824 1575 4915 Ducem,
1604 4844 1708 4915 quem
1737 4824 1784 4896 ad
1807 4844 1946 4897 cenven-

514 5137 539 5218 ¹)
562 5157 627 5202 cnm
649 5139 792 5201 Casimirc
814 5137 955 5199 Poloniae
976 5135 1059 5213 Rege
1080 5131 1144 5198 Ed.
1167 5131 1258 5217 Lipe.
1283 5132 1307 5212 ²)
1330 5133 1513 5195 induciarum
1535 5131 1599 5195 Ed.
1622 5129 1714 5216 Lc'pe.
1740 5132 1947 5213 1)1’611166161

406 5243 647 5325 (Pdrstenstcin).
668 5239 733 5305 Ed.
757 5239 851 5325 Lipe.
875 5239 901 5321 ⁴)
923 5241 985 5302 tere
1008 5236 1072 5301 Ed.
1096 5236 1189 5320 Lipe.
1214 5235 1240 5316 ⁶)
1265 5237 1410 5299 abductae
1432 5242 1502 5298 sunt
1515 5233 1580 5298 Ed.
1594 5233 1687 5318 Lipe.
1705 5234 1733 5316 ⁶)
1749 5237 1885 5298 Gasimiri
1900 5239 1945 5297 Po

406 5349 504 5410 leniae
526 5353 557 5409 et
577 5346 735 5407 Wladislai
756 5345 915 5406 Bohemiae
937 5343 1051 5419 Regum
1073 5335 1136 5404 Ed.
1160 5338 1250 5424 Ltpc.
1284 5339 1310 5420 ⁷)
1332 5342 1442 5402 mensis
1464 5341 1619 5403 Februarii
1641 5337 1706 5400 Ed.
1732 5337 1825 5424 Lips.
1853 5341 1945 5421 Β)(16-

407 5451 508 5515 6111116
530 5449 671 5510 Ρ6161166
693 5453 723 5508 61
744 5446 909 5508 Wladislao
930 5444 1090 5507 Bohemiae
1112 5440 1176 5505 Ed.
1199 5439 1290 5528 Lips.
