4126 6280
91 598 154 700 (Α.
173 597 219 672 D.
239 596 366 697 1456.)
595 620 710 674 arnna
736 619 982 674 nnoosonrus
1010 603 1124 692 (xm).
1557 604 1631 676 223

150 921 226 992 llba
248 920 379 1010 llcgalls
400 919 537 992 baedae
558 920 635 991 urbe
657 938 677 991 a
699 919 868 992 lurcorum
889 919 1084 1010 imperatore
1107 922 1257 1009 obeam,
1280 922 1402 994 acribo
1424 922 1576 995 lobannis

638 1041 679 1112 de
702 1040 892 1131 capistrum
914 1041 1080 1114 liberatur.

89 1299 96 1312 ·
189 1289 418 1381 Designatum
446 1293 584 1380 tempus
604 1294 640 1362 et
658 1310 788 1377 annus,
817 1295 1002 1381 aestasque
1029 1289 1258 1379 advenerant,
1292 1289 1329 1362 iu
1357 1290 1485 1382 quibus
1513 1291 1633 1385 vigore

88 1430 284 1484 recessuum
311 1410 349 1482 in
377 1410 666 1483 conventionibus
695 1431 756 1502 per
783 1411 1032 1502 Imperatorem
1061 1410 1278 1483 Pridericum
1310 1411 1347 1483 in
1375 1411 1504 1485 crebris
1531 1413 1632 1502 locis,

84 1531 132 1603 ,nd
151 1553 237 1622 quas
257 1537 291 1604 et
309 1530 428 1604 nuntii
456 1531 590 1604 Summi
620 1530 803 1603 Pontificio
822 1537 857 1604 et
875 1531 1010 1623 Regum
1030 1530 1192 1604 accedere
1210 1552 1277 1602 non
1306 1532 1547 1624 negligebant,
1577 1554 1629 1606 ce·

89 1651 249 1738 lebratis,
269 1650 470 1743 passagium
491 1653 517 1740 ¹)
538 1651 685 1724 debebat
702 1651 887 1743 practicari
907 1655 1027 1723 contra
1045 1647 1273 1739 ancnm,‘et
1290 1672 1352 1743 pro
1370 1653 1632 1744 recuperatione

88 1770 406 1863 Constantinopolis
434 1792 553 1844 omnes
581 1775 726 1844 conatus
753 1770 919 1863 impendi.
949 1771 1041 1844 Grux
1070 1771 1162 1844 enim
1189 1772 1352 1844 mandato
1380 1778 1415 1846 et
1441 1772 1632 1846 autoritate

87 1893 277 1984 apostolica
303 1913 365 1984 per
391 1893 508 1965 varios
534 1891 790 1984 praedicatores
818 1892 855 1964 iu
883 1891 1059 1964 uniuersis
1086 1891 1288 1985 regionibus
1320 1893 1503 1967 catholicis
1529 1915 1629 1986 prae·

88 2012 283 2100 dicabatur,
313 2017 348 2085 et
375 2019 565 2104 apparatus
592 2035 655 2105 pro
682 2014 801 2086 futuru
828 2011 1051 2104 expeditione
1077 2033 1140 2104 per
1166 2013 1282 2104 Reges
1301 2017 1336 2086 et
1353 2013 1537 2106 Principes
1556 2015 1632 2089 lieri

88 2133 333 2226 vulgabantur.
366 2133 436 2205 Ubi
468 2140 585 2206 tamen
617 2139 755 2225 tempus
788 2133 946 2221 advenit,
979 2133 1153 2207 neminem
1177 2135 1314 2226 Regum
1344 2140 1405 2206 aut
1423 2134 1631 2228 Principum
1693 2125 1701 2142 “

89 2252 212 2326 scitum
243 2259 297 2326 est
323 2253 551 2345 processisse,
586 2253 736 2346 singulis
770 2252 905 2326 Summi
928 2253 1112 2326 Pontificio
1140 2259 1175 2326 et
1202 2254 1431 2345 Imperatoris
1458 2255 1632 2328 Priderici

89 2373 241 2446 actiones
269 2379 303 2446 et
331 2373 551 2466 diligentiam
583 2373 620 2446 in
647 2373 751 2446 rebus
783 2373 864 2446 fidei
896 2371 1188 2465 inspectantibus.
1221 2373 1267 2446 Et
1300 2374 1465 2448 Summus
1492 2375 1631 2468 quidem

88 2493 252 2567 Pontifex
279 2494 427 2567 classem
454 2494 536 2566 suis'
558 2494 774 2586 sumptibus,
802 2514 928 2586 magna
955 2513 1053 2581 cura,
1082 2492 1304 2586 maximaque
1331 2493 1516 2588 diligentia
1532 2515 1631 2588 prae·

88 2615 242 2706 parabat.
271 2615 442 2707 Legatum
469 2620 585 2688 antem
613 2615 655 2687 de
683 2615 793 2688 latere
820 2613 1012 2688 Iohannem
1031 2613 1132 2686 tituli
1151 2613 1272 2687 Sancti
1290 2615 1421 2707 Angeli
1439 2615 1632 2689 Diaconum

90 2734 323 2824 dardinalem,
351 2735 396 2807 ad
414 2734 650 2823 Germaniam,
680 2734 898 2828 Hungariam
917 2739 953 2807 et
970 2733 1170 2823 Poloniam,
1199 2735 1276 2808 loca
1294 2755 1432 2828 quoque
1450 2737 1560 2810 Turco
1579 2737 1632 2810 ri·

89 2855 178 2943 cina,
206 2855 489 2947 praedicaturum
517 2877 579 2947 per
605 2877 643 2928 se
671 2861 706 2927 et
733 2855 822 2928 alios
856 2855 1015 2943 Crucem,
1048 2861 1083 2928 et
1116 2854 1351 2928 excitaturum
1382 2855 1633 2948 Imperatorem

88 2976 321 3065 Pridericum,
350 2981 384 3048 et
411 2976 525 3067 Reges
553 2975 755 3068 Hungariae
774 2980 809 3049 et
826 2975 1010 3064 Poloniae,
1039 2975 1076 3046 in
1102 2975 1235 3048 bellum
1254 2975 1489 3064 barbaricum,
1518 2982 1633 3050 trans·

89 3097 208 3169 mittit.
239 3097 306 3188 Qui
333 3095 400 3170 etsi
428 3096 647 3189 diligentiam
676 3095 744 3168 eibi
770 3095 975 3188 possibilem
1003 3095 1094 3168 circa
1111 3095 1309 3188 praedictos
1328 3096 1578 3188 Imperatorem
1593 3101 1632 3170 et

89 3217 199 3310 Reges
228 3217 473 3308 impendisset,
504 3218 699 3309 Imperator
725 3221 840 3290 tamen
868 3215 1069 3289 Pridericus
1101 3215 1309 3290 tenuitatem
1334 3217 1480 3310 Imperii
1507 3224 1542 3292 et
1560 3217 1631 3292 dis-

90 3338 267 3411 sensiones
290 3337 493 3429 Principum
520 3337 746 3426 Almanniae,
776 3342 811 3410 et
838 3337 1007 3428 quaedam
1034 3335 1105 3408 alia
1137 3335 1397 3429 interponebam
1429 3338 1633 3412 Kauimirns

89 3479 167 3532 uero
187 3458 357 3531 Poloniae
376 3459 471 3546 Rex,
491 3479 560 3530 non
580 3458 693 3530 solum
711 3457 806 3530 bello
824 3457 1043 3546 Phartarieo,
1073 3457 1166 3549 quod
1184 3477 1292 3550 aeque
1311 3457 1548 3550 periculosum
1567 3458 1635 3532 toti

89 3579 362 3667 christianitati,
390 3584 431 3650 ut
458 3580 647 3651 'lurcorum
675 3577 809 3651 censeri
836 3577 954 3666 debet,
983 3578 1045 3651 aed
1072 3583 1107 3651 et
1133 3577 1273 3670 proprio
1293 3585 1328 3651 et
1346 3579 1535 3651 domestico
1554 3599 1633 3652 enm

89 3699 272 3773 cruciferis
300 3720 337 3772 se
365 3704 570 3791 occupatum
597 3699 789 3790 respondit.
818 3697 861 3770 In
887 3698 980 3770 huuc
998 3698 1138 3770 modum
1156 3699 1261 3771 rebus
1280 3698 1376 3787 ndei,
1406 3719 1484 3772 cum
1504 3705 1539 3772 et
1557 3719 1633 3773 cae·

90 3820 152 3892 teri
178 3821 295 3913 Reges
322 3819 471 3912 priuatis
498 3819 604 3892 bellis
632 3825 667 3892 et
694 3818 891 3892 actionibus
918 3818 1186 3908 distinerentur,
1219 3817 1485 3909 vacillantibus,
1514 3819 1633 3892 Omni·

89 3940 242 4031 potentis
270 3941 455 4013 clementia
481 3939 650 4013 uirtutem
669 3961 753 4012 suae
773 3938 992 4012 fortitudinis
1012 3939 1283 4025 demonstravit,
1304 3961 1393 4031 quae
1410 3961 1479 4012 non
1499 3939 1536 4012 in
1553 3961 1632 4032 par-

90 4060 157 4151 uis,
185 4065 249 4133 ant
276 4061 392 4133 studio
421 4062 571 4132 humano
599 4060 785 4152 promotis,
813 4059 987 4132 auxillum
1016 4059 1071 4132 sni
1099 4059 1229 4132 fauoris
1249 4062 1340 4132 solet
1358 4061 1631 4135 accommodare:

90 4182 147 4254 sed
174 4181 312 4274 potins,
341 4180 378 4252 in
407 4180 535 4272 quibus
563 4181 750 4253 humanam
779 4201 875 4271 spem
903 4179 946 4251 ad
973 4179 1119 4252 meliora
1144 4201 1213 4252 non
1233 4181 1330 4254 videt
1347 4182 1518 4255 accedere.
1547 4183 1633 4255 Tur-

89 4321 203 4374 corum
232 4321 381 4392 nemque
409 4301 603 4392 Imperator
629 4301 667 4372 in
694 4298 972 4373 christianitatis
999 4299 1202 4392 reglonibns
1226 4301 1354 4374 armari
1372 4306 1494 4375 contra
1512 4323 1550 4376 ee
1567 4301 1633 4375 mi·

89 4421 216 4511 litiam,
246 4427 282 4494 et
307 4419 478 4512 plurimos
505 4421 549 4492 ad
576 4421 708 4494 bellum
735 4419 953 4512 praeparari,
982 4426 1018 4492 et
1045 4419 1087 4492 ab
1116 4421 1398 4512 exploratoribus
1425 4427 1461 4495 et
1479 4443 1523 4496 ex
1542 4424 1635 4496 fama

90 4561 313 4634 cognoscens,
341 4541 465 4614 maiori
492 4541 654 4630 audacia,
683 4561 787 4633 quam
815 4539 1058 4630 conveniebat,
1091 4545 1318 4632 provocatus,
1350 4562 1420 4614 non
1450 4543 1633 4635 repellere,

91 4663 147 4735 sed
174 4663 303 4735 inferre
330 4662 462 4735 bellum
490 4660 691 4749 constituit,
723 4665 759 4733 et
785 4659 1072 4753 anticipationem
1099 4661 1137 4733 in
1161 4661 1319 4754 qualibet
1336 4683 1374 4736 re
1393 4662 1560 4755 optimam
1578 4685 1632 4736 ra-

90 4786 162 4873 tus,
190 4784 351 4876 Regnum
379 4782 597 4876 Hungariae‚
628 4782 734 4874 quod,
763 4781 910 4854 caeteris
938 4780 975 4854 in
1003 4781 1153 4855 circuitu
1180 4803 1244 4856 sno
1271 4783 1466 4857 debilitatis
1494 4789 1530 4858 et
1553 4805 1632 4858 con·

91 4903 199 4992 tritis,
228 4924 330 4995 posse
358 4904 543 4976 verebatur
568 4903 702 4976 bellum
730 4902 799 4975 sibi
826 4901 970 4992 inlerre,
1000 4901 1149 4990 severit,
1179 4923 1219 4977 ac
1246 4905 1435 4978 contractis
1454 4905 1633 4978 Dominio·

90 5044 163 5096 unm
192 5046 333 5097 snorum
361 5023 545 5115 potentiis,
574 5024 701 5096 Albam
730 5024 897 5115 Regalem
924 5023 1089 5112 Ruscino,
1118 5023 1309 5102 Taurinum
1327 5045 1495 5098 uocauere
1513 5025 1633 5117 prisci,

47 5167 56 5178 ·
93 5145 133 5216 od
159 5145 373 5218 conduentes
401 5144 548 5233 Savum,
577 5143 846 5235 Danubiumque
865 5144 990 5233 sitnm,
1015 5145 1168 5232 obsedit,
1187 5151 1303 5234 ratus,
1324 5150 1474 5239 uteret,
1494 5166 1533 5219 eo
1553 5167 1633 5219 con·

94 5265 236 5356 quisito,
273 5263 420 5337 liberius
453 5285 491 5337 se
517 5264 555 5336 in
582 5264 743 5357 Regnum
771 5263 972 5358 Hungariae
998 5271 1241 5357 grassaturum
1269 5270 1304 5340 et
1322 5265 1516 5356 potentiam
1534 5267 1634 5342 Hun-

196 5522 220 5602 ¹)
242 5523 391 5600 expeditio
414 5541 466 5583 een
489 5522 631 5582 transitus
656 5516 732 5582 Coo.
755 5517 823 5582 Lis.
