<?xml version="1.0" encoding="UTF-8"?>
<!DOCTYPE html PUBLIC "-//W3C//DTD XHTML 1.0 Transitional//EN"
    "http://www.w3.org/TR/xhtml1/DTD/xhtml1-transitional.dtd">
<html xmlns="http://www.w3.org/1999/xhtml" xml:lang="en" lang="en">
 <head>
  <title>
</title>
<meta http-equiv="Content-Type" content="text/html;charset=utf-8" />
  <meta name='ocr-system' content='tesseract 3.04.00' />
  <meta name='ocr-capabilities' content='ocr_page ocr_carea ocr_par ocr_line ocrx_word'/>
</head>
<body>
  <div class='ocr_page' id='page_1' title='image "./operaomnia06paulgoog_0702.png"; bbox 0 0 4090 6290; ppageno 0'>
   <div class='ocr_carea' id='block_1_1' title="bbox 371 561 1921 665">
    <p class='ocr_par' dir='ltr' id='par_1_1' title="bbox 371 561 1921 665">
     <span class='ocr_line' id='line_1_1' title="bbox 371 561 1921 665; baseline 0 -29"><span class='ocrx_word' id='word_1_1' title='bbox 371 561 446 636; x_wconf 88' lang='grc'>690</span> <span class='ocrx_word' id='word_1_2' title='bbox 876 585 989 638; x_wconf 80' lang='lat' dir='ltr'>urana</span> <span class='ocrx_word' id='word_1_3' title='bbox 1015 585 1259 640; x_wconf 82' lang='lat' dir='ltr'>nuouncnrus</span> <span class='ocrx_word' id='word_1_4' title='bbox 1288 571 1401 658; x_wconf 81' lang='grc'><strong>(66]).</strong></span> <span class='ocrx_word' id='word_1_5' title='bbox 1636 565 1704 665; x_wconf 90' lang='grc' dir='ltr'>(Α.</span> <span class='ocrx_word' id='word_1_6' title='bbox 1726 563 1773 638; x_wconf 82' lang='grc'>1).</span> <span class='ocrx_word' id='word_1_7' title='bbox 1794 562 1921 661; x_wconf 84' lang='grc'><strong>14711.)</strong></span> 
     </span>
    </p>
   </div>
   <div class='ocr_carea' id='block_1_2' title="bbox 364 769 1922 2792">
    <p class='ocr_par' dir='ltr' id='par_1_2' title="bbox 364 769 1922 2792">
     <span class='ocr_line' id='line_1_2' title="bbox 366 769 1920 863; baseline -0.001 -20"><span class='ocrx_word' id='word_1_8' title='bbox 366 770 506 863; x_wconf 89' lang='grc'><strong>666111,</strong></span> <span class='ocrx_word' id='word_1_9' title='bbox 535 769 670 844; x_wconf 90' lang='lat' dir='ltr'>dicens:</span> <span class='ocrx_word' id='word_1_10' title='bbox 699 769 802 862; x_wconf 78' lang='lat' dir='ltr'>Quod</span> <span class='ocrx_word' id='word_1_11' title='bbox 829 769 948 844; x_wconf 89' lang='lat' dir='ltr'>dicitis</span> <span class='ocrx_word' id='word_1_12' title='bbox 968 792 1022 845; x_wconf 92' lang='lat' dir='ltr'>mo</span> <span class='ocrx_word' id='word_1_13' title='bbox 1040 769 1272 844; x_wconf 83' lang='lat' dir='ltr'>dissensionis</span> <span class='ocrx_word' id='word_1_14' title='bbox 1291 776 1447 845; x_wconf 88' lang='lat' dir='ltr'>autorem</span> <span class='ocrx_word' id='word_1_15' title='bbox 1467 773 1505 862; x_wconf 89' lang='lat'>¹),</span> <span class='ocrx_word' id='word_1_16' title='bbox 1535 771 1724 846; x_wconf 87' lang='lat' dir='ltr'>averitatc</span> <span class='ocrx_word' id='word_1_17' title='bbox 1752 777 1811 845; x_wconf 91' lang='lat' dir='ltr'>est</span> <span class='ocrx_word' id='word_1_18' title='bbox 1838 769 1920 843; x_wconf 85' lang='lat' dir='ltr'>alie·</span> 
     </span>
     <span class='ocr_line' id='line_1_3' title="bbox 365 889 1919 984; baseline -0.001 -21"><span class='ocrx_word' id='word_1_19' title='bbox 365 913 460 964; x_wconf 93' lang='lat' dir='ltr'>num.</span> <span class='ocrx_word' id='word_1_20' title='bbox 491 890 615 980; x_wconf 88' lang='lat' dir='ltr'>Scitis,</span> <span class='ocrx_word' id='word_1_21' title='bbox 636 892 727 983; x_wconf 91' lang='lat' dir='ltr'>quod</span> <span class='ocrx_word' id='word_1_22' title='bbox 746 891 828 964; x_wconf 93' lang='lat' dir='ltr'>dum</span> <span class='ocrx_word' id='word_1_23' title='bbox 847 895 987 984; x_wconf 77' lang='lat' dir='ltr'>treugas</span> <span class='ocrx_word' id='word_1_24' title='bbox 1003 889 1034 981; x_wconf 78' lang='grc'>2)</span> <span class='ocrx_word' id='word_1_25' title='bbox 1062 890 1235 982; x_wconf 86' lang='grc'><strong>661116116;</strong></span> <span class='ocrx_word' id='word_1_26' title='bbox 1255 893 1495 966; x_wconf 75' lang='lat' dir='ltr'>consensimus</span> <span class='ocrx_word' id='word_1_27' title='bbox 1515 891 1626 966; x_wconf 90' lang='lat' dir='ltr'>vobis.</span> <span class='ocrx_word' id='word_1_28' title='bbox 1656 891 1822 984; x_wconf 88' lang='lat' dir='ltr'>Optastis</span> <span class='ocrx_word' id='word_1_29' title='bbox 1842 911 1919 964; x_wconf 90' lang='lat' dir='ltr'>con·</span> 
     </span>
     <span class='ocr_line' id='line_1_4' title="bbox 366 1012 1918 1105; baseline -0.001 -21"><span class='ocrx_word' id='word_1_30' title='bbox 366 1033 466 1085; x_wconf 88' lang='lat' dir='ltr'>suras</span> <span class='ocrx_word' id='word_1_31' title='bbox 494 1033 612 1085; x_wconf 90' lang='lat' dir='ltr'>omnes</span> <span class='ocrx_word' id='word_1_32' title='bbox 641 1012 824 1104; x_wconf 89' lang='lat' dir='ltr'>suspendi;</span> <span class='ocrx_word' id='word_1_33' title='bbox 853 1012 1098 1104; x_wconf 87' lang='lat' dir='ltr'>suspendimus</span> <span class='ocrx_word' id='word_1_34' title='bbox 1127 1016 1162 1085; x_wconf 90' lang='lat' dir='ltr'>et</span> <span class='ocrx_word' id='word_1_35' title='bbox 1188 1012 1436 1086; x_wconf 80' lang='lat' dir='ltr'>relaxavimus.</span> <span class='ocrx_word' id='word_1_36' title='bbox 1466 1014 1575 1084; x_wconf 82' lang='lat' dir='ltr'>Arma</span> <span class='ocrx_word' id='word_1_37' title='bbox 1601 1017 1641 1085; x_wconf 92' lang='lat' dir='ltr'>ut</span> <span class='ocrx_word' id='word_1_38' title='bbox 1659 1013 1918 1105; x_wconf 84' lang='lat' dir='ltr'>posuissemus,</span> 
     </span>
     <span class='ocr_line' id='line_1_5' title="bbox 366 1131 1919 1225; baseline -0.002 -19"><span class='ocrx_word' id='word_1_39' title='bbox 366 1137 400 1206; x_wconf 88' lang='lat' dir='ltr'>et</span> <span class='ocrx_word' id='word_1_40' title='bbox 419 1132 551 1206; x_wconf 85' lang='lat' dir='ltr'>milites</span> <span class='ocrx_word' id='word_1_41' title='bbox 570 1153 827 1222; x_wconf 77' lang='lat' dir='ltr'>revocaremus,</span> <span class='ocrx_word' id='word_1_42' title='bbox 856 1132 1029 1224; x_wconf 89' lang='lat' dir='ltr'>petiistis;</span> <span class='ocrx_word' id='word_1_43' title='bbox 1059 1133 1375 1224; x_wconf 83' lang='lat' dir='ltr'>obtemperavimus</span> <span class='ocrx_word' id='word_1_44' title='bbox 1391 1131 1422 1222; x_wconf 80' lang='grc'>3)</span> <span class='ocrx_word' id='word_1_45' title='bbox 1450 1134 1543 1206; x_wconf 89' lang='lat' dir='ltr'>votis</span> <span class='ocrx_word' id='word_1_46' title='bbox 1563 1133 1707 1221; x_wconf 86' lang='lat' dir='ltr'>vostris,</span> <span class='ocrx_word' id='word_1_47' title='bbox 1733 1132 1919 1225; x_wconf 88' lang='lat' dir='ltr'>posuimus</span> 
     </span>
     <span class='ocr_line' id='line_1_6' title="bbox 366 1251 1920 1344; baseline 0 -18"><span class='ocrx_word' id='word_1_48' title='bbox 366 1257 401 1326; x_wconf 91' lang='lat' dir='ltr'>et</span> <span class='ocrx_word' id='word_1_49' title='bbox 427 1253 680 1326; x_wconf 77' lang='lat' dir='ltr'>revocavimus.</span> <span class='ocrx_word' id='word_1_50' title='bbox 719 1251 880 1344; x_wconf 77' lang='lat' dir='ltr'>Quotidie</span> <span class='ocrx_word' id='word_1_51' title='bbox 916 1256 1124 1326; x_wconf 88' lang='lat' dir='ltr'>mercatores</span> <span class='ocrx_word' id='word_1_52' title='bbox 1160 1253 1383 1326; x_wconf 81' lang='lat' dir='ltr'>Florentinos</span> <span class='ocrx_word' id='word_1_53' title='bbox 1415 1253 1452 1325; x_wconf 92' lang='lat' dir='ltr'>in</span> <span class='ocrx_word' id='word_1_54' title='bbox 1479 1254 1565 1326; x_wconf 91' lang='lat' dir='ltr'>urbe</span> <span class='ocrx_word' id='word_1_55' title='bbox 1600 1259 1722 1326; x_wconf 89' lang='lat' dir='ltr'>nostra</span> <span class='ocrx_word' id='word_1_56' title='bbox 1759 1253 1920 1326; x_wconf 82' lang='lat' dir='ltr'>confove·</span> 
     </span>
     <span class='ocr_line' id='line_1_7' title="bbox 366 1371 1920 1466; baseline -0.002 -20"><span class='ocrx_word' id='word_1_57' title='bbox 366 1395 459 1462; x_wconf 91' lang='lat' dir='ltr'>mus,</span> <span class='ocrx_word' id='word_1_58' title='bbox 490 1395 571 1446; x_wconf 89' lang='lat' dir='ltr'>suas</span> <span class='ocrx_word' id='word_1_59' title='bbox 599 1373 806 1448; x_wconf 85' lang='lat' dir='ltr'>mercantias</span> <span class='ocrx_word' id='word_1_60' title='bbox 835 1372 989 1446; x_wconf 82' lang='lat' dir='ltr'>exerceri</span> <span class='ocrx_word' id='word_1_61' title='bbox 1016 1371 1181 1465; x_wconf 89' lang='lat' dir='ltr'>patimur.</span> <span class='ocrx_word' id='word_1_62' title='bbox 1214 1373 1315 1445; x_wconf 89' lang='lat' dir='ltr'>Ultra</span> <span class='ocrx_word' id='word_1_63' title='bbox 1342 1374 1576 1463; x_wconf 87' lang='lat' dir='ltr'>haecomnia,</span> <span class='ocrx_word' id='word_1_64' title='bbox 1606 1395 1744 1466; x_wconf 87' lang='lat' dir='ltr'>semper</span> <span class='ocrx_word' id='word_1_65' title='bbox 1765 1373 1920 1466; x_wconf 88' lang='lat' dir='ltr'>paratis-</span> 
     </span>
     <span class='ocr_line' id='line_1_8' title="bbox 369 1493 1922 1586; baseline 0.001 -22"><span class='ocrx_word' id='word_1_66' title='bbox 369 1494 450 1566; x_wconf 89' lang='lat' dir='ltr'>simi</span> <span class='ocrx_word' id='word_1_67' title='bbox 478 1494 608 1566; x_wconf 86' lang='lat' dir='ltr'>luimus</span> <span class='ocrx_word' id='word_1_68' title='bbox 636 1498 671 1567; x_wconf 91' lang='lat' dir='ltr'>et</span> <span class='ocrx_word' id='word_1_69' title='bbox 698 1515 834 1582; x_wconf 88' lang='grc'><strong>66666,</strong></span> <span class='ocrx_word' id='word_1_70' title='bbox 864 1513 926 1565; x_wconf 84' lang='grc'>666</span> <span class='ocrx_word' id='word_1_71' title='bbox 945 1493 1150 1585; x_wconf 87' lang='lat' dir='ltr'>ingratiam</span> <span class='ocrx_word' id='word_1_72' title='bbox 1169 1494 1392 1586; x_wconf 89' lang='lat' dir='ltr'>etgremium</span> <span class='ocrx_word' id='word_1_73' title='bbox 1411 1499 1593 1586; x_wconf 88' lang='lat' dir='ltr'>paternum</span> <span class='ocrx_word' id='word_1_74' title='bbox 1614 1495 1815 1586; x_wconf 87' lang='lat' dir='ltr'>suscipere,</span> <span class='ocrx_word' id='word_1_75' title='bbox 1846 1514 1922 1566; x_wconf 92' lang='lat' dir='ltr'>cum</span> 
     </span>
     <span class='ocr_line' id='line_1_9' title="bbox 369 1613 1921 1707; baseline -0.001 -21"><span class='ocrx_word' id='word_1_76' title='bbox 369 1614 553 1686; x_wconf 89' lang='lat' dir='ltr'>honestato</span> <span class='ocrx_word' id='word_1_77' title='bbox 585 1619 725 1688; x_wconf 88' lang='lat' dir='ltr'>sanctae</span> <span class='ocrx_word' id='word_1_78' title='bbox 757 1615 933 1687; x_wconf 86' lang='lat' dir='ltr'>Romanae</span> <span class='ocrx_word' id='word_1_79' title='bbox 965 1613 1158 1702; x_wconf 64' lang='lat' dir='ltr'>Ecclesiam</span> <span class='ocrx_word' id='word_1_80' title='bbox 1187 1613 1380 1686; x_wconf 79' lang='lat' dir='ltr'>Concilium</span> <span class='ocrx_word' id='word_1_81' title='bbox 1406 1616 1567 1707; x_wconf 89' lang='lat' dir='ltr'>generale</span> <span class='ocrx_word' id='word_1_82' title='bbox 1595 1615 1701 1686; x_wconf 91' lang='lat' dir='ltr'>etiam</span> <span class='ocrx_word' id='word_1_83' title='bbox 1728 1636 1803 1686; x_wconf 91' lang='lat' dir='ltr'>non</span> <span class='ocrx_word' id='word_1_84' title='bbox 1832 1613 1921 1705; x_wconf 87' lang='lat' dir='ltr'>fugi-</span> 
     </span>
     <span class='ocr_line' id='line_1_10' title="bbox 366 1733 1920 1826; baseline -0.001 -20"><span class='ocrx_word' id='word_1_85' title='bbox 366 1750 460 1823; x_wconf 89' lang='lat' dir='ltr'>mus,</span> <span class='ocrx_word' id='word_1_86' title='bbox 499 1733 655 1826; x_wconf 87' lang='lat' dir='ltr'>quinimo</span> <span class='ocrx_word' id='word_1_87' title='bbox 691 1735 914 1808; x_wconf 88' lang='lat' dir='ltr'>vehomcnter</span> <span class='ocrx_word' id='word_1_88' title='bbox 950 1733 1199 1808; x_wconf 89' lang='lat' dir='ltr'>desideramus.</span> <span class='ocrx_word' id='word_1_89' title='bbox 1230 1734 1321 1806; x_wconf 90' lang='lat' dir='ltr'>Hinc</span> <span class='ocrx_word' id='word_1_90' title='bbox 1349 1739 1419 1823; x_wconf 93' lang='lat' dir='ltr'>est,</span> <span class='ocrx_word' id='word_1_91' title='bbox 1449 1735 1542 1826; x_wconf 88' lang='lat' dir='ltr'>quod</span> <span class='ocrx_word' id='word_1_92' title='bbox 1569 1735 1726 1808; x_wconf 89' lang='lat' dir='ltr'>divorsos</span> <span class='ocrx_word' id='word_1_93' title='bbox 1752 1735 1920 1826; x_wconf 82' lang='lat' dir='ltr'>Legatos,</span> 
     </span>
     <span class='ocr_line' id='line_1_11' title="bbox 366 1853 1921 1944; baseline -0.001 -17"><span class='ocrx_word' id='word_1_94' title='bbox 366 1853 472 1927; x_wconf 91' lang='lat' dir='ltr'>etiam</span> <span class='ocrx_word' id='word_1_95' title='bbox 491 1854 618 1926; x_wconf 82' lang='lat' dir='ltr'>tratres</span> <span class='ocrx_word' id='word_1_96' title='bbox 636 1858 791 1942; x_wconf 91' lang='lat' dir='ltr'>nostros,</span> <span class='ocrx_word' id='word_1_97' title='bbox 820 1857 961 1926; x_wconf 90' lang='lat' dir='ltr'>sanctae</span> <span class='ocrx_word' id='word_1_98' title='bbox 980 1855 1156 1927; x_wconf 87' lang='lat' dir='ltr'>Romanae</span> <span class='ocrx_word' id='word_1_99' title='bbox 1174 1854 1351 1928; x_wconf 81' lang='lat' dir='ltr'>Ecclesiae</span> <span class='ocrx_word' id='word_1_100' title='bbox 1371 1854 1587 1944; x_wconf 81' lang='grc'><strong>0661166166,</strong></span> <span class='ocrx_word' id='word_1_101' title='bbox 1613 1855 1657 1928; x_wconf 92' lang='lat' dir='ltr'>ad</span> <span class='ocrx_word' id='word_1_102' title='bbox 1677 1875 1800 1927; x_wconf 89' lang='lat' dir='ltr'>omnes</span> <span class='ocrx_word' id='word_1_103' title='bbox 1820 1854 1921 1926; x_wconf 92' lang='lat' dir='ltr'>Prin·</span> 
     </span>
     <span class='ocr_line' id='line_1_12' title="bbox 365 1973 1920 2066; baseline -0.001 -19"><span class='ocrx_word' id='word_1_104' title='bbox 365 1973 460 2066; x_wconf 90' lang='lat' dir='ltr'>cipes</span> <span class='ocrx_word' id='word_1_105' title='bbox 487 1974 636 2046; x_wconf 89' lang='lat' dir='ltr'>maiores</span> <span class='ocrx_word' id='word_1_106' title='bbox 663 1974 852 2062; x_wconf 89' lang='lat' dir='ltr'>mittimus,</span> <span class='ocrx_word' id='word_1_107' title='bbox 882 1978 922 2045; x_wconf 89' lang='lat' dir='ltr'>ut</span> <span class='ocrx_word' id='word_1_108' title='bbox 950 1974 1080 2046; x_wconf 90' lang='lat' dir='ltr'>sedatis</span> <span class='ocrx_word' id='word_1_109' title='bbox 1108 1974 1212 2048; x_wconf 92' lang='lat' dir='ltr'>bellis</span> <span class='ocrx_word' id='word_1_110' title='bbox 1240 1973 1436 2064; x_wconf 87' lang='grc'><strong>1616611616,</strong></span> <span class='ocrx_word' id='word_1_111' title='bbox 1466 1979 1501 2048; x_wconf 91' lang='grc'>61</span> <span class='ocrx_word' id='word_1_112' title='bbox 1528 1975 1579 2049; x_wconf 88' lang='grc'>616</span> <span class='ocrx_word' id='word_1_113' title='bbox 1607 1976 1700 2049; x_wconf 88' lang='grc'><strong>16166</strong></span> <span class='ocrx_word' id='word_1_114' title='bbox 1728 1997 1766 2048; x_wconf 89' lang='grc'>66</span> <span class='ocrx_word' id='word_1_115' title='bbox 1787 1975 1920 2047; x_wconf 86' lang='grc'><strong>61166-</strong></span> 
     </span>
     <span class='ocr_line' id='line_1_13' title="bbox 364 2093 1921 2184; baseline 0 -18"><span class='ocrx_word' id='word_1_116' title='bbox 364 2099 499 2168; x_wconf 89' lang='grc'><strong>166666</strong></span> <span class='ocrx_word' id='word_1_117' title='bbox 527 2093 700 2168; x_wconf 85' lang='grc'><strong>66116166</strong></span> <span class='ocrx_word' id='word_1_118' title='bbox 726 2094 899 2184; x_wconf 91' lang='lat' dir='ltr'>reductis,</span> <span class='ocrx_word' id='word_1_119' title='bbox 932 2094 1160 2184; x_wconf 89' lang='lat' dir='ltr'>unanimiter,</span> <span class='ocrx_word' id='word_1_120' title='bbox 1194 2095 1385 2168; x_wconf 84' lang='lat' dir='ltr'>fortissimo</span> <span class='ocrx_word' id='word_1_121' title='bbox 1414 2099 1450 2168; x_wconf 92' lang='lat' dir='ltr'>ot</span> <span class='ocrx_word' id='word_1_122' title='bbox 1477 2095 1682 2169; x_wconf 89' lang='lat' dir='ltr'>saevissimo</span> <span class='ocrx_word' id='word_1_123' title='bbox 1715 2097 1832 2170; x_wconf 88' lang='lat' dir='ltr'>Turoo</span> <span class='ocrx_word' id='word_1_124' title='bbox 1862 2115 1921 2166; x_wconf 91' lang='lat' dir='ltr'>va-</span> 
     </span>
     <span class='ocr_line' id='line_1_14' title="bbox 365 2214 1921 2310; baseline 0.001 -23"><span class='ocrx_word' id='word_1_125' title='bbox 365 2214 539 2288; x_wconf 88' lang='lat' dir='ltr'>lidissimo</span> <span class='ocrx_word' id='word_1_126' title='bbox 556 2215 719 2289; x_wconf 86' lang='lat' dir='ltr'>resistere</span> <span class='ocrx_word' id='word_1_127' title='bbox 737 2216 925 2308; x_wconf 86' lang='lat' dir='ltr'>possimus.</span> <span class='ocrx_word' id='word_1_128' title='bbox 946 2215 1102 2287; x_wconf 86' lang='lat' dir='ltr'>Mittitur</span> <span class='ocrx_word' id='word_1_129' title='bbox 1119 2215 1274 2308; x_wconf 87' lang='lat' dir='ltr'>Legatus</span> <span class='ocrx_word' id='word_1_130' title='bbox 1293 2215 1335 2289; x_wconf 93' lang='lat' dir='ltr'>de</span> <span class='ocrx_word' id='word_1_131' title='bbox 1354 2217 1464 2290; x_wconf 91' lang='lat' dir='ltr'>latere</span> <span class='ocrx_word' id='word_1_132' title='bbox 1487 2216 1530 2288; x_wconf 91' lang='lat' dir='ltr'>ad</span> <span class='ocrx_word' id='word_1_133' title='bbox 1549 2216 1770 2310; x_wconf 90' lang='lat' dir='ltr'>Hungariae,</span> <span class='ocrx_word' id='word_1_134' title='bbox 1804 2215 1921 2288; x_wconf 89' lang='lat' dir='ltr'>Boho·</span> 
     </span>
     <span class='ocr_line' id='line_1_15' title="bbox 365 2336 1921 2430; baseline 0 -22"><span class='ocrx_word' id='word_1_135' title='bbox 365 2337 455 2409; x_wconf 89' lang='lat' dir='ltr'>miae</span> <span class='ocrx_word' id='word_1_136' title='bbox 488 2340 522 2409; x_wconf 93' lang='lat' dir='ltr'>et</span> <span class='ocrx_word' id='word_1_137' title='bbox 548 2336 716 2409; x_wconf 90' lang='lat' dir='ltr'>Poloniac</span> <span class='ocrx_word' id='word_1_138' title='bbox 751 2336 872 2430; x_wconf 88' lang='lat' dir='ltr'>Regna</span> <span class='ocrx_word' id='word_1_139' title='bbox 887 2336 931 2426; x_wconf 87' lang='lat'>⁴),</span> <span class='ocrx_word' id='word_1_140' title='bbox 968 2336 1142 2408; x_wconf 88' lang='lat' dir='ltr'>Iohannes</span> <span class='ocrx_word' id='word_1_141' title='bbox 1176 2336 1218 2409; x_wconf 91' lang='lat' dir='ltr'>de</span> <span class='ocrx_word' id='word_1_142' title='bbox 1250 2337 1442 2428; x_wconf 83' lang='lat' dir='ltr'>Aragonia,</span> <span class='ocrx_word' id='word_1_143' title='bbox 1481 2337 1577 2410; x_wconf 87' lang='lat' dir='ltr'>filius</span> <span class='ocrx_word' id='word_1_144' title='bbox 1614 2337 1722 2430; x_wconf 85' lang='lat' dir='ltr'>Regis</span> <span class='ocrx_word' id='word_1_145' title='bbox 1762 2336 1921 2422; x_wconf 86' lang='lat' dir='ltr'>Siciliae,</span> 
     </span>
     <span class='ocr_line' id='line_1_16' title="bbox 367 2454 1921 2550; baseline -0.001 -21"><span class='ocrx_word' id='word_1_146' title='bbox 367 2455 571 2550; x_wconf 89' lang='lat' dir='ltr'>Hungariae</span> <span class='ocrx_word' id='word_1_147' title='bbox 603 2455 711 2548; x_wconf 91' lang='lat' dir='ltr'>Regis</span> <span class='ocrx_word' id='word_1_148' title='bbox 741 2477 944 2550; x_wconf 91' lang='lat' dir='ltr'>germanus,</span> <span class='ocrx_word' id='word_1_149' title='bbox 982 2455 1043 2548; x_wconf 90' lang='lat' dir='ltr'>qui</span> <span class='ocrx_word' id='word_1_150' title='bbox 1070 2456 1248 2528; x_wconf 89' lang='lat' dir='ltr'>inauditas</span> <span class='ocrx_word' id='word_1_151' title='bbox 1276 2454 1419 2550; x_wconf 86' lang='lat' dir='ltr'>Legatis</span> <span class='ocrx_word' id='word_1_152' title='bbox 1447 2457 1587 2531; x_wconf 87' lang='lat' dir='ltr'>concedi</span> <span class='ocrx_word' id='word_1_153' title='bbox 1603 2456 1645 2548; x_wconf 75' lang='grc'>5),</span> <span class='ocrx_word' id='word_1_154' title='bbox 1673 2458 1781 2530; x_wconf 87' lang='lat' dir='ltr'>habet</span> <span class='ocrx_word' id='word_1_155' title='bbox 1811 2457 1921 2530; x_wconf 88' lang='grc'><strong>16661-</strong></span> 
     </span>
     <span class='ocr_line' id='line_1_17' title="bbox 365 2577 1920 2672; baseline 0.001 -21"><span class='ocrx_word' id='word_1_156' title='bbox 365 2582 469 2653; x_wconf 89' lang='lat' dir='ltr'>tates.</span> <span class='ocrx_word' id='word_1_157' title='bbox 497 2579 693 2666; x_wconf 74' lang='grc'><strong>1661661)</strong></span> <span class='ocrx_word' id='word_1_158' title='bbox 721 2577 813 2652; x_wconf 86' lang='grc'><strong>6616</strong></span> <span class='ocrx_word' id='word_1_159' title='bbox 840 2579 961 2668; x_wconf 87' lang='lat' dir='ltr'>habet,</span> <span class='ocrx_word' id='word_1_160' title='bbox 990 2583 1126 2652; x_wconf 88' lang='grc'><strong>61666</strong></span> <span class='ocrx_word' id='word_1_161' title='bbox 1153 2579 1195 2652; x_wconf 91' lang='grc'>16</span> <span class='ocrx_word' id='word_1_162' title='bbox 1222 2579 1348 2667; x_wconf 87' lang='grc'><strong>161666,</strong></span> <span class='ocrx_word' id='word_1_163' title='bbox 1377 2600 1499 2654; x_wconf 91' lang='lat' dir='ltr'>verum</span> <span class='ocrx_word' id='word_1_164' title='bbox 1526 2599 1605 2652; x_wconf 90' lang='lat' dir='ltr'>cum</span> <span class='ocrx_word' id='word_1_165' title='bbox 1632 2584 1783 2672; x_wconf 86' lang='lat' dir='ltr'>utroquo</span> <span class='ocrx_word' id='word_1_166' title='bbox 1807 2579 1920 2652; x_wconf 88' lang='lat' dir='ltr'>latero</span> 
     </span>
     <span class='ocr_line' id='line_1_18' title="bbox 366 2697 1505 2792; baseline 0 -20"><span class='ocrx_word' id='word_1_167' title='bbox 366 2698 516 2774; x_wconf 90' lang='lat' dir='ltr'>Romani</span> <span class='ocrx_word' id='word_1_168' title='bbox 542 2697 726 2774; x_wconf 87' lang='lat' dir='ltr'>Pontificis</span> <span class='ocrx_word' id='word_1_169' title='bbox 753 2698 928 2792; x_wconf 91' lang='lat' dir='ltr'>proficisci</span> <span class='ocrx_word' id='word_1_170' title='bbox 955 2699 1103 2774; x_wconf 86' lang='lat' dir='ltr'>dicatur.</span> <span class='ocrx_word' id='word_1_171' title='bbox 1502 2703 1505 2708; x_wconf 78' lang='grc'>’</span> 
     </span>
    </p>
   </div>
   <div class='ocr_carea' id='block_1_3' title="bbox 410 3053 1879 3268">
    <p class='ocr_par' dir='ltr' id='par_1_3' title="bbox 410 3053 1879 3268">
     <span class='ocr_line' id='line_1_19' title="bbox 410 3053 1879 3147; baseline 0.001 -20"><span class='ocrx_word' id='word_1_172' title='bbox 410 3053 562 3147; x_wconf 71' lang='lat' dir='ltr'>uapore</span> <span class='ocrx_word' id='word_1_173' title='bbox 584 3055 731 3128; x_wconf 82' lang='grc'><strong>16666166</strong></span> <span class='ocrx_word' id='word_1_174' title='bbox 753 3053 825 3129; x_wconf 85' lang='grc'><strong>6166</strong></span> <span class='ocrx_word' id='word_1_175' title='bbox 847 3071 927 3147; x_wconf 85' lang='lat' dir='ltr'>paco</span> <span class='ocrx_word' id='word_1_176' title='bbox 950 3053 992 3128; x_wconf 87' lang='lat' dir='ltr'>ad</span> <span class='ocrx_word' id='word_1_177' title='bbox 1014 3073 1092 3130; x_wconf 85' lang='lat' dir='ltr'>succ</span> <span class='ocrx_word' id='word_1_178' title='bbox 1114 3055 1219 3128; x_wconf 84' lang='lat' dir='ltr'>redire</span> <span class='ocrx_word' id='word_1_179' title='bbox 1241 3075 1306 3130; x_wconf 84' lang='lat' dir='ltr'>non</span> <span class='ocrx_word' id='word_1_180' title='bbox 1330 3055 1469 3146; x_wconf 86' lang='grc'><strong>66166,</strong></span> <span class='ocrx_word' id='word_1_181' title='bbox 1493 3055 1636 3130; x_wconf 84' lang='lat' dir='ltr'>diaetam</span> <span class='ocrx_word' id='word_1_182' title='bbox 1658 3055 1879 3129; x_wconf 76' lang='grc'><strong>8161166666</strong></span> 
     </span>
     <span class='ocr_line' id='line_1_20' title="bbox 913 3176 1364 3268; baseline 0.004 -20"><span class='ocrx_word' id='word_1_183' title='bbox 913 3176 948 3248; x_wconf 88' lang='grc'>16</span> <span class='ocrx_word' id='word_1_184' title='bbox 971 3177 1167 3266; x_wconf 79' lang='grc'><strong>1661616616</strong></span> <span class='ocrx_word' id='word_1_185' title='bbox 1190 3177 1364 3268; x_wconf 84' lang='lat' dir='ltr'>opperitur.</span> 
     </span>
    </p>
   </div>
   <div class='ocr_carea' id='block_1_4' title="bbox 365 3421 1918 4723">
    <p class='ocr_par' dir='ltr' id='par_1_4' title="bbox 365 3421 1918 4723">
     <span class='ocr_line' id='line_1_21' title="bbox 470 3421 1918 3516; baseline 0.001 -20"><span class='ocrx_word' id='word_1_186' title='bbox 470 3421 707 3498; x_wconf 88' lang='lat' dir='ltr'>Hebdomadis</span> <span class='ocrx_word' id='word_1_187' title='bbox 734 3422 895 3516; x_wconf 89' lang='lat' dir='ltr'>pluribus</span> <span class='ocrx_word' id='word_1_188' title='bbox 923 3423 960 3496; x_wconf 94' lang='grc'>16</span> <span class='ocrx_word' id='word_1_189' title='bbox 987 3424 1256 3516; x_wconf 84' lang='lat' dir='ltr'>Pyotrlroviensi</span> <span class='ocrx_word' id='word_1_190' title='bbox 1284 3425 1399 3499; x_wconf 90' lang='lat' dir='ltr'>diaeta</span> <span class='ocrx_word' id='word_1_191' title='bbox 1426 3425 1628 3498; x_wconf 86' lang='lat' dir='ltr'>Karimirns</span> <span class='ocrx_word' id='word_1_192' title='bbox 1648 3426 1821 3498; x_wconf 91' lang='lat' dir='ltr'>Poloniae</span> <span class='ocrx_word' id='word_1_193' title='bbox 1841 3426 1918 3498; x_wconf 82' lang='lat' dir='ltr'>Rex</span> 
     </span>
     <span class='ocr_line' id='line_1_22' title="bbox 367 3543 1917 3638; baseline 0.001 -23"><span class='ocrx_word' id='word_1_194' title='bbox 367 3549 615 3630; x_wconf 88' lang='lat' dir='ltr'>commoratus,</span> <span class='ocrx_word' id='word_1_195' title='bbox 644 3543 763 3616; x_wconf 89' lang='lat' dir='ltr'>missis</span> <span class='ocrx_word' id='word_1_196' title='bbox 792 3545 835 3616; x_wconf 90' lang='grc'>61</span> <span class='ocrx_word' id='word_1_197' title='bbox 863 3545 1031 3618; x_wconf 90' lang='lat' dir='ltr'>Mathiam</span> <span class='ocrx_word' id='word_1_198' title='bbox 1060 3545 1263 3638; x_wconf 87' lang='lat' dir='ltr'>Hungaviae</span> <span class='ocrx_word' id='word_1_199' title='bbox 1282 3546 1414 3638; x_wconf 84' lang='lat' dir='ltr'>Regem</span> <span class='ocrx_word' id='word_1_200' title='bbox 1434 3547 1545 3618; x_wconf 91' lang='lat' dir='ltr'>Paulo</span> <span class='ocrx_word' id='word_1_201' title='bbox 1564 3547 1772 3638; x_wconf 77' lang='lat' dir='ltr'>Iassyenslri</span> <span class='ocrx_word' id='word_1_202' title='bbox 1790 3548 1917 3619; x_wconf 88' lang='lat' dir='ltr'>castel·</span> 
     </span>
     <span class='ocr_line' id='line_1_23' title="bbox 367 3664 1918 3758; baseline 0.002 -23"><span class='ocrx_word' id='word_1_203' title='bbox 367 3664 447 3736; x_wconf 90' lang='lat' dir='ltr'>lano</span> <span class='ocrx_word' id='word_1_204' title='bbox 476 3664 767 3752; x_wconf 83' lang='lat' dir='ltr'>Sandomiriensi,</span> <span class='ocrx_word' id='word_1_205' title='bbox 797 3669 832 3738; x_wconf 92' lang='lat' dir='ltr'>ot</span> <span class='ocrx_word' id='word_1_206' title='bbox 850 3665 1006 3736; x_wconf 88' lang='lat' dir='ltr'>Iohanne</span> <span class='ocrx_word' id='word_1_207' title='bbox 1034 3665 1075 3737; x_wconf 91' lang='grc'>16</span> <span class='ocrx_word' id='word_1_208' title='bbox 1104 3667 1242 3756; x_wconf 82' lang='grc' dir='ltr'><strong>Β66666</strong></span> <span class='ocrx_word' id='word_1_209' title='bbox 1265 3667 1457 3739; x_wconf 87' lang='grc'><strong>6661611666</strong></span> <span class='ocrx_word' id='word_1_210' title='bbox 1477 3667 1794 3758; x_wconf 88' lang='lat' dir='ltr'>Marionburgensi,</span> <span class='ocrx_word' id='word_1_211' title='bbox 1824 3667 1918 3738; x_wconf 89' lang='grc'><strong>1166-</strong></span> 
     </span>
     <span class='ocr_line' id='line_1_24' title="bbox 367 3783 1917 3878; baseline 0 -22"><span class='ocrx_word' id='word_1_212' title='bbox 367 3789 439 3856; x_wconf 89' lang='lat' dir='ltr'>tam</span> <span class='ocrx_word' id='word_1_213' title='bbox 469 3783 707 3859; x_wconf 86' lang='lat' dir='ltr'>Siradiensem</span> <span class='ocrx_word' id='word_1_214' title='bbox 733 3806 796 3876; x_wconf 91' lang='lat' dir='ltr'>pro</span> <span class='ocrx_word' id='word_1_215' title='bbox 819 3784 876 3857; x_wconf 91' lang='lat' dir='ltr'>die</span> <span class='ocrx_word' id='word_1_216' title='bbox 900 3785 1020 3857; x_wconf 88' lang='lat' dir='ltr'>Sancti</span> <span class='ocrx_word' id='word_1_217' title='bbox 1049 3786 1308 3859; x_wconf 90' lang='lat' dir='ltr'>Bartholomaei</span> <span class='ocrx_word' id='word_1_218' title='bbox 1325 3787 1355 3876; x_wconf 82' lang='grc'>7)</span> <span class='ocrx_word' id='word_1_219' title='bbox 1383 3785 1457 3878; x_wconf 91' lang='lat' dir='ltr'>agi,</span> <span class='ocrx_word' id='word_1_220' title='bbox 1487 3787 1588 3858; x_wconf 82' lang='lat' dir='ltr'>iuxta</span> <span class='ocrx_word' id='word_1_221' title='bbox 1606 3787 1798 3876; x_wconf 85' lang='lat' dir='ltr'>petitiones</span> <span class='ocrx_word' id='word_1_222' title='bbox 1818 3787 1917 3857; x_wconf 89' lang='lat' dir='ltr'>Hun-</span> 
     </span>
     <span class='ocr_line' id='line_1_25' title="bbox 369 3903 1916 3997; baseline 0.001 -21"><span class='ocrx_word' id='word_1_223' title='bbox 369 3903 487 3997; x_wconf 90' lang='lat' dir='ltr'>gcriae</span> <span class='ocrx_word' id='word_1_224' title='bbox 514 3903 669 3997; x_wconf 72' lang='lat' dir='ltr'>Regisss)</span> <span class='ocrx_word' id='word_1_225' title='bbox 697 3926 758 3996; x_wconf 90' lang='grc'>666</span> <span class='ocrx_word' id='word_1_226' title='bbox 785 3905 911 3997; x_wconf 82' lang='lat' dir='ltr'>Byelilr</span> <span class='ocrx_word' id='word_1_227' title='bbox 938 3909 974 3978; x_wconf 92' lang='lat' dir='ltr'>et</span> <span class='ocrx_word' id='word_1_228' title='bbox 1001 3905 1150 3977; x_wconf 88' lang='lat' dir='ltr'>Zuolski</span> <span class='ocrx_word' id='word_1_229' title='bbox 1178 3906 1303 3995; x_wconf 88' lang='grc'><strong>166166,</strong></span> <span class='ocrx_word' id='word_1_230' title='bbox 1341 3911 1376 3980; x_wconf 84' lang='grc'>61</span> <span class='ocrx_word' id='word_1_231' title='bbox 1401 3907 1533 3979; x_wconf 91' lang='lat' dir='ltr'>bollum</span> <span class='ocrx_word' id='word_1_232' title='bbox 1564 3905 1705 3978; x_wconf 91' lang='lat' dir='ltr'>interim</span> <span class='ocrx_word' id='word_1_233' title='bbox 1738 3928 1818 3978; x_wconf 87' lang='lat' dir='ltr'>cum</span> <span class='ocrx_word' id='word_1_234' title='bbox 1846 3909 1916 3978; x_wconf 89' lang='lat' dir='ltr'>lla·</span> 
     </span>
     <span class='ocr_line' id='line_1_26' title="bbox 365 4024 1918 4119; baseline 0.001 -22"><span class='ocrx_word' id='word_1_235' title='bbox 365 4025 477 4118; x_wconf 89' lang='lat' dir='ltr'>gistro</span> <span class='ocrx_word' id='word_1_236' title='bbox 505 4025 669 4098; x_wconf 85' lang='lat' dir='ltr'>Prassiae</span> <span class='ocrx_word' id='word_1_237' title='bbox 689 4031 723 4099; x_wconf 90' lang='grc'>61</span> <span class='ocrx_word' id='word_1_238' title='bbox 742 4024 870 4098; x_wconf 90' lang='lat' dir='ltr'>Ordine</span> <span class='ocrx_word' id='word_1_239' title='bbox 898 4025 1065 4117; x_wconf 91' lang='lat' dir='ltr'>suspendi</span> <span class='ocrx_word' id='word_1_240' title='bbox 1092 4025 1323 4098; x_wconf 86' lang='lat' dir='ltr'>consentiens.</span> <span class='ocrx_word' id='word_1_241' title='bbox 1352 4027 1406 4098; x_wconf 82' lang='lat' dir='ltr'>Er</span> <span class='ocrx_word' id='word_1_242' title='bbox 1425 4026 1655 4119; x_wconf 77' lang='lat' dir='ltr'>ontrkovia,</span> <span class='ocrx_word' id='word_1_243' title='bbox 1676 4027 1733 4100; x_wconf 91' lang='lat' dir='ltr'>die</span> <span class='ocrx_word' id='word_1_244' title='bbox 1753 4028 1918 4100; x_wconf 83' lang='lat' dir='ltr'>Mercurii</span> 
     </span>
     <span class='ocr_line' id='line_1_27' title="bbox 365 4144 1914 4240; baseline 0.003 -24"><span class='ocrx_word' id='word_1_245' title='bbox 365 4144 532 4218; x_wconf 88' lang='lat' dir='ltr'>vicesima</span> <span class='ocrx_word' id='word_1_246' title='bbox 559 4149 681 4217; x_wconf 89' lang='lat' dir='ltr'>octava</span> <span class='ocrx_word' id='word_1_247' title='bbox 708 4145 853 4236; x_wconf 77' lang='grc'><strong>161119),</strong></span> <span class='ocrx_word' id='word_1_248' title='bbox 882 4145 1031 4219; x_wconf 89' lang='lat' dir='ltr'>Martino</span> <span class='ocrx_word' id='word_1_249' title='bbox 1061 4147 1276 4236; x_wconf 69' lang='grc'><strong>1661666611)</strong></span> <span class='ocrx_word' id='word_1_250' title='bbox 1305 4147 1468 4220; x_wconf 86' lang='lat' dir='ltr'>Prassiao</span> <span class='ocrx_word' id='word_1_251' title='bbox 1487 4147 1654 4239; x_wconf 87' lang='lat' dir='ltr'>Magistro</span> <span class='ocrx_word' id='word_1_252' title='bbox 1681 4147 1720 4219; x_wconf 94' lang='lat' dir='ltr'>in</span> <span class='ocrx_word' id='word_1_253' title='bbox 1744 4149 1914 4240; x_wconf 75' lang='lat' dir='ltr'>ontrlro-</span> 
     </span>
     <span class='ocr_line' id='line_1_28' title="bbox 365 4266 1915 4360; baseline 0.001 -21"><span class='ocrx_word' id='word_1_254' title='bbox 365 4266 424 4339; x_wconf 91' lang='lat' dir='ltr'>via</span> <span class='ocrx_word' id='word_1_255' title='bbox 450 4269 650 4338; x_wconf 87' lang='lat' dir='ltr'>remanente</span> <span class='ocrx_word' id='word_1_256' title='bbox 677 4270 712 4339; x_wconf 91' lang='grc'>61</span> <span class='ocrx_word' id='word_1_257' title='bbox 739 4266 891 4339; x_wconf 85' lang='lat' dir='ltr'>diaetam</span> <span class='ocrx_word' id='word_1_258' title='bbox 919 4267 1155 4341; x_wconf 87' lang='lat' dir='ltr'>Siradiensom</span> <span class='ocrx_word' id='word_1_259' title='bbox 1183 4267 1261 4340; x_wconf 92' lang='lat' dir='ltr'>illic</span> <span class='ocrx_word' id='word_1_260' title='bbox 1287 4268 1538 4360; x_wconf 85' lang='lat' dir='ltr'>praestolante,</span> <span class='ocrx_word' id='word_1_261' title='bbox 1567 4268 1713 4356; x_wconf 87' lang='lat' dir='ltr'>recedit,</span> <span class='ocrx_word' id='word_1_262' title='bbox 1735 4268 1830 4340; x_wconf 90' lang='grc'><strong>6116</strong></span> <span class='ocrx_word' id='word_1_263' title='bbox 1850 4270 1915 4341; x_wconf 89' lang='lat' dir='ltr'>Ra·</span> 
     </span>
     <span class='ocr_line' id='line_1_29' title="bbox 366 4385 1915 4480; baseline 0.003 -23"><span class='ocrx_word' id='word_1_264' title='bbox 366 4385 446 4458; x_wconf 93' lang='lat' dir='ltr'>dom</span> <span class='ocrx_word' id='word_1_265' title='bbox 466 4386 521 4475; x_wconf 88' lang='lat'>¹¹),</span> <span class='ocrx_word' id='word_1_266' title='bbox 553 4385 612 4458; x_wconf 92' lang='lat' dir='ltr'>ubi</span> <span class='ocrx_word' id='word_1_267' title='bbox 639 4386 742 4458; x_wconf 88' lang='lat' dir='ltr'>illum</span> <span class='ocrx_word' id='word_1_268' title='bbox 769 4386 953 4460; x_wconf 83' lang='lat' dir='ltr'>Elisabeth</span> <span class='ocrx_word' id='word_1_269' title='bbox 972 4387 1138 4460; x_wconf 89' lang='lat' dir='ltr'>Poloniao</span> <span class='ocrx_word' id='word_1_270' title='bbox 1157 4387 1293 4480; x_wconf 89' lang='lat' dir='ltr'>Regina</span> <span class='ocrx_word' id='word_1_271' title='bbox 1320 4409 1382 4480; x_wconf 93' lang='lat' dir='ltr'>per</span> <span class='ocrx_word' id='word_1_272' title='bbox 1409 4409 1508 4462; x_wconf 80' lang='lat' dir='ltr'>omno</span> <span class='ocrx_word' id='word_1_273' title='bbox 1532 4392 1670 4480; x_wconf 90' lang='lat' dir='ltr'>tempus</span> <span class='ocrx_word' id='word_1_274' title='bbox 1694 4409 1814 4463; x_wconf 88' lang='lat' dir='ltr'>morae</span> <span class='ocrx_word' id='word_1_275' title='bbox 1835 4411 1915 4462; x_wconf 88' lang='grc'><strong>6666</strong></span> 
     </span>
     <span class='ocr_line' id='line_1_30' title="bbox 367 4505 1916 4601; baseline 0.004 -23"><span class='ocrx_word' id='word_1_276' title='bbox 367 4505 404 4578; x_wconf 91' lang='grc'>16</span> <span class='ocrx_word' id='word_1_277' title='bbox 437 4505 665 4598; x_wconf 78' lang='grc'><strong>1661616616,</strong></span> <span class='ocrx_word' id='word_1_278' title='bbox 699 4507 959 4600; x_wconf 89' lang='lat' dir='ltr'>opperiebatur,</span> <span class='ocrx_word' id='word_1_279' title='bbox 994 4507 1154 4581; x_wconf 91' lang='lat' dir='ltr'>divertit:</span> <span class='ocrx_word' id='word_1_280' title='bbox 1188 4529 1300 4601; x_wconf 89' lang='lat' dir='ltr'>neque</span> <span class='ocrx_word' id='word_1_281' title='bbox 1332 4508 1424 4581; x_wconf 92' lang='lat' dir='ltr'>enim</span> <span class='ocrx_word' id='word_1_282' title='bbox 1455 4513 1551 4582; x_wconf 88' lang='lat' dir='ltr'>motu</span> <span class='ocrx_word' id='word_1_283' title='bbox 1579 4529 1722 4583; x_wconf 87' lang='lat' dir='ltr'>suorum</span> <span class='ocrx_word' id='word_1_284' title='bbox 1751 4511 1916 4584; x_wconf 82' lang='lat' dir='ltr'>Pressius</span> 
     </span>
     <span class='ocr_line' id='line_1_31' title="bbox 367 4623 1599 4723; baseline 0.005 -23"><span class='ocrx_word' id='word_1_285' title='bbox 367 4623 537 4719; x_wconf 84' lang='lat' dir='ltr'>Magister</span> <span class='ocrx_word' id='word_1_286' title='bbox 563 4647 770 4720; x_wconf 90' lang='lat' dir='ltr'>concussus,</span> <span class='ocrx_word' id='word_1_287' title='bbox 799 4628 875 4704; x_wconf 91' lang='lat' dir='ltr'>sine</span> <span class='ocrx_word' id='word_1_288' title='bbox 901 4649 985 4722; x_wconf 90' lang='lat' dir='ltr'>pace</span> <span class='ocrx_word' id='word_1_289' title='bbox 1013 4629 1057 4703; x_wconf 88' lang='grc'>61</span> <span class='ocrx_word' id='word_1_290' title='bbox 1083 4629 1226 4723; x_wconf 89' lang='lat' dir='ltr'>propria</span> <span class='ocrx_word' id='word_1_291' title='bbox 1252 4629 1402 4704; x_wconf 88' lang='lat' dir='ltr'>audebat</span> <span class='ocrx_word' id='word_1_292' title='bbox 1428 4629 1599 4706; x_wconf 87' lang='lat' dir='ltr'>recedere.</span> 
     </span>
    </p>
   </div>
   <div class='ocr_carea' id='block_1_5' title="bbox 365 4951 1914 5462">
    <p class='ocr_par' dir='ltr' id='par_1_5' title="bbox 365 4951 1914 5462">
     <span class='ocr_line' id='line_1_32' title="bbox 476 4951 1914 5042; baseline 0 -22"><span class='ocrx_word' id='word_1_293' title='bbox 476 4958 496 5037; x_wconf 91' lang='lat'>¹)</span> <span class='ocrx_word' id='word_1_294' title='bbox 527 4977 593 5020; x_wconf 89' lang='grc'><strong>6666</strong></span> <span class='ocrx_word' id='word_1_295' title='bbox 623 4959 754 5021; x_wconf 80' lang='lat' dir='ltr'>attonem</span> <span class='ocrx_word' id='word_1_296' title='bbox 783 4955 846 5020; x_wconf 84' lang='lat' dir='ltr'>Ed.</span> <span class='ocrx_word' id='word_1_297' title='bbox 876 4952 967 5041; x_wconf 84' lang='lat' dir='ltr'>Lips.</span> <span class='ocrx_word' id='word_1_298' title='bbox 1000 4953 1024 5038; x_wconf 65' lang='grc'>2)</span> <span class='ocrx_word' id='word_1_299' title='bbox 1060 4954 1194 5020; x_wconf 85' lang='grc'><strong>16166166</strong></span> <span class='ocrx_word' id='word_1_300' title='bbox 1224 4951 1287 5020; x_wconf 77' lang='lat' dir='ltr'>Ed.</span> <span class='ocrx_word' id='word_1_301' title='bbox 1312 4952 1401 5041; x_wconf 81' lang='lat' dir='ltr'>Lipa.</span> <span class='ocrx_word' id='word_1_302' title='bbox 1433 4952 1914 5042; x_wconf 70' lang='grc' dir='ltr'>8)616166666661οΕ&lt;1.1166.</span> 
     </span>
     <span class='ocr_line' id='line_1_33' title="bbox 368 5055 1913 5140; baseline -0.001 -16"><span class='ocrx_word' id='word_1_303' title='bbox 368 5055 395 5140; x_wconf 63' lang='grc' dir='ltr'>ι)</span> <span class='ocrx_word' id='word_1_304' title='bbox 418 5058 456 5124; x_wconf 88' lang='lat' dir='ltr'>ad</span> <span class='ocrx_word' id='word_1_305' title='bbox 479 5059 619 5122; x_wconf 86' lang='lat' dir='ltr'>Mathiam</span> <span class='ocrx_word' id='word_1_306' title='bbox 642 5058 827 5140; x_wconf 86' lang='lat' dir='ltr'>Hungariae,</span> <span class='ocrx_word' id='word_1_307' title='bbox 850 5059 1044 5123; x_wconf 85' lang='lat' dir='ltr'>Wladislaum</span> <span class='ocrx_word' id='word_1_308' title='bbox 1067 5057 1235 5140; x_wconf 88' lang='lat' dir='ltr'>Bohomiae,</span> <span class='ocrx_word' id='word_1_309' title='bbox 1259 5059 1433 5122; x_wconf 83' lang='lat' dir='ltr'>Gasimirum</span> <span class='ocrx_word' id='word_1_310' title='bbox 1456 5062 1597 5122; x_wconf 89' lang='lat' dir='ltr'>Poloniae</span> <span class='ocrx_word' id='word_1_311' title='bbox 1620 5061 1733 5140; x_wconf 87' lang='lat' dir='ltr'>Reges,</span> <span class='ocrx_word' id='word_1_312' title='bbox 1758 5079 1913 5138; x_wconf 86' lang='lat' dir='ltr'>eorumque</span> 
     </span>
     <span class='ocr_line' id='line_1_34' title="bbox 366 5161 1911 5248; baseline 0 -22"><span class='ocrx_word' id='word_1_313' title='bbox 366 5165 471 5243; x_wconf 86' lang='lat' dir='ltr'>Regna</span> <span class='ocrx_word' id='word_1_314' title='bbox 493 5161 555 5227; x_wconf 81' lang='lat' dir='ltr'>Ed.</span> <span class='ocrx_word' id='word_1_315' title='bbox 578 5161 669 5247; x_wconf 70' lang='lat' dir='ltr'>Lapa.</span> <span class='ocrx_word' id='word_1_316' title='bbox 694 5163 719 5243; x_wconf 65' lang='grc'>1)</span> <span class='ocrx_word' id='word_1_317' title='bbox 744 5165 865 5226; x_wconf 88' lang='grc'><strong>6666611</strong></span> <span class='ocrx_word' id='word_1_318' title='bbox 888 5161 1077 5225; x_wconf 82' lang='lat' dir='ltr'>solitasEd.</span> <span class='ocrx_word' id='word_1_319' title='bbox 1102 5163 1195 5248; x_wconf 82' lang='lat' dir='ltr'>Lipo.</span> <span class='ocrx_word' id='word_1_320' title='bbox 1221 5161 1248 5248; x_wconf 67' lang='grc'>6)</span> <span class='ocrx_word' id='word_1_321' title='bbox 1272 5163 1386 5226; x_wconf 84' lang='lat' dir='ltr'>Tantas</span> <span class='ocrx_word' id='word_1_322' title='bbox 1409 5162 1472 5225; x_wconf 84' lang='lat' dir='ltr'>Ed.</span> <span class='ocrx_word' id='word_1_323' title='bbox 1495 5163 1586 5248; x_wconf 79' lang='lat' dir='ltr'>Lips.</span> <span class='ocrx_word' id='word_1_324' title='bbox 1616 5163 1640 5244; x_wconf 73' lang='grc'>7)</span> <span class='ocrx_word' id='word_1_325' title='bbox 1666 5167 1769 5226; x_wconf 84' lang='lat' dir='ltr'>Sancti</span> <span class='ocrx_word' id='word_1_326' title='bbox 1793 5167 1911 5226; x_wconf 82' lang='lat' dir='ltr'>Bartho-</span> 
     </span>
     <span class='ocr_line' id='line_1_35' title="bbox 365 5263 1909 5352; baseline 0 -22"><span class='ocrx_word' id='word_1_327' title='bbox 365 5270 473 5332; x_wconf 85' lang='lat' dir='ltr'>lomaci</span> <span class='ocrx_word' id='word_1_328' title='bbox 495 5267 631 5346; x_wconf 81' lang='lat' dir='ltr'>Apostoli</span> <span class='ocrx_word' id='word_1_329' title='bbox 654 5265 716 5352; x_wconf 75' lang='lat' dir='ltr'>Ea</span> <span class='ocrx_word' id='word_1_330' title='bbox 740 5267 833 5351; x_wconf 83' lang='lat' dir='ltr'>Lips.</span> <span class='ocrx_word' id='word_1_331' title='bbox 865 5267 890 5348; x_wconf 80' lang='lat'>¹¹)</span> <span class='ocrx_word' id='word_1_332' title='bbox 913 5266 1043 5330; x_wconf 86' lang='lat' dir='ltr'>Mathiae</span> <span class='ocrx_word' id='word_1_333' title='bbox 1064 5265 1236 5345; x_wconf 86' lang='lat' dir='ltr'>Hungcriae</span> <span class='ocrx_word' id='word_1_334' title='bbox 1257 5268 1348 5345; x_wconf 89' lang='lat' dir='ltr'>Regis</span> <span class='ocrx_word' id='word_1_335' title='bbox 1372 5263 1433 5330; x_wconf 84' lang='lat' dir='ltr'>Ed.</span> <span class='ocrx_word' id='word_1_336' title='bbox 1458 5265 1547 5350; x_wconf 75' lang='lat' dir='ltr'>Lr&#39;pa</span> <span class='ocrx_word' id='word_1_337' title='bbox 1579 5267 1604 5348; x_wconf 84' lang='lat'>¹¹)</span> <span class='ocrx_word' id='word_1_338' title='bbox 1628 5269 1740 5331; x_wconf 89' lang='lat' dir='ltr'>mensis</span> <span class='ocrx_word' id='word_1_339' title='bbox 1763 5267 1832 5330; x_wconf 90' lang='lat' dir='ltr'>Iulii</span> <span class='ocrx_word' id='word_1_340' title='bbox 1853 5265 1909 5330; x_wconf 78' lang='lat' dir='ltr'>Ed</span> 
     </span>
     <span class='ocr_line' id='line_1_36' title="bbox 366 5367 1501 5462; baseline 0 -26"><span class='ocrx_word' id='word_1_341' title='bbox 366 5367 459 5462; x_wconf 81' lang='lat' dir='ltr'>Lips.</span> <span class='ocrx_word' id='word_1_342' title='bbox 488 5369 526 5456; x_wconf 83' lang='lat'>¹⁰)</span> <span class='ocrx_word' id='word_1_343' title='bbox 551 5371 673 5436; x_wconf 83' lang='lat' dir='ltr'>Treslar</span> <span class='ocrx_word' id='word_1_344' title='bbox 695 5369 758 5436; x_wconf 85' lang='lat' dir='ltr'>Ed.</span> <span class='ocrx_word' id='word_1_345' title='bbox 782 5371 875 5456; x_wconf 81' lang='lat' dir='ltr'>Lipa.</span> <span class='ocrx_word' id='word_1_346' title='bbox 903 5371 940 5453; x_wconf 91' lang='lat'>¹¹)</span> <span class='ocrx_word' id='word_1_347' title='bbox 963 5373 993 5433; x_wconf 90' lang='lat' dir='ltr'>in</span> <span class='ocrx_word' id='word_1_348' title='bbox 1015 5371 1128 5434; x_wconf 89' lang='lat' dir='ltr'>Radom</span> <span class='ocrx_word' id='word_1_349' title='bbox 1150 5373 1215 5451; x_wconf 90' lang='lat' dir='ltr'>ipse</span> <span class='ocrx_word' id='word_1_350' title='bbox 1237 5372 1301 5434; x_wconf 88' lang='lat' dir='ltr'>Rex</span> <span class='ocrx_word' id='word_1_351' title='bbox 1323 5368 1387 5434; x_wconf 80' lang='lat' dir='ltr'>Ed.</span> <span class='ocrx_word' id='word_1_352' title='bbox 1410 5367 1501 5456; x_wconf 78' lang='lat' dir='ltr'>Lipr.</span> 
     </span>
    </p>
   </div>
   <div class='ocr_carea' id='block_1_6' title="bbox 0 0 2050 6290">
    <p class='ocr_par' dir='ltr' id='par_1_6' title="bbox 0 0 2050 6290">
     <span class='ocr_line' id='line_1_37' title="bbox 0 0 2050 6290; baseline 0 0"><span class='ocrx_word' id='word_1_353' title='bbox 0 0 2050 6290; x_wconf 95' lang='lat' dir='ltr'> </span> 
     </span>
    </p>
   </div>
  </div>
 </body>
</html>
