4264 6280
392 511 441 584 42
903 535 1016 588 arnna
1042 534 1286 588 nuonncncns
1314 516 1429 606 (xlm).
1664 509 1731 610 (Α.
1753 511 1799 583 D.
1819 507 1947 608 1447.)

391 739 474 789 6666
502 718 719 809 captivatum
746 720 968 793 relaxaverat
987 724 1022 792 et
1040 726 1300 795 remuneratum
1328 719 1528 806 dimiserat,
1557 716 1745 808 praemiat;
1775 717 1945 790 8166666-

390 839 504 911 16666
531 838 672 926 deinde,
702 859 805 930 quem
828 839 865 910 in
884 840 1129 931 Woyewodam
1158 840 1385 914 Bessarabiae
1412 859 1577 930 reponere
1605 839 1828 928 promiserat,
1858 857 1941 909 exo-

391 961 503 1048 culat,
533 965 568 1031 61
595 965 723 1032 terram
752 959 981 1032 Bessarabiae
1010 961 1079 1032 sibi
1107 983 1276 1052 usurpare
1304 960 1460 1032 molitur.
1494 960 1545 1032 Ut
1572 963 1689 1031 autem
1720 957 1859 1030 facilius
1888 978 1945 1028 cc-

391 1079 504 1172 gitata
531 1081 705 1170 perficiat,
735 1081 839 1153 Petro
868 1081 1097 1173 Wopewodae
1129 1081 1341 1168 hloldaviae,
1376 1081 1432 1154 cui
1465 1081 1571 1152 Wlad
1605 1081 1689 1151 olim
1718 1078 1948 1151 Bessarabiae

394 1199 602 1290 Woycwoda
630 1204 704 1271 erat
731 1200 899 1289 infestus,
929 1222 969 1273 eo
994 1202 1085 1292 quod
1105 1223 1183 1274 cum
1202 1203 1360 1274 Romano
1380 1201 1486 1273 etiam
1506 1200 1716 1290 Woycnoda
1734 1199 1947 1283 Moldariae,

394 1319 467 1391 filio
497 1319 638 1406 Heliae,
669 1321 769 1392 cuius
797 1322 889 1394 idem
917 1321 1024 1394 Wlad
1055 1343 1255 1414 germanam
1289 1322 1413 1394 habuit
1440 1322 1477 1393 in
1504 1342 1666 1406 uxorem,
1695 1321 1737 1392 de
1765 1319 1947 1410 Woyeno·

394 1440 479 1511 datu
507 1440 703 1513 Moldauiae
736 1443 996 1534 disceptabant,
1031 1464 1183 1516 sororem
1211 1465 1310 1514 suam
1338 1463 1553 1535 germanam,
1587 1441 1657 1512 iam
1685 1461 1814 1511 annum
1843 1440 1946 1530 quin-

394 1560 635 1651 quagesimum
663 1568 879 1652 provectam,
909 1563 970 1634 dat
997 1563 1034 1635 in
1061 1584 1222 1650 uxorem,
1253 1563 1426 1654 spondens
1454 1563 1556 1633 illum
1584 1581 1749 1651 reponere
1777 1561 1948 1631 interrae

393 1681 589 1752 lloldaniae
621 1681 766 1772 pacifica
797 1683 1035 1773 possessione,
1069 1683 1251 1774 mittitque
1284 1703 1362 1754 cum
1396 1703 1435 1753 eo
1469 1681 1606 1772 aliquas
1638 1685 1760 1771 gentes
1793 1701 1875 1750 suas
1904 1680 1949 1750 ad

392 1802 640 1891 expellendum
679 1803 876 1874 Romanum
909 1804 950 1876 de
984 1803 1179 1876 lloldariae
1215 1809 1321 1876 terra.
1359 1803 1538 1874 Romanus
1575 1805 1692 1872 autem
1729 1799 1946 1891 intelligens

392 1927 512 1994 contra
540 1943 577 1994 se
603 1923 747 1994 Petrum
776 1927 941 2013 patruum
965 1943 1168 2015 germanum
1188 1944 1266 1995 cnm
1286 1922 1422 1994 auxilio
1441 1920 1600 2013 gentium
1619 1921 1787 1992 Iohannis
1807 1920 1849 1992 de
1869 1921 1946 1990 Hu-

392 2041 473 2112 niad
502 2041 705 2130 adventare,
737 2047 772 2115 et
800 2043 964 2115 maritum
998 2044 1126 2115 sororis
1160 2065 1259 2131 suae,
1294 2043 1401 2115 Wlad
1430 2041 1674 2132 Woyewodam
1704 2040 1946 2126 Bessarabiae,

393 2183 413 2233 a
441 2183 508 2252 666
537 2183 662 2254 magna
691 2163 826 2234 solebat
853 2164 980 2236 habere
1008 2163 1239 2255 ingentibus
1267 2163 1442 2250 subsidia,
1476 2162 1715 2248 interfectum,
1749 2165 1784 2232 et
1811 2160 1946 2232 animos

391 2280 641 2354 Walaohorum
668 2282 775 2373 probe
801 2282 1006 2375 intelligens
1035 2305 1117 2375 erga
1145 2305 1182 2356 se
1215 2306 1284 2355 non
1312 2304 1388 2356 esse
1415 2287 1544 2368 reatos,
1575 2301 1787 2372 praecavens
1816 2280 1885 2352 sibi
1909 2280 1947 2352 in

393 2402 566 2490 futurum,
596 2402 830 2492 consilium1)
858 2403 956 2490 iniit,
987 2405 1082 2475 etde
1102 2407 1195 2476 terra
1222 2405 1471 2476 Walaohorum
1491 2401 1646 2493 fugiens,
1667 2401 1710 2472 ad
1730 2405 1857 2473 terrem
1879 2401 1946 2470 Po·

393 2521 507 2593 doliae
536 2522 708 2615 confugit:
743 2523 804 2595 ubi
838 2543 982 2596 securus
1010 2524 1184 2612 existens,
1214 2524 1434 2596 Kauimirum
1462 2523 1594 2614 Regem
1610 2520 1641 2611 ²)
1675 2526 1745 2593 tam
1773 2542 1835 2612 per
1866 2521 1946 2592 lite-

392 2663 466 2730 ras,
496 2664 599 2733 quam
627 2665 689 2734 per
716 2644 877 2730 nuntios,
912 2647 1080 2735 tanquam
1112 2645 1307 2736 propinquo
1341 2643 1409 2716 sibi
1442 2643 1611 2733 sanguine
1644 2642 1803 2713 iunctum
1831 2645 1947 2732 (erant

393 2762 485 2833 enim
514 2783 557 2835 ex
586 2764 721 2835 duabus
751 2765 928 2837 sororibus
955 2765 1083 2857 geniti)
1112 2765 1153 2838 de
1181 2766 1293 2836 dando
1322 2764 1391 2836 sibi
1419 2763 1575 2836 subsidio
1596 2761 1843 2852 multiplieiter
1862 2761 1945 2832 soli·

393 2881 528 2954 citavit.
558 2884 685 2954 Petrus
713 2889 831 2956 autem
859 2885 1085 2975 Woyewoda‚
1114 2885 1226 2959 totius
1254 2890 1367 2958 torrae
1395 2883 1592 2955 lloldauiae
1621 2883 1838 2973 apprehensa
1865 2902 1945 2972 pos-

395 3003 566 3090 sessione,
596 3002 694 3074 dolos
723 3004 892 3076 Iohannis
920 3005 1064 3076 Huniad
1084 3011 1266 3096 expertus,
1296 3005 1396 3075 nulla
1415 3024 1493 3075 cum
1514 3024 1551 3075 eo
1572 3003 1708 3076 foedera
1727 3004 1855 3091 facore,
1885 3008 1947 3074 661

394 3123 438 3193 61
465 3122 625 3214 Regnum
642 3120 671 3212 3)
701 3124 918 3216 Hungariae,
948 3125 1050 3198 iuxta
1078 3125 1232 3199 eiusdem
1252 3123 1420 3197 Iohannis
1449 3124 1490 3195 de
1510 3123 1653 3196 Huniad
1671 3123 1945 3214 persuasionem,

395 3263 431 3314 se
460 3247 576 3314 tenere
604 3243 733 3332 noluit,
763 3245 823 3317 sed
850 3267 912 3336 per
939 3246 1061 3318 literas
1090 3251 1125 3317 et
1143 3245 1302 3331 nuntios,
1332 3243 1550 3315 Kanimirnm
1570 3245 1717 3336 Regem,
1747 3245 1945 3316 Praelatos·

395 3383 461 3454 que
489 3367 524 3435 et
552 3363 699 3436 barones
727 3365 894 3438 Poloniae
922 3365 1104 3438 humiliter
1131 3365 1284 3457 rogavit,
1315 3369 1489 3454 quatenus
1518 3386 1596 3436 cum
1616 3386 1636 3434 a
1655 3385 1692 3436 se
1720 3387 1789 3436 non
1817 3363 1946 3436 abiice-

394 3487 489 3570 rent‚
519 3485 580 3554 sed
608 3488 775 3575 tanquam
804 3485 983 3558 subditum
1012 3491 1046 3558 61
1073 3485 1305 3577 homagialcm
1338 3484 1452 3575 Regni
1478 3485 1645 3556 Poloniae
1673 3489 1866 3572 tuerentur,
1896 3486 1947 3556 of-

394 3604 508 3675 ferens
538 3623 574 3675 se
602 3604 755 3676 fideliter
783 3625 901 3678 sacrae
917 3606 947 3694 4)
976 3605 1130 3678 Coronae
1158 3605 1272 3697 Regni
1300 3604 1466 3676 Poloniae
1494 3609 1529 3676 et
1556 3605 1646 3696 Regi
1674 3605 1853 3677 Kanimiro
1875 3627 1946 3678 ser-

395 3723 563 3795 siturum.

395 4077 575 4149 llazinims
597 4079 681 4165 llex,
705 4079 842 4150 asseclis
868 4079 964 4150 116616
986 4080 1178 4150 1111666166
1201 4079 1364 4150 Michaelis
1387 4097 1406 4150 6
1429 4080 1645 4168 praefecturis
1671 4081 1790 4150 arcium
1818 4081 1949 4166 amotis,

263 4305 267 4314 ι
394 4199 500 4287 ipsun
522 4198 638 4270 116666
660 4199 844 4271 1116166166
861 4217 880 4270 6
896 4200 1066 4270 1666116616
1089 4201 1248 4288 captivari
1272 4203 1438 4288 procurat;
1462 4201 1515 4289 661
1532 4201 1659 4289 quiden
1674 4203 1806 4289 captus,
1829 4205 1949 4289 postea

908 4322 1062 4392 dimissus
1084 4323 1118 4392 iu
1141 4322 1275 4392 Slcsian
1299 4321 1436 4410 6616611.

499 4569 749 4641 Ρ66666666616
777 4569 957 4640 Kanimiro
986 4569 1081 4660 Rege
1101 4589 1162 4659 per
1181 4572 1319 4660 tempus
1347 4568 1496 4640 hiemale
1516 4568 1552 4639 16
1571 4569 1778 4657 Lithuanla,
1808 4575 1844 4641 61
1864 4591 1945 4641 666-

397 4687 508 4760 116616
537 4689 784 4760 666611661166
813 4688 1015 4775 insistente,
1046 4688 1149 4759 multi
1177 4709 1219 4760 cx
1249 4689 1413 4778 Boparis,
1442 4688 1619 4760 nobilibus
1644 4697 1678 4760 et
1697 4690 1947 4761 communitate

396 4809 669 4896 Lithuanorum,
698 4808 806 4879 Ducis
835 4808 1017 4880 Michaelis
1045 4807 1286 4898 Principatum
1315 4809 1541 4899 expetebant,
1570 4814 1605 4879 ot
1632 4813 1816 4900 propterca
1834 4831 1946 4881 secre-

395 4928 443 5000 tis
472 4928 630 5000 consiliis
660 4933 694 5001 et
721 4929 1041 5020 conspirationibus
1060 4929 1292 5020 exquirebant
1317 4929 1451 5017 modos,
1481 4928 1556 4998 vias
1577 4933 1611 4999 61
1629 4929 1786 5020 ingenia,
1817 4930 1946 5020 quibus

395 5051 527 5120 Ducem
555 5049 759 5121 Michaelem
791 5055 934 5141 possent
962 5049 998 5119 16
1027 5051 1158 5120 Ducem
1175 5049 1205 5138 ⁵)
1234 5049 1398 5141 Magnum
1417 5049 1628 5145 Lithuaniae
1651 5069 1816 5139 reponere
1845 5055 1879 5121 et
1902 5050 1945 5120 il-

505 5319 526 5402 1)
552 5325 651 5400 fugam
674 5321 736 5385 Ed.
761 5321 854 5405 Lipc.
879 5319 906 5406 Ω)
930 5325 1042 5399 Regem
1064 5325 1204 5384 Poloniae
1227 5320 1290 5382 Ed.
1314 5321 1405 5406 Lr‘prc.
1432 5321 1456 5396 ³)
1480 5329 1531 5383 aut
1553 5341 1619 5384 cum
1641 5323 1744 5398 Regno
1767 5319 1830 5384 Ed.
1855 5321 1947 5406 Lips.

397 5425 425 5508 ⁴)
449 5433 568 5488 6666166
592 5425 653 5489 Ed.
679 5425 770 5510 Lipe.
796 5427 823 5506 ⁶)
845 5429 876 5486 in
898 5428 1046 5488 Ducatum
1069 5424 1130 5488 Ed.
1155 5425 1247 5508 Lips.
