4040 6290
358 537 432 613 586
865 557 979 612 arnna
1005 555 1252 612 nuonnouuus
1280 541 1393 629 (xm).
1628 535 1695 636 (Α.
1718 535 1765 610 D.
1786 536 1913 634 1473.)

358 858 498 930 lathino
521 857 702 946 llnngnrinc
717 857 814 946 llogin
829 857 937 928 nuntii
951 857 986 928 in
1002 857 1144 928 diaetam
1159 857 1392 946 duodennem
1409 857 1503 928 tarde
1519 859 1694 930 corimbos
1709 859 1812 930 durna
1827 858 1916 946 prun

443 978 648 1050 conditones
670 980 872 1067 proponunt:
895 978 1134 1066 propterquod
1156 995 1191 1048 ro
1213 977 1337 1050 inlecta
1360 996 1403 1048 on
1425 979 1536 1050 diaeta
1558 978 1739 1050 liutmun
1763 981 1830 1048 art.

462 1227 584 1299 Serum
611 1225 716 1297 nimis
736 1225 1008 1297 ambasiatorum
1028 1223 1223 1318 Hungarici
1242 1223 1349 1317 Regis
1369 1225 1396 1314 ¹)
1424 1225 1461 1297 in
1491 1225 1683 1317 Opperiam
1703 1226 1909 1310 adrentum,

358 1347 425 1419 etsi
453 1345 648 1418 Cardinalis
680 1345 833 1438 Legatus
865 1345 1004 1417 Marcus
1037 1343 1135 1417 varia
1171 1345 1395 1418 excusatione
1427 1365 1576 1437 purgare
1612 1346 1648 1416 in
1681 1345 1814 1417 animis
1842 1365 1910 1416 am·

358 1467 573 1539 basiatorum
601 1465 768 1538 Polouiae
792 1469 827 1538 ot
852 1465 1040 1538 Bohemiae
1068 1463 1261 1557 Regum2),
1290 1467 1436 1538 molesto
1462 1465 1564 1538 illum
1589 1466 1803 1552 ferentibus,
1832 1485 1911 1536 cou-

360 1586 549 1673 tendissot,
587 1605 696 1657 novas
724 1585 880 1677 quotidie
907 1585 1061 1658 rationes
1095 1585 1138 1657 ad
1165 1585 1345 1658 leniendos
1373 1586 1507 1658 animos
1535 1585 1738 1657 fastidiosos
1773 1591 1811 1657 et
1842 1585 1912 1656 dis-

359 1706 550 1778 cessionem
569 1711 749 1796 parantoS,
774 1705 927 1779 afferret:
956 1727 1079 1797 parum
1099 1709 1215 1779 tamon
1234 1705 1429 1778 cardinalis
1445 1704 1476 1795 ³)
1503 1705 1658 1778 rationes
1677 1705 1911 1796 quadrabant,

359 1827 420 1918 qui
447 1827 552 1918 probo
580 1826 788 1898 noscebatur
814 1825 851 1897 in
878 1831 1013 1917 partem
1041 1827 1149 1917 Regis
1177 1826 1427 1917 Hungoriao⁴)
1456 1825 1572 1898 studio
1590 1825 1817 1922 propensiori
1836 1845 1912 1915 pro·

360 1948 493 2035 olivae,
523 1951 660 2037 ceperat
679 1946 822 2038 insuper
840 1947 1089 2020 ambasiatores
1105 1946 1136 2034 5)
1164 1947 1330 2019 Polouiae
1349 1951 1383 2019 et
1402 1947 1590 2018 Bohemiao
1609 1948 1764 2037 Regum,
1788 1945 1912 2017 uerisi-

360 2068 456 2139 milis
489 2065 700 2158 suspicionis
729 2067 943 2154 coniectura,
977 2065 1226 2138 ambasiatores
1241 2066 1273 2156 6)
1306 2067 1509 2158 Hungarine
1541 2067 1667 2158 Regis,
1700 2068 1787 2137 dum
1822 2066 1914 2136 intra

359 2187 434 2261 dies
462 2185 592 2278 uiginti
618 2206 682 2259 nec
709 2192 894 2274 venerant,
928 2205 992 2258 neo
1011 2187 1161 2258 factores
1185 2207 1266 2258 suos
1286 2186 1481 2278 Opperiam
1513 2186 1697 2274 miserant,
1732 2205 1913 2276 nunquan

359 2327 436 2380 esee
461 2311 639 2379 venturos.
666 2306 857 2397 Perspicax
885 2311 1003 2379 autern
1030 2310 1104 2379 erat
1131 2307 1216 2380 haec
1243 2310 1371 2378 utnon
1399 2306 1515 2379 innuis
1535 2307 1700 2398 suspicio.
1733 2305 1830 2378 Nam
1847 2305 1912 2377 Po·

361 2429 521 2500 lonorum
549 2430 700 2518 quatuor
726 2426 840 2500 millia
864 2426 1189 2518 stipendiariorum,
1222 2427 1406 2517 paululum
1431 2431 1512 2500 aute
1545 2447 1648 2518 quam
1676 2425 1914 2518 Oppaviensis

359 2548 476 2620 diaeta
493 2545 641 2618 debebat
659 2545 810 2634 initiari,
832 2546 892 2637 qui
911 2567 948 2619 se
967 2547 1109 2619 Fratres
1129 2547 1372 2636 nominabant,
1394 2548 1469 2619 siue
1490 2553 1614 2639 suapte
1630 2548 1673 2636 ⁷),
1703 2546 1800 2634 sive,
1823 2545 1913 2637 qnod

358 2667 469 2760 magis
489 2666 722 2754 crediderant,
743 2687 805 2757 per
823 2665 990 2739 Polouiae
1010 2667 1140 2760 Regem
1156 2665 1187 2756 ⁸)
1216 2672 1250 2740 et
1269 2667 1490 2740 consiliarIos
1519 2667 1748 2759 persuasione
1776 2671 1815 2739 et
1842 2665 1914 2738 levi

359 2809 443 2860 auro
472 2786 647 2881 suggesti,
677 2787 742 2859 sub
772 2785 922 2860 ducibus
949 2787 1053 2878 Byali
1081 2787 1253 2875 Iohanne,
1283 2787 1447 2876 Barni9),
1476 2788 1632 2860 Iohanne
1660 2787 1779 2872 Wilh,
1810 2787 1914 2858 Petro

360 2907 606 2981 Barcahowski
625 2908 669 2996 ¹⁰)
693 2911 728 2980 et
747 2907 904 2980 Iohanne
923 2907 1174 2996 Suohodolslri,
1203 2927 1247 2980 ex
1266 2908 1413 2980 Polonia
1431 2908 1580 3000 egressi,
1609 2909 1697 2980 duos
1717 2905 1913 2980 montesiu

360 3029 558 3121 Hungaria,
586 3049 695 3098 unum
715 3027 880 3100 uidelicet
898 3027 1119 3119 Modragora,
1149 3029 1299 3100 alterum
1319 3029 1548 3120 Bukouyecn,
1578 3049 1646 3099 non
1666 3029 1773 3119 longe
1792 3047 1815 3098 a
1833 3026 1912 3098 Gas-

360 3149 459 3222 souia
485 3149 722 3222 incastellant.
761 3147 944 3238 Strophow
980 3167 1061 3219 roro
1090 3148 1300 3221 fortalitium
1338 3147 1506 3221 Nicolaus
1539 3150 1580 3220 dn
1618 3150 1731 3221 Peren
1767 3149 1911 3239 Hungu-

358 3271 430 3342 riae
457 3270 557 3356 baro,
586 3267 805 3360 tyrannidem
832 3267 1035 3360 Hungariae
1063 3269 1172 3361 Regis
1192 3269 1236 3358 ¹¹)
1264 3269 1409 3357 timens,
1443 3269 1517 3341 illis
1546 3269 1746 3356 accersitis,
1785 3275 1910 3358 sponte

359 3389 479 3462 tradit.
508 3390 562 3460 Ex
591 3389 719 3480 quibus
747 3387 818 3475 illi,
849 3387 1041 3460 subbrevi
1069 3389 1236 3479 temporis
1264 3389 1468 3478 intervallo,
1497 3409 1657 3481 magnam
1685 3393 1827 3480 partem
1847 3389 1910 3459 lle-

359 3511 419 3603 gui
447 3509 647 3600 Huugoriac
674 3508 718 3579 ad
739 3507 987 3599 praestandum
1012 3507 1080 3580 sibi
1104 3508 1254 3597 tributa,
1284 3509 1365 3600 igue
1385 3513 1420 3581 et
1438 3509 1557 3601 gladio
1577 3513 1718 3600 cogunt.
1750 3507 1802 3580 Eo
1823 3508 1911 3578 malo

360 3631 438 3703 Rex
453 3629 656 3722 Hungariae
670 3626 714 3718 ¹²)
733 3628 915 3719 perpulsus
939 3631 1127 3716 statuerat,
1156 3629 1272 3701 diaeta
1295 3627 1508 3720 Opperionsi
1525 3629 1668 3722 penitus
1689 3629 1841 3714 omissa,
1861 3628 1910 3698 in·

360 3750 521 3822 cumbere
549 3750 591 3821 ad
619 3769 737 3820 eorum
765 3747 1043 3838 internitionem,
1071 3753 1262 3840 gentesque
1290 3755 1325 3822 et
1352 3769 1395 3822 ox
1423 3749 1574 3842 propriis
1602 3753 1638 3820 et
1661 3749 1822 3821 externis
1843 3768 1908 3818 rna-

359 3891 428 3963 gno
457 3869 573 3941 studio
601 3868 839 3960 conquirebat.
873 3869 1003 3941 Verum
1031 3888 1109 3941 oum
1137 3870 1179 3942 de
1207 3869 1402 3943 forensibus
1430 3889 1559 3960 paucos
1587 3868 1843 3960 conquisisset,
1871 3869 1909 3938 de

360 3989 511 4082 propriis
530 4009 611 4062 roro
629 4009 751 4080 parum
770 3990 907 4078 fideret,
936 3989 1064 4061 bellico
1088 3993 1258 4080 apparatu
1277 3990 1314 4062 in
1333 3990 1476 4062 Fratres
1496 3987 1747 4061 Gassorieneos
1767 3989 1906 4068 omisso,

360 4110 610 4183 ambasiatoros
629 4107 672 4198 13)
701 4129 783 4181 snos
810 4109 847 4181 in
875 4107 1083 4200 Oppuviam,
1111 4129 1173 4200 per
1191 4109 1408 4182 conditiones
1427 4110 1523 4201 pacis
1542 4110 1676 4181 bellum
1696 4110 1756 4181 vel
1775 4108 1906 4181 extinc-

360 4237 478 4318 turus,
507 4231 565 4302 vel
585 4243 835 4320 suspensurus,
866 4229 1093 4316 transmittit,
1123 4229 1289 4303 videlicet
1307 4229 1505 4303 Gabrielem
1524 4229 1830 4320 arehiepiscopum
1849 4229 1906 4301 Go-

360 4353 570 4439 locnensem,
609 4347 806 4423 Gabrielem
839 4349 1041 4441 episcopum
1074 4349 1280 4438 Albensem,
1318 4349 1523 4423 Michaolem
1546 4350 1679 4422 Orsnah
1707 4350 1907 4421 Palatinum

361 4470 475 4563 Regni
503 4469 720 4562 Hungariao,
750 4469 936 4563 Georgium
964 4471 1131 4544 Comitem
1159 4473 1201 4544 do
1228 4471 1359 4543 PesInh
1378 4472 1434 4560 ¹⁴),
1464 4471 1682 4562 Stephanum
1711 4470 1754 4541 de
1779 4471 1907 4540 Bathor

361 4591 517 4663 Iudicem
543 4591 680 4679 Curiae,
710 4590 870 4663 Ulricum
898 4590 1094 4664 Groliinhor
1121 4591 1333 4663 Australem.
1366 4589 1514 4663 Venerat
1533 4595 1568 4662 et
1586 4589 1800 4681 liudolphus
1819 4589 1905 4680 epis

240 4981 243 4986 -
470 4933 493 5016 ¹)
516 4931 672 5000 Oratorum
694 4933 824 4995 Mathiae
846 4935 1017 5012 HungarIae
1039 4933 1130 5010 Regis
1153 4929 1216 4996 Ea.
1241 4929 1334 5016 Lipe.
1366 4932 1393 5012 ²)
1418 4932 1574 4995 Oratorum
1604 4933 1740 4994 Gasimiri
1772 4935 1906 4995 Polouiae

362 5045 392 5102 et
412 5037 569 5101 Wladislai
591 5037 750 5099 Bohemiae
772 5037 885 5114 Regum
908 5035 972 5100 Ed.
994 5035 1086 5118 Lips.
1103 5035 1131 5114 8)
1147 5037 1313 5098 Gardinalis
1329 5037 1435 5114 Legati
1450 5034 1513 5098 Ed.
1533 5035 1623 5120 Lipe.
1640 5035 1667 5118 ⁴)
1681 5038 1814 5098 Marthae
1828 5039 1903 5097 Hun-

361 5145 463 5221 gariae
484 5143 576 5219 Regis
599 5134 662 5204 Ed.
685 5139 778 5224 Lipn.
803 5139 828 5220 ⁵)
852 5141 993 5203 Oratores
1017 5137 1080 5201 Ed.
1102 5138 1195 5223 Lipo.
1220 5137 1246 5220 ⁶)
1264 5139 1403 5201 Oratores
1418 5137 1482 5200 Ed.
1498 5137 1589 5222 Lipe.
1615 5137 1641 5220 7)
1657 5159 1711 5200 sua
1726 5147 1832 5218 sponte
1847 5137 1904 5201 lul.

361 5245 452 5331 Lipa.
485 5245 511 5325 ⁸)
536 5245 711 5306 Gasimirum
739 5244 881 5305 Polouiae
902 5244 1014 5320 Regem
1036 5240 1099 5304 Ed.
1123 5241 1213 5325 Lips.
1245 5241 1271 5321 ⁹)
1301 5245 1411 5303 Ioanne
1433 5243 1520 5302 Burni
1550 5239 1612 5305 Ed.
1635 5241 1725 5326 Lipe.
1760 5243 1800 5323 ¹⁰)
1822 5245 1903 5304 Bars-

361 5348 477 5410 kowski
502 5343 578 5410 Coa.
600 5345 687 5414 cale.
719 5346 756 5429 11)
780 5348 909 5408 Mathiae
931 5348 1102 5424 Hungarine
1124 5348 1215 5423 Regis
1237 5343 1301 5410 Ed.
1326 5343 1415 5427 Lipo.
1443 5343 1480 5426 ¹²)
1504 5347 1632 5407 Mathias
1654 5349 1824 5424 Hungariae
1845 5347 1902 5408 Bau

363 5449 425 5516 Ed.
451 5449 540 5541 Lipe.
569 5449 608 5532 ¹⁸)
631 5451 762 5530 Legatos
784 5449 847 5513 Ed.
872 5447 964 5536 Lips.
994 5447 1032 5532 14)
1055 5451 1183 5511 Peszuik
1206 5447 1271 5516 Ed.
1297 5446 1386 5534 La'pr.
