4090 6290
397 532 471 618 olo
904 555 1017 610 arena
1043 553 1288 610 uuonnernrus
1317 535 1430 627 (xm).
1667 525 1738 629 (Α
1761 526 1817 602 D.
1840 521 1963 621 love.)

396 745 640 835 accenderant,
656 744 784 818 foetam
798 748 978 818 temerare.
997 743 1031 816 N
1035 765 1078 815 on
1092 763 1252 816 recusare
1266 741 1293 833 ¹)
1314 745 1446 832 tamen,
1463 743 1744 833 temperaturum
1760 759 1809 813 so
1826 759 1851 810 a
1864 736 1964 824 bollo,

396 868 428 941 si
456 867 656 958 Stephanus
683 865 891 958 Woyevoda
922 865 1095 938 tributum
1126 867 1302 938 retentum
1330 866 1364 935 et
1392 865 1551 935 futurum
1584 863 1653 936 sibi
1686 863 1880 955 pondere,
1908 860 1965 932 lii-

395 988 481 1061 liam
510 1008 648 1080 quoquo
675 987 719 1059 ad
746 984 976 1060 Bessarabiee
1002 984 1246 1076 Principatum
1278 982 1511 1075 pertinentem
1538 987 1573 1056 ot
1601 985 1765 1076 captivos
1802 980 1966 1074 singulos

396 1107 604 1196 restituere,
648 1107 871 1181 censentiret.
913 1106 990 1179 Hae
1026 1127 1105 1179 eum
1141 1104 1265 1176 nuntie
1304 1104 1399 1197 regio
1437 1104 1587 1176 Martine
1620 1103 1853 1178 Cheranaica
1894 1123 1966 1174 cen·

398 1228 551 1304 ditiones
580 1227 677 1322 pacis
700 1226 824 1321 parum
852 1248 997 1319 nequeo,
1025 1247 1149 1318 parum
1176 1227 1345 1299 honestae
1377 1229 1432 1316 (ut
1460 1228 1575 1316 erant)
1602 1227 1843 1314 viderentur,
1875 1225 1968 1297 nulle

399 1354 500 1444 pacto
529 1371 591 1442 per
618 1350 834 1442 Stephanum
862 1348 1105 1440 Weuevcdam
1137 1345 1327 1420 Valachiae
1358 1345 1605 1437 acceptandae,
1638 1347 1790 1440 negotio
1825 1345 1966 1435 iniecto,

399 1471 544 1546 Caesare
576 1471 767 1544 Tercernm
793 1469 863 1541 iam
890 1469 983 1560 apud
1015 1468 1214 1542 Danubium
1246 1488 1325 1542 cum
1359 1467 1453 1539 omni
1485 1467 1644 1541 exercitu
1676 1468 1914 1557 constitute,
1939 1472 1969 1540 el

400 1590 600 1668 Danubium
627 1590 776 1664 navibus
804 1594 1006 1682 superante,
1036 1589 1192 1682 quinque
1220 1608 1357 1680 quoqne
1384 1591 1526 1679 pontes,
1555 1588 1832 1681 aliquamlibet
1853 1608 1968 1662 noces-

401 1711 542 1786 sitctom
561 1711 781 1804 ingruentem
798 1710 1029 1799 necessarios,
1050 1710 1088 1782 in
1105 1709 1266 1783 Danubio
1295 1711 1515 1798 exstruente,
1546 1709 1726 1802 Stephane
1747 1709 1969 1802 Weyeverlc

401 1833 445 1908 do
472 1832 648 1920 omnibns,
679 1852 765 1924 quae
792 1831 929 1904 videret
956 1836 991 1905 et
1018 1829 1193 1919 audierat,
1227 1830 1434 1919 certificate,
1467 1829 1510 1902 ad
1537 1831 1764 1905 Keaimirum
1793 1831 1969 1905 Poloniao

402 1956 536 2048 Regem
568 1953 681 2027 adhue
711 1953 749 2026 in
781 1952 1005 2046 Marionburg
1036 1973 1073 2026 so
1104 1952 1356 2040 continentem,
1388 1951 1565 2043 pervenit,
1598 1955 1633 2026 ot
1658 1953 1805 2026 bellurn
1848 1951 1969 2046 ingens
2018 1975 2020 2092 p

402 2075 639 2150 blancorum
670 2073 831 2162 (laesere,
864 2095 934 2146 nen
964 2080 1037 2146 tam
1069 2073 1245 2165 Stephano
1273 2073 1501 2165 Wouevodae
1529 2077 1564 2146 ot
1590 2073 1698 2146 terris
1726 2074 1833 2163 suis,
1867 2094 1967 2165 quan
2019 2095 2020 2156 ς

402 2195 494 2290 Regi
519 2201 554 2270 et
580 2195 701 2289 Regno
733 2193 901 2268 Poloniao
931 2197 1082 2283 motum,
1115 2215 1185 2266 uon
1213 2214 1257 2267 ox
1284 2193 1424 2282 auditu,
1455 2193 1516 2266 sed
1542 2213 1587 2267 er
1615 2198 1713 2267 certe
1741 2193 1914 2268 seientia
1938 2201 1968 2268 et

403 2317 501 2407 visu,
529 2320 564 2391 et
591 2316 666 2390 suis
694 2315 922 2404 consiliariis,
957 2315 1097 2408 singula
1129 2335 1266 2407 quoque
1293 2313 1387 2406 apud
1414 2315 1602 2387 Turonium
1630 2315 1826 2388 Gaesarem
1856 2319 1966 2409 geste,
2019 2385 2020 2424 ,

404 2443 440 2514 ot
456 2459 679 2532 responsum,
707 2439 872 2530 figmento
891 2435 1019 2529 magis,
1045 2456 1149 2527 quam
1167 2435 1316 2509 veritate
1334 2436 1517 2525 nolentum,
1543 2435 1743 2509 denuntiat.
1779 2437 1860 2510 Sub
1881 2436 1968 2510 iden
2019 2467 2020 2472 Ν

405 2581 543 2653 queque
569 2563 708 2651 tempus
736 2558 983 2631 Thertcrorum
1001 2577 1207 2629 numerosus
1226 2557 1418 2645 exercitus,
1447 2557 1559 2629 Turno
1579 2557 1721 2630 laturus
1740 2557 1909 2644 auxilia,
1936 2555 1967 2630 in

404 2681 611 2756 Valachiam
636 2678 802 2770 intravit,
834 2683 870 2753 ot
897 2699 972 2753 earn
999 2677 1098 2773 prius
1130 2698 1235 2772 quam
1262 2678 1411 2768 Tereus,
1449 2676 1606 2752 cladibus
1634 2681 1670 2752 et
1693 2679 1966 2752 vastationibus

304 2829 306 2833 ·
406 2802 562 2899 affligere
589 2800 716 2896 eoepit.

408 3159 593 3252 Stephanus
618 3155 790 3231 luculleo
817 3155 1013 3248 chevclc
1042 3155 1123 3230 nihil
1153 3156 1320 3230 lurcorum
1343 3158 1378 3230 et
1399 3155 1624 3230 ilcrtcrcrnn
1651 3158 1814 3247 petentia
1838 3159 1965 3230 lemnu-

409 3285 481 3369 tnc,
503 3281 676 3353 limum
698 3279 807 3353 hullt
830 3282 865 3352 el
879 3280 989 3369 ngat,
1011 3281 1111 3369 clune
1134 3297 1206 3352 curn
1227 3279 1336 3352 lurein
1361 3279 1491 3351 lortiler
1514 3278 1663 3351 liniret:
1686 3297 1707 3351 a
1731 3297 1876 3371 quemn
1898 3281 1966 3352 nul

409 3401 553 3476 titudine
575 3401 711 3474 etratus
736 3400 887 3488 vinoitnr;
918 3399 977 3472 sel
1004 3401 1211 3474 nihilominus
1237 3402 1308 3492 ipse
1330 3401 1485 3473 resistere
1509 3403 1544 3473 el
1565 3402 1682 3473 instes
1705 3419 1751 3474 ex
1773 3403 1880 3474 silvis
1902 3421 1965 3474 can·

571 3513 573 3520 '
1013 3521 1123 3612 ligere
1146 3541 1211 3594 nnn
1233 3525 1355 3594 coarat.

513 3768 616 3843 Nihil
642 3789 785 3862 prorsus
814 3769 1014 3861 Stephanus
1041 3771 1250 3864 Woyoveda
1278 3770 1483 3860 Valachiae,
1513 3771 1660 3844 duorum
1689 3771 1963 3846 fortissimorum

412 3889 585 3978 hostiurn,
618 3890 865 3962 Thartarerum
897 3890 1063 3964 videlicet
1096 3896 1131 3965 et
1162 3893 1368 3979 anemnm,
1403 3891 1464 3982 qui
1495 3913 1582 3982 peno
1615 3894 1679 3965 sub
1707 3917 1780 3966 uno
1812 3899 1963 3986 tempere

412 4010 593 4102 (queniam
611 4030 673 4100 pro
693 4010 848 4098 diverso,
877 4011 1071 4102 pericnlum
1090 4011 1210 4100 veriti,
1238 4034 1308 4084 non
1326 4013 1515 4101 audebant)
1543 4012 1767 4103 Valaehiam,
1798 4015 1962 4106 disparti-

412 4131 461 4203 tis
477 4129 508 4221 ²)
536 4129 767 4219 exercitibus,
796 4131 1029 4218 intraverunt,
1064 4131 1270 4222 deterritus,
1304 4133 1365 4205 sed
1392 4132 1479 4204 nnira
1507 4137 1542 4205 ot
1569 4134 1771 4207 incredibili
1800 4133 1961 4208 animosi·

414 4255 487 4323 tato
514 4271 573 4323 cor
599 4270 739 4343 gerens,
768 4249 959 4322 iucundum
983 4256 1017 4324 ot
1035 4251 1263 4344 indefessum,
1292 4253 1452 4326 omnibus
1471 4255 1656 4328 frumentis
1675 4261 1711 4327 et
1729 4256 1959 4342 victualibus,

413 4393 457 4443 ne
475 4369 571 4444 hosti
590 4370 750 4444 cederent
768 4369 806 4442 in
824 4371 1009 4462 pabulum,
1037 4373 1118 4464 igne
1141 4371 1336 4464 absumptis
1352 4371 1395 4462 ³),
1424 4373 1461 4446 in
1488 4375 1736 4447 Tharterornm
1757 4378 1959 4464 exereitum,

414 4511 561 4584 querum
588 4490 682 4562 vires
709 4491 821 4563 multe
849 4491 978 4584 magis,
1012 4513 1115 4584 quam
1143 4493 1348 4582 lurcorum,
1382 4495 1583 4583 verebatur,
1616 4495 1817 4588 intrepidus
1852 4497 1958 4583 irruit,

415 4615 451 4684 et
477 4610 644 4704 suffragio
671 4609 790 4683 divine
818 4611 945 4700 fretus,
974 4634 1100 4706 magna
1128 4613 1225 4688 clade
1251 4614 1355 4686 illum
1383 4615 1549 4688 contrivit
1576 4620 1680 4708 atque
1708 4617 1865 4708 delevit,
1893 4624 1958 4691 tan·

415 4736 522 4825 teque
558 4731 680 4804 erdere
712 4731 887 4826 fugientes
918 4739 1123 4825 persecutus
1155 4739 1224 4823 ost,
1257 4736 1443 4827 utpluros
1472 4736 1702 4809 cecideritin
1731 4739 1836 4833 iuga,
1868 4760 1959 4833 quan

415 4851 453 4928 in
480 4873 609 4947 pugne.
643 4852 717 4946 Quo
749 4857 880 4929 terrere
912 4855 1084 4949 fugientes
1116 4856 1285 4948 perculsi,
1319 4878 1388 4930 nen
1415 4878 1511 4929 arma
1537 4859 1797 4950 tantummodo,
1829 4883 1901 4953 que
1924 4858 1959 4932 al

417 4973 622 5069 fugiendum
648 4973 880 5067 promptiores
909 4977 1038 5065 forent,
1067 4967 1128 5050 e'ed
1154 4981 1189 5050 et
1216 4998 1317 5050 arces
1337 4983 1372 5051 el
1390 4979 1589 5070 pharetras,
1619 4979 1729 5052 sellas
1749 4985 1786 5054 et
1805 4982 1958 5066 amictus,

416 5100 458 5168 ut
485 5095 612 5169 saltem
643 5094 794 5169 inermos
821 5100 857 5168 ot
883 5096 968 5170 nudi
1000 5095 1207 5190 effugerent,
1239 5097 1485 5190 proliciebant,
1520 5103 1554 5170 et
1582 5098 1620 5171 in
1647 5100 1800 5175 fluvium
1828 5104 1958 5197 Dnuopr

524 5350 549 5438 ¹)
565 5356 633 5416 Non
648 5360 849 5442 recusaturum
865 5350 928 5424 Ed.
944 5350 1034 5436 Lapa.
1052 5352 1078 5434 ⁹)
1094 5355 1258 5432 dispartitis
1272 5360 1370 5416 tannen
1385 5351 1448 5417 Ec.
1465 5352 1558 5438 Lips.
1576 5353 1602 5435 ³)
1617 5359 1786 5422 consumtis
1801 5357 1866 5424 Ed.
1878 5357 1955 5443 [ἐμ.
