4040 6290
367 551 441 624 596
822 496 824 504 y
881 573 995 627 arnna
1021 572 1266 626 nuenscruus
1293 555 1408 644 (xm).
1643 549 1713 650 (Α.
1733 547 1782 622 D.
1801 545 1928 646 1478.)

366 756 543 845 tualibus,
574 777 662 848 quae
690 757 844 830 obsessis
872 758 915 831 ad
942 758 1048 831 unius
1080 757 1163 830 anni
1196 757 1350 848 spatium
1378 757 1512 830 affatim
1544 758 1766 844 sufficerent,
1797 755 1927 847 optime

369 876 552 968 provisus,
581 877 761 950 difficilior
784 877 986 967 ridebatur,
1015 899 1139 950 manus
1164 877 1269 951 etiam
1288 877 1428 970 egregia
1445 881 1681 950 trecentorum
1700 875 1866 948 militum
1885 875 1925 947 il-

366 997 443 1070 lum
471 997 652 1084 tuebatur3
687 1018 808 1070 verum
842 999 1014 1071 Henricus
1048 997 1151 1070 Barai
1178 1017 1257 1070 cnm
1284 997 1420 1069 duobus
1448 995 1616 1068 fratribus
1642 993 1847 1089 germanis,
1876 993 1925 1067 ri·

364 1115 492 1189 delicet
510 1117 616 1189 Petro
636 1122 671 1189 et
690 1117 723 1188 N
725 1117 839 1189 icolao
861 1119 898 1206 ¹),
928 1117 1059 1190 nobilis
1083 1118 1125 1189 de
1143 1117 1250 1189 armis
1269 1115 1475 1207 (liphorum,
1503 1115 1633 1188 montis
1652 1113 1810 1208 praefati
1828 1135 1926 1205 prae·

366 1237 496 1324 fectus,
525 1237 596 1308 iam
623 1236 758 1327 pridem
785 1258 806 1308 a
833 1237 969 1309 Mathia
1003 1237 1205 1329 Hungariue
1232 1237 1327 1327 Rege
1354 1236 1490 1307 duobus
1522 1235 1730 1308 florenorum
1766 1234 1927 1306 millibus

368 1359 573 1446 corruptus,
605 1361 640 1428 et
667 1361 819 1428 montem
848 1361 882 1428 et
910 1357 1042 1430 milites
1070 1355 1282 1448 prodidisse,
1303 1361 1337 1428 et
1357 1355 1491 1428 Mathia
1509 1355 1713 1448 Hungariae
1732 1356 1837 1446 Rege
1857 1375 1927 1426 mn-

368 1475 541 1548 nitionem
569 1476 802 1566 audacissime
829 1481 1069 1569 oppugnante,
1098 1476 1322 1563 bombardae,
1351 1474 1501 1548 balistas
1521 1479 1556 1548 ot
1575 1476 1742 1568 sagittas,
1775 1477 1927 1546 actara

372 1615 439 1686 que
467 1595 705 1683 deiendioula‚
735 1603 797 1667 aut
825 1596 1036 1684 occuluisse,
1066 1601 1127 1668 aut
1155 1595 1415 1683 observavisse,
1448 1593 1679 1686 proditionem
1709 1615 1797 1668 vero
1825 1614 1928 1668 exco-

370 1719 530 1802 saturus,
559 1723 600 1786 ut
627 1714 864 1787 incolumibus
896 1714 1088 1802 militibus,
1124 1735 1203 1786 oum
1235 1714 1386 1807 singulis
1419 1714 1660 1786 tantummodo
1688 1713 1929 1800 vestimentis,

370 1834 478 1906 armis
507 1839 543 1906 ot
571 1835 670 1926 equis
697 1833 849 1921 relictis,
883 1835 979 1907 abire
1013 1833 1150 1922 liceret,
1184 1834 1377 1927 pepigisse,
1411 1839 1631 1924 montemque
1663 1833 1826 1922 dedisse,
1856 1835 1929 1906 unl-

369 1953 557 2025 rersaliter
584 1954 865 2026 insimulabatur.
898 1954 1005 2026 Cuius
1037 1954 1212 2027 deditione
1250 1974 1373 2044 parum
1401 1957 1586 2027 contentus
1614 1954 1691 2026 Rex
1708 1951 1754 2042 ²),
1787 1953 1828 2025 in
1859 1975 1926 2025 ma-

371 2073 480 2146 iorem
509 2074 756 2146 contumeliam
786 2074 982 2146 deditorum
1011 2079 1045 2146 et
1073 2095 1171 2145 suam
1199 2073 1403 2165 ampliorem
1431 2073 1587 2162 laudern,
1614 2073 1732 2145 omnia
1760 2095 1864 2144 arma
1891 2075 1931 2145 ad

372 2214 410 2268 se
437 2193 474 2264 in
503 2197 619 2266 castra
645 2193 778 2267 milites
807 2195 895 2266 ferre
915 2199 949 2266 et
968 2193 1038 2266 sibi
1064 2197 1287 2285 praesentare
1315 2192 1438 2280 iussit,
1466 2213 1545 2280 neo,
1575 2193 1717 2266 enixius
1737 2213 1759 2264 a
1780 2194 1931 2265 nonnul-

373 2313 418 2386 lis
445 2317 607 2407 rogatus,
636 2318 676 2385 ut
703 2314 778 2386 illis
807 2315 931 2386 saltem
950 2314 1087 2406 gladios
1105 2313 1335 2404 relinqueret,
1364 2312 1543 2405 deprecari
1561 2313 1693 2404 potuit,
1716 2313 1809 2405 quin
1829 2313 1932 2386 edan

373 2434 410 2508 in
438 2433 588 2506 dedecus
617 2433 771 2525 amplius
799 2455 933 2521 eorum,
964 2435 1092 2506 fustem
1119 2433 1157 2504 in
1184 2453 1308 2504 manus
1336 2432 1495 2522 tradens,
1530 2434 1617 2506 terre
1644 2433 1730 2505 illos
1759 2454 1844 2505 eum
1870 2433 1934 2504 bac

376 2553 622 2647 obiurgatione
649 2553 772 2626 iussit:
800 2554 873 2642 Ite,
903 2553 1035 2645 inquit,
1064 2553 1101 2626 in
1121 2552 1304 2626 Poloniam
1321 2552 1494 2640 boonlati,
1519 2573 1589 2624 non
1607 2553 1848 2641 milites,·sed
1867 2554 1933 2625 Re

373 2673 429 2766 gis
456 2672 567 2746 vestri
599 2673 757 2766 insignes
789 2673 1001 2765 proditores,
1036 2673 1187 2765 indigni,
1222 2673 1284 2765 qui
1312 2674 1401 2746 ferro
1430 2671 1588 2766 succingi
1619 2672 1794 2746 debeatis.
1831 2674 1932 2746 Prae

375 2792 563 2866 stantiores
582 2793 727 2884 insuper
745 2815 878 2882 eorum,
900 2814 944 2866 ne
961 2814 1116 2884 unquam
1134 2798 1255 2866 contra
1273 2813 1311 2865 se
1325 2793 1536 2881 militarent,
1556 2792 1785 2866 iureiurando
1806 2793 1932 2865 astrin

376 2913 442 2987 xit.
471 2912 645 2986 Fraudem
673 2913 763 2986 hane
790 2913 966 2987 Iohannes
993 2913 1093 2986 Willr
1121 2913 1271 3005 armiger
1297 2913 1434 3005 regius,
1463 2912 1605 2985 natione
1624 2912 1683 2986 hic
1701 2914 1933 3000 Pomeranns,

376 3032 438 3106 sed
465 3031 520 3104 vir
549 3033 708 3124 egregius
736 3034 829 3106 bello
857 3037 892 3106 et
918 3032 1065 3106 audacia
1093 3037 1183 3122 erat,
1217 3053 1286 3106 non
1314 3035 1447 3121 ferens,
1477 3031 1570 3124 apud
1596 3031 1767 3124 oppidum
1794 3033 1934 3104 Krosno

375 3153 414 3226 in
440 3152 633 3225 Iohannem
661 3153 896 3226 Sochodolslri
923 3153 1077 3242 irruens,
1107 3155 1224 3245 ipsum
1250 3154 1288 3226 in
1315 3175 1379 3226 suo
1406 3152 1560 3244 hospitio
1587 3152 1706 3246 gladio
1725 3152 1931 3225 transfodit.

376 3271 484 3346 (tulus
511 3271 562 3344 rei
589 3271 720 3364 gratia,
749 3273 832 3346 dum
861 3272 1072 3346 sententiam
1091 3272 1326 3346 damnationis
1346 3273 1472 3364 eapitis
1491 3293 1552 3365 per
1570 3272 1765 3345 Nicolaum
1783 3273 1932 3364 Pyenis-

379 3393 442 3466 aelr
470 3391 763 3465 sucoamerarium
796 3391 1059 3465 Oraeoviensem
1088 3397 1122 3465 et
1149 3393 1364 3464 tenutarium
1396 3393 1652 3480 Krosnensem,
1686 3392 1781 3483 quod
1810 3392 1850 3464 ri
1876 3393 1932 3463 ho

376 3512 505 3585 minem
532 3511 774 3584 indemnatum
802 3513 990 3600 occiderat,
1020 3512 1232 3604 excepisset:
1266 3513 1344 3586 Rex
1371 3512 1539 3585 Poloniae
1566 3512 1790 3601 Kaaimirus,
1828 3519 1933 3584 misso

378 3631 491 3704 veloci
518 3631 659 3720 nuntio,
689 3632 792 3704 illum
821 3653 864 3704 ex
892 3635 1002 3704 morte
1030 3631 1176 3723 eripuit,
1205 3632 1396 3705 Henricnm
1415 3653 1497 3704 roro
1517 3631 1621 3704 Burni
1640 3637 1677 3704 et
1695 3633 1827 3705 fratres
1846 3633 1930 3718 eins,

378 3755 601 3842 caeterosque
629 3753 794 3824 authores
822 3750 938 3843 turpis
966 3751 1154 3824 deditionis
1182 3753 1388 3843 captivarit.
1417 3751 1515 3824 Adeo
1543 3751 1636 3823 eninr
1665 3755 1807 3842 turpem
1838 3751 1929 3824 dedi·

379 3871 509 3944 tionem
542 3871 716 3961 scriptura
748 3873 920 3943 firmatam
953 3872 1121 3959 fecerant,
1156 3877 1196 3942 ut
1229 3893 1265 3943 se
1292 3893 1405 3964 neque
1436 3891 1499 3962 pro
1529 3872 1625 3962 Rege
1661 3891 1725 3942 suo
1753 3871 1929 3959 Poloniae,

380 4011 499 4082 neque
519 4011 581 4081 pro
608 3991 740 4082 patria,
769 3992 889 4082 Regno
917 3991 1100 4078 Poloniae,
1128 4013 1283 4082 unquam
1311 3997 1431 4064 eontra
1450 3989 1620 4062 Mathiam
1640 3990 1850 4082 Hungariae
1867 3991 1929 4062 aa·

379 4131 458 4204 gem
486 4109 716 4198 militaturos,
746 4110 811 4183 sub
839 4110 905 4182 fido
934 4112 1141 4198 ethonore,
1174 4111 1413 4198 iureiurando,
1448 4109 1563 4181 litoris
1591 4113 1628 4181 et
1656 4109 1807 4202 sigillis,
1836 4110 1932 4202 gnari

381 4229 638 4302 stercoranda
664 4229 921 4320 pollicitatione
948 4229 1189 4302 inscriberent.

729 4580 866 4652 Siceitu
887 4580 986 4650 nimia
1006 4579 1109 4652 multa
1131 4581 1272 4653 malain
1295 4580 1426 4653 l’olonia
1449 4581 1585 4670 peperit.

487 4828 613 4898 Annus
634 4823 698 4896 vhic
725 4824 762 4896 in
789 4824 883 4896 omni
910 4826 1050 4916 Europa
1082 4830 1117 4898 et
1139 4825 1303 4898 universo
1332 4826 1453 4919 Regno
1481 4825 1664 4914 Poloniae,
1691 4827 1810 4901 sidere
1828 4827 1929 4900 solari

383 4948 464 5039 plus
493 4945 597 5018 solito
626 4943 873 5016 effervescente
893 4949 927 5016 et
946 4945 1063 5016 nullas
1087 4944 1191 5018 dante
1209 4946 1367 5036 pluvias,
1397 4946 1556 5020 Cometes
1576 4947 1697 5034 stella,
1727 4968 1820 5038 quae
1838 4968 1928 5039 prae

383 5069 551 5152 cesserat,
581 5068 747 5137 causante
774 5067 935 5135 caumata
962 5067 997 5136 et
1023 5064 1204 5155 penuriam
1233 5087 1418 5156 equarum,
1447 5066 1531 5140 adeo
1560 5071 1601 5139 ut
1628 5086 1805 5158 perennes
1828 5087 1931 5159 aqum

383 5188 604 5257 verterentur
630 5183 667 5255 in
695 5181 844 5270 aridam,
874 5187 909 5254 et
935 5183 1080 5255 fiumina
1107 5184 1273 5257 Poloniae
1300 5186 1510 5278 principalia
1536 5186 1668 5278 ubique
1695 5188 1843 5259 fuerunt
1859 5207 1928 5278 per·

494 5436 519 5523 ¹)
542 5441 667 5502 Nicolao
688 5436 774 5502 dccot
794 5437 831 5501 io
855 5432 931 5500 dod.
956 5433 1044 5500 Octo.
1068 5435 1092 5516 ²)
1116 5438 1180 5499 Rex
1202 5439 1331 5500 Mattius
1354 5436 1419 5500 Ed.
1442 5437 1536 5522 Lipa.
