4126 6280
420 515 487 587 182
918 533 1030 589 treas
1055 533 1297 598 nuonucnrus
1326 514 1437 604 (xm).
1561 504 1562 507 '
1671 509 1737 612 (Α.
1757 509 1803 586 D.
1824 508 1951 609 1454.)

410 722 476 794 bus
504 720 678 793 solicitius
706 720 936 811 incumberet,
965 725 999 794 et
1026 719 1057 793 si
1084 720 1121 792 in
1148 719 1258 794 aciem
1283 720 1521 812 prodeundum
1546 721 1648 809 foret,
1678 719 1753 793 sino
1772 720 1949 794 veteranis

411 847 447 915 ot
474 842 691 916 curiensibus
710 843 737 932 1)
765 864 834 914 000
856 863 894 915 00
912 862 1048 935 pugnae
1067 841 1313 930 committeret,
1343 842 1475 916 cladem
1492 841 1610 934 potius
1630 863 1733 934 quam
1752 839 1947 931 uictoriam,

411 963 441 1035 si
469 964 544 1036 sina
572 963 772 1038 exercitatis
800 963 973 1037 militibus
1002 965 1215 1053 decerneret,
1248 965 1369 1056 procul
1401 963 1506 1037 dubio
1533 965 1719 1045 relaturus.
1752 963 1949 1038 0001100110

411 1084 581 1177 siquidem
614 1085 806 1176 praefatus,
842 1084 909 1158 etsi
940 1085 1111 1163 bellorum
1143 1085 1308 1160 Prussiae
1339 1107 1408 1160 non
1435 1085 1603 1182 probabat
1633 1085 1752 1175 initia,
1786 1091 1949 1178 suscepta

412 1211 528 1281 tamen
555 1228 624 1279 non
651 1202 875 1284 deserebat'

595 1570 707 1640 taetro
730 1568 861 1642 Sation
882 1569 1009 1644 Polonic
1031 1569 1157 1656 dedito,
1179 1569 1378 1660 laricnburg
1400 1568 1529 1641 fortiter
1552 1569 1765 1660 oppugnatur.

514 1819 617 1892 Faria
636 1823 752 1908 sexta,
772 1819 810 1895 in
827 1819 950 1913 uigilia
970 1820 1090 1892 Sancti
1104 1819 1303 1908 Laurentii,
1324 1819 1623 1894 commendatores
1642 1817 1778 1910 aliquot
1792 1838 1947 1906 numero,

413 1941 579 2015 cruciferi
605 1941 723 2033 pluras
742 1941 782 2014 dc
801 1940 944 2031 Ordine,
974 1946 1008 2015 at
1031 1942 1165 2015 nobiles
1184 1942 1295 2034 aliqui
1322 1941 1503 2030 Prussiae,
1533 1939 1593 2032 qui
1621 1945 1772 2012 castrum
1801 1939 1947 2012 Sathum

413 2063 589 2136 mensibus
610 2083 672 2136 sax
691 2063 932 2149 defendebant,
958 2067 1100 2154 proptor
1121 2061 1221 2154 panis
1251 2067 1286 2135 ct
1318 2061 1505 2136 cerevisiae
1533 2061 1721 2148 defectum,
1740 2060 1896 2153 hydrope
1913 2065 1947 2132 01

413 2183 619 2258 dissenteria
638 2183 764 2275 pressi,
789 2183 964 2276 pestibus,
990 2205 1033 2258 ex
1053 2185 1179 2276 quibus
1204 2184 1459 2277 quinquaginta
1477 2205 1610 2270 eorum,
1635 2186 1773 2256 centum
1793 2187 1828 2254 et
1848 2180 1945 2272 quin·

413 2306 580 2398 quaginta
597 2305 855 2379 remanentibus
871 2311 905 2377 01
920 2306 1061 2378 000100
1078 2311 1205 2378 sortem
1220 2305 1501 2398 expectantibus,
1521 2308 1629 2376 morte
1645 2302 1822 2394 absumpti
1838 2305 1945 2390 arant,

412 2449 480 2500 non
499 2427 655 2501 ualentes
675 2428 768 2499 ultra
787 2427 1024 2520 aegritudines
1042 2427 1136 2520 ipsas
1156 2428 1322 2520 perferre,
1353 2427 1504 2502 obsessis
1534 2424 1728 2518 opitulante
1746 2424 1863 2512 nullo,
1892 2444 1944 2496 cc·

413 2554 524 2622 strum
543 2549 688 2622 Sathum
703 2549 880 2621 Kanimiro
899 2549 988 2641 Regi
1003 2546 1033 2638 2)
1053 2549 1214 2638 tradunt,
1235 2554 1269 2623 et
1288 2571 1405 2622 omnes
1424 2549 1629 2635 1000111000,
1650 2567 1728 2620 000
1746 2546 1850 2618 rebus
1868 2566 1944 2637 pro·
1964 2631 1967 2635 .

412 2671 516 2764 priis,
535 2669 749 2758 concordis,
769 2691 847 2743 cum
864 2669 1085 2762 pulveribus,
1106 2669 1245 2762 sagittis
1265 2674 1299 2743 et
1317 2669 1397 2742 aliis
1416 2667 1686 2762 propugnaculis
1705 2667 1742 2740 in
1761 2671 1875 2740 castro
1893 2687 1943 2740 ra·

412 2792 650 2880 manentibus,
676 2791 786 2880 abire,
807 2791 968 2883 quoniam
988 2790 1038 2862 ita
1057 2796 1196 2882 pactum
1217 2795 1306 2879 erat,
1327 2791 1594 2883 permittuntur:
1624 2810 1771 2882 quorum
1790 2787 1945 2860 nonnisi

412 2913 664 3007 quinquaginta
683 2913 843 2986 abierunt
861 2913 897 2986 in
916 2911 1147 3005 Marienburg.
1169 2913 1223 2985 Er
1242 2935 1387 3005 quornm
1406 2913 1559 2986 adventu
1576 2933 1722 3004 magnus
1741 2909 1893 3004 gemitus
1912 2913 1945 2982 et

411 3036 529 3108 luctus
557 3036 762 3108 subsecutus
791 3039 859 3108 est:
889 3035 997 3108 00010
1025 3034 1116 3107 0010
1143 3035 1306 3123 00010011,
1336 3034 1522 3128 imaginem
1549 3032 1670 3105 mortis
1691 3033 1856 3118 ferentes,
1886 3052 1943 3104 ex-

410 3157 530 3230 hausti
566 3158 654 3230 fame
682 3161 716 3230 et
744 3157 838 3244 tabe,
875 3153 1028 3244 1011113)
1065 3155 1292 3242 aduenerant3
1330 3161 1467 3230 centum
1500 3155 1578 3244 alii,
1616 3155 1707 3228 inter
1735 3175 1821 3246 quos
1849 3157 1944 3226 erant

411 3277 594 3367 Cruciferi,
623 3279 665 3350 ad
692 3277 910 3350 Karimirum
938 3278 1068 3371 Regem
1088 3298 1124 3351 se
1143 3278 1375 3354 contulerunt.
1406 3277 1556 3350 Sabbato
1572 3277 1603 3365 4)
1631 3280 1710 3368 post
1729 3277 1857 3348 festum
1877 3275 1941 3346 10-

411 3399 621 3492 sumptionis
649 3399 795 3474 Sanctae
823 3398 1009 3488 11011005),
1037 3399 1129 3472 inter
1156 3399 1369 3488 obsidentes,
1401 3402 1522 3490 gentes
1554 3397 1719 3471 uidelicet
1750 3396 1882 3488 regias,
1909 3401 1943 3468 et

411 3523 569 3596 obsessas
596 3526 717 3612 gentes
744 3521 920 3613 Magistri,
950 3521 1040 3593 circa
1067 3521 1288 3613 Marienburg
1320 3541 1444 3612 magna
1472 3518 1650 3592 dimicatio
1674 3522 1806 3606 coorta,
1835 3517 1941 3590 mani-

410 3665 502 3718 000
531 3643 611 3716 10011
638 3642 864 3735 ingentibus
892 3642 1052 3734 Magistri
1080 3648 1245 3735 stragem,
1281 3642 1373 3716 edita
1400 3662 1536 3733 quoque
1569 3641 1694 3714 fuisset
1722 3645 1758 3712 et
1785 3639 1941 3730 amplior,

410 3764 480 3836 nisi
506 3764 624 3856 puluis
652 3764 824 3856 fugientes
853 3763 1012 3836 texisset.
1042 3763 1171 3855 Captus
1200 3769 1314 3837 tamen
1341 3785 1402 3855 par
1428 3767 1549 3856 gentes
1578 3761 1738 3854 Magistri
1765 3766 1850 3836 tunc
1878 3761 1942 3832 fuit

411 3885 465 3958 uir
493 3885 685 3972 00100000,
714 3886 886 3958 Ιο100000
914 3886 1011 3958 Koth
1038 3886 1079 3958 de
1107 3885 1280 3974 Dambno,
1309 3891 1343 3957 et
1371 3885 1461 3957 infra
1488 3884 1642 3955 triduum
1670 3904 1713 3956 ex
1742 3882 1941 3955 vulneribus

410 4012 583 4094 mortuus,
613 4006 696 4096 106)
724 4007 863 4079 Τ10100
895 4009 1044 4096 relatus,
1077 4006 1114 4079 iu
1147 4007 1291 4080 ecclesia
1324 4007 1444 4080 Sancti
1477 4006 1644 4080 Iohannis
1676 4005 1860 4097 Baptistae
1891 4025 1939 4075 so·

409 4129 531 4220 pultus
564 4132 627 4200 est.
666 4127 806 4220 Strages
838 4127 915 4220 ipsa
948 4128 1137 4200 Masovitus
1167 4133 1201 4200 01
1229 4128 1400 4201 Bohemes
1433 4129 1647 4220 transfugas,
1681 4130 1818 4218 praeter
1845 4147 1939 4217 quos,

409 4250 526 4322 nullos
562 4248 650 4322 alios
678 4247 922 4340 stipendiarios
950 4249 1118 4342 Magister
1144 4249 1283 4336 habuit,
1317 4251 1536 4324 uehementer
1567 4247 1771 4340 perterruit,
1805 4253 1840 4320 01
1870 4253 1940 4318 tum

408 4373 473 4444 hac
499 4370 708 4443 infelicitate
735 4371 867 4461 pressi,
907 4377 981 4444 tum
1009 4371 1099 4462 quod
1131 4371 1380 4444 Masonitarum
1412 4371 1613 4463 capitaneus
1646 4369 1852 4462 principalis
1880 4367 1938 4440 Mi-

410 4492 571 4580 caouski,
600 4513 662 4582 pro
682 4495 794 4563 scorto
814 4513 891 4564 cum
912 4491 1075 4564 Bohemis
1094 4491 1310 4583 disceptans,
1335 4492 1581 4565 miserabiliter
1600 4491 1735 4564 occisus
1755 4495 1844 4579 arat,
1864 4489 1939 4562 mit·

409 4617 489 4685 tunt
517 4614 560 4686 ad
586 4613 716 4706 Regem
732 4614 774 4702 ⁷),
803 4618 960 4704 petentes
989 4613 1057 4686 sibi
1084 4613 1235 4706 ignosci,
1256 4619 1290 4686 et
1308 4613 1567 4705 promittentes,
1588 4613 1690 4685 fidem
1710 4615 1855 4686 fractam
1874 4631 1937 4683 ma·

409 4733 556 4806 fioribus
576 4734 771 4807 actionibus
791 4756 828 4807 se
845 4737 1102 4808 reformaturos.
1132 4733 1244 4807 Navis
1271 4735 1414 4826 insuper
1433 4757 1452 4808 a
1471 4734 1714 4808 Gdanensibus
1741 4736 1938 4826 praeparata

514 5270 536 5351 1)
559 5272 672 5333 Auliois
694 5268 757 5334 Ed.
782 5267 871 5354 Lipe.
897 5269 921 5348 2)
945 5271 1085 5332 Ρο100100
1106 5271 1181 5348 Regi
1204 5267 1267 5332 Ea.
1293 5267 1380 5354 Lips.
1406 5269 1430 5349 Β)
1453 5270 1638 5346 lucidiusque
1655 5263 1815 5331 00010.
1833 5265 1935 5347 ⁴)Sab·

406 5379 475 5438 bato
504 5381 602 5436 antem
632 5373 695 5439 Ed.
727 5373 819 5458 Lapa.
851 5373 876 5453 5)
908 5375 1033 5436 Sanctae
1061 5376 1173 5436 Mariae
1202 5375 1333 5452 Virginis
1364 5362 1428 5436 Ed.
1460 5372 1550 5458 Lipa.
1582 5371 1608 5454 ⁰)
1635 5372 1692 5450 Qui
1715 5374 1746 5433 in
1769 5369 1832 5434 Ed.
1855 5368 1935 5454 Lipc.

409 5479 434 5563 ⁷)
457 5479 495 5541 ad
518 5479 692 5542 Gaaimirum
713 5481 825 5559 Regem
846 5477 909 5541 Ed.
932 5476 1023 5563 Lapa.

407 4877 469 4949 per
501 4855 667 4944 Wislam,
701 4856 794 4928 omni
827 4877 937 4930 vacua
967 4856 1215 4949 gubernatore,
1249 4855 1400 4930 demissa
1433 4862 1486 4929 est
1513 4877 1635 4930 versus
1662 4861 1820 4948 pontem,
1848 4855 1935 4928 flan-
2054 4895 2056 4908 ·

407 4999 498 5050 mam
525 4983 605 5051 anta
632 4977 773 5070 ignibus
801 4977 955 5050 adultam
983 4978 1234 5069 praeseferens,
1263 5000 1303 5052 00
1330 4999 1433 5052 causa
1452 4979 1640 5066 instructa,
1670 4982 1842 5070 quatenns
1860 4997 1934 5068 pon·
2054 5033 2056 5096 q
