4152 6270
103 567 159 670 (Α.
178 563 223 638 D.
244 559 374 662 1453.)
515 505 516 509 ¹
606 585 717 638 ereren
743 583 989 638 nuommormus
1016 565 1130 656 (κω).
1167 572 1169 576 ’
1558 502 1637 636 ἱῙ43

101 773 287 850 Alexandri
317 771 546 866 Woyewedee
577 773 772 846 Moldariee
804 773 914 847 allata
947 777 1016 846 est:
1056 770 1395 863 Constantinopolim
1428 770 1638 846 Graecorum

100 897 327 990 metropolim,
356 916 418 988 per
444 896 696 987 Imperatorem
723 897 913 970 'lurcorum
942 898 1079 988 captam
1113 915 1198 969 esse.
1231 893 1436 968 Praedictus
1465 893 1638 986 siquidem

99 1023 281 1094 'lurcorum
308 1019 519 1110 Imperator,
553 1039 642 1090 amno
670 1017 830 1110 proxime
858 1021 1053 1106 transacto,
1086 1019 1295 1111 congregata
1322 1017 1378 1090 sni
1405 1015 1551 1110 Imperii
1576 1037 1636 1109 po-

98 1140 218 1230 tentia,
248 1139 292 1212 ad
320 1137 491 1212 Strictum
518 1138 643 1228 marie,
678 1139 770 1230 quod
798 1139 988 1213 Brachium
1017 1138 1138 1212 Sancti
1166 1138 1307 1232 Georgii
1335 1140 1549 1232 appelletur,
1580 1159 1638 1212 ue-

97 1264 205 1350 niens,
236 1262 323 1334 duas
350 1265 464 1334 turres
491 1259 599 1332 mireo
628 1259 846 1332 tortitudinis
875 1280 918 1332 ex
938 1280 1037 1332 muru
1056 1259 1182 1348 erexit,
1213 1259 1350 1352 iterque
1370 1260 1529 1334 omuibus
1549 1281 1637 1334 men-

96 1383 266 1459 catoribus
293 1383 331 1455 im
360 1381 557 1471 Graeciam,
587 1387 622 1455 et
648 1403 691 1454 ex
720 1381 866 1456 Graecia
898 1381 1062 1456 euntibus
1090 1381 1224 1454 aditum
1252 1381 1466 1458 interclusit.
1495 1381 1636 1455 Pericu-

95 1509 163 1580 lum
190 1505 315 1598 ingens
342 1504 458 1597 parari
486 1502 555 1576 sibi
581 1498 665 1576 urbs
693 1502 1016 1596 Constantinopolis
1050 1501 1268 1596 intelligens,
1304 1502 1497 1577 solicitauit
1528 1503 1638 1576 uariis

94 1627 225 1702 muntiis
254 1626 438 1699 Nicolaum
457 1626 589 1718 Papam
609 1625 786 1717 quintum,
815 1625 1037 1717 Alphonsum
1057 1623 1187 1718 Regem
1208 1624 1350 1698 Siciliae
1370 1628 1404 1698 ct
1423 1626 1635 1718 Aragonum,

94 1751 258 1839 VenetoS,
297 1745 546 1836 Ianucnees1),
585 1751 808 1838 caeterosque
841 1741 956 1840 Reges
989 1750 1024 1820 et
1055 1745 1236 1838 Principes
1268 1745 1566 1835 Christianitatis,
1598 1751 1638 1820 ut

93 1871 263 1945 auxilium
292 1871 380 1943 ferre
408 1874 443 1942 et
465 1868 661 1962 perieulum
685 1868 995 1960 superimpendens
1019 1867 1176 1942 avertere
1194 1868 1437 1962 dignarentur,
1466 1870 1635 1959 futurum,

92 1998 130 2066 nt
157 1991 292 2080 evenit,
320 1992 405 2080 rati,
434 1991 553 2064 urbem
582 1991 942 2083 Constantinopolim,
971 1990 1041 2064 nisi
1069 1994 1184 2066 turres
1212 1990 1250 2063 im
1269 1990 1398 2076 Stricte
1426 1996 1559 2065 erectae
1578 1991 1636 2065 de·
1719 2044 1723 2050 ·

91 2115 296 2217 moliantur,
325 2114 362 2185 im
389 2116 600 2210 potestatem
628 2113 818 2185 Turcorum
845 2112 1084 2186 deventuram.
1118 2111 1185 2186 Sed
1212 2113 1290 2187 Rex
1318 2113 1535 2206 Aregomum,
1565 2135 1635 2186 om-

90 2257 219 2329 nesque
249 2235 524 2308 Communitates
551 2233 696 2324 Italiae,
726 2234 880 2327 propriis
906 2234 1012 2307 bellis
1039 2233 1266 2324 intendendo,
1296 2234 1438 2327 publico
1466 2235 1558 2307 malo
1581 2255 1636 2306 oc·

89 2379 227 2432 currere
255 2379 323 2430 mon
350 2360 524 2449 poterant.
554 2357 687 2430 Purcus
715 2355 834 2448 itaque
861 2355 1053 2430 innumeris
1082 2353 1211 2428 coactis
1238 2355 1392 2448 undique
1416 2356 1541 2448 copiis,
1571 2355 1635 2428 mi·

44 2471 48 2476 ’
87 2480 191 2554 rabili
222 2483 410 2572 apparatu,
439 2458 662 2551 formidoloso
691 2499 769 2552 cum
796 2477 946 2570 impetu,
979 2499 1020 2551 ac
1046 2477 1219 2551 cuniculis
1247 2481 1282 2550 et
1308 2477 1503 2552 latentibus
1531 2477 1636 2560 iussis

88 2601 263 2675 altissime
290 2601 396 2690 actis,
424 2619 549 2692 aggere
580 2600 652 2673 late
681 2599 791 2688 edito,
819 2603 941 2691 ponte,
972 2620 1040 2691 qua
1067 2600 1191 2673 Peram
1216 2599 1381 2692 oppidum
1400 2621 1523 2674 versus
1542 2621 1636 2674 mare

86 2744 204 2796 muros
240 2722 346 2795 alluit
377 2721 492 2810 urbis,
526 2720 760 2814 longitudinis
793 2720 836 2792 ad
863 2721 931 2792 duo
959 2719 1073 2794 millia
1103 2742 1271 2813 passuum
1303 2721 1431 2814 raptim
1460 2726 1634 2812 extructo,

85 2845 245 2918 turribus
273 2843 400 2938 ligneis
429 2865 581 2935 eousque
610 2841 752 2932 erectis,
781 2847 821 2915 ut
849 2864 965 2916 muros
993 2842 1109 2932 urbis,
1139 2843 1200 2936 qui
1226 2843 1392 2916 altissimi
1411 2847 1544 2932 essent,
1574 2865 1634 2917 ex·

85 2967 265 3054 cederent,
303 2965 680 3053 machinamentorum,
705 2969 1040 3057 ¹tormentorumque
1077 2965 1267 3057 multiplici
1303 2965 1461 3039 adhibito
1497 2987 1635 3060 gemere,

84 3095 206 3162 contre
240 3087 331 3160 imita
362 3089 514 3176 foedera,
548 3092 670 3160 eontra
702 3086 962 3176 iusiurandum,
996 3086 1158 3177 liberius,
1189 3090 1225 3160 et
1252 3109 1272 3160 a
1299 3087 1387 3160 mari
1415 3092 1450 3160 et
1477 3109 1497 3160 a
1524 3088 1634 3160 conti-

83 3211 197 3300 nenti,
230 3209 571 3302 Constantinopolim
604 3208 783 3282 obsidione
814 3209 976 3282 vexabat.
1011 3209 1056 3282 Rt
1084 3208 1206 3282 uidens
1233 3208 1439 3282 Patriarcha
1467 3208 1636 3284 constan-

83 3332 361 3425 tinopolitanus,
390 3329 570 3404 civitatem
598 3331 634 3402 in
662 3335 756 3404 arete
785 3351 878 3420 esse,
907 3330 975 3403 iuit
1003 3331 1115 3419 solus,
1146 3331 1306 3423 quamvis
1325 3330 1394 3403 iam
1414 3331 1634 3406 centenarius

81 3461 192 3542 esset,
225 3455 374 3528 Romam
390 3456 436 3527 'et
463 3451 654 3544 Napuliam
682 3452 725 3524 ad
753 3451 1001 3536 solicitamdum
1029 3457 1064 3527 et
1081 3453 1212 3545 Papam
1232 3457 1266 3526 et
1284 3452 1414 3546 Regem
1433 3453 1635 3546 Aragonum

81 3576 122 3648 de
146 3574 408 3662 subveniendo,
438 3575 623 3647 ostendens
642 3574 679 3646 in
698 3577 828 3666 quanto
849 3579 941 3648 esset
959 3573 1114 3666 periculo
1132 3575 1216 3647 urbs
1235 3574 1633 3667 Constantinopolitano.

78 3697 225 3771 Interea
255 3697 338 3768 dum
365 3695 501 3768 tardius
529 3694 644 3768 omnia
672 3694 965 3767 administrantur
996 3699 1123 3788 (meque
1151 3695 1243 3768 enim
1272 3696 1435 3770 Summus
1454 3696 1632 3786 Pontifex,

77 3839 193 3911 neque
223 3819 342 3912 Reges
370 3817 472 3890 Orbis
499 3821 661 3908 poterant
688 3816 869 3908 concipere
896 3817 1052 3890 ardorem
1076 3837 1137 3908 pro
1161 3816 1361 3891 defensione
1380 3817 1560 3907 Graeciae,
1581 3823 1633 3891 at-

77 3943 195 4029 tento,
230 3939 325 4032 quod
351 3943 432 4031 post
459 3940 589 4011 multos
609 3945 769 4030 sumptus
789 3942 824 4012 et
841 3939 979 4012 labores
998 3961 1060 4030 pro
1078 3937 1207 4012 unione
1226 3939 1307 4012 fidei
1326 3939 1481 4030 habitos,
1511 3939 1634 4014 Gracci

75 4061 219 4135 vicibus
255 4061 408 4154 quinque
435 4061 563 4135 unione
596 4065 759 4153 suscepta
786 4060 823 4133 im
849 4060 1012 4154 pluribus
1049 4061 1214 4134 (lenciliis
1247 4063 1290 4134 ad
1317 4060 1352 4133 id
1376 4061 1570 4150 institutis,
1599 4066 1635 4136 et

75 4183 235 4258 divorsis
267 4183 481 4275 temporibus
509 4182 655 4255 Latinos
679 4181 865 4276 quinquies
893 4183 1119 4273 fefellerant),
1152 4184 1285 4257 Turcus
1313 4183 1434 4257 urbem
1462 4183 1632 4276 opprime*

72 4304 146 4378 bat.
187 4305 327 4378 Verum
364 4304 447 4396 quia
474 4309 545 4377 tam
573 4304 782 4378 Graecorum
819 4305 1015 4396 Imperator
1041 4327 1120 4379 cum
1157 4305 1247 4395 suis,
1286 4327 1389 4398 quam
1421 4304 1657 4380 Venetorum.

73 4426 291 4501 Praefectus
319 4425 494 4500 Iohannes
522 4427 564 4500 de
591 4427 707 4500 Aureo
723 4424 754 4517 2)
782 4425 935 4499 uiriliter
952 4426 1179 4517 resistebant,
1210 4427 1342 4500 Turcus
1366 4449 1427 4520 spe
1445 4425 1635 4520 potiundae

72 4549 192 4638 urbis,
236 4549 371 4621 multos
408 4552 552 4620 conatus
585 4569 647 4640 pro
675 4547 750 4621 eius
783 4547 1039 4640 conquisitione
1079 4548 1266 4642 impendit,
1304 4548 1572 4642 bombardisque
1599 4553 1635 4622 et

72 4671 257 4744 arietibus
287 4675 358 4743 tem
385 4673 486 4742 nocte
513 4691 617 4762 quam
645 4669 798 4743 interdiu
823 4691 989 4763 quassare
1007 4692 1124 4744 muros
1143 4693 1212 4744 non
1232 4670 1381 4744 destitit.
1409 4672 1535 4764 Itaque
1554 4691 1632 4746 cum

72 4813 195 4866 muros
226 4795 268 4866 et
294 4795 408 4864 turres
436 4793 528 4864 altus
556 4796 591 4865 et
618 4792 772 4865 munitas
800 4791 958 4865 civitatis
978 4793 1165 4866 stravisset
1183 4797 1218 4866 et
1237 4794 1316 4883 solo,
1330 4797 1533 4885 aequasset,
1562 4794 1630 4865 los-

73 4921 231 5006 sataquc
264 4912 422 4986 ciuitatis
448 4912 672 5005 replevisset,
701 4914 823 4987 urbem
851 4915 975 4986 iontem
1004 4919 1040 4988 et
1066 4914 1320 4989 nobilissimam
1338 4918 1411 4988 tam
1430 4915 1501 4988 situ
1529 4935 1632 5006 quam

71 5036 300 5124 munitione,
329 5034 481 5126 quaein
508 5035 671 5108 uniuerso
704 5036 832 5108 mundo
865 5037 1051 5109 secundem
1078 5057 1148 5108 non
1174 5036 1314 5126 habuit,
1347 5035 1514 5110 uicesima
1541 5056 1632 5108 mona

71 5157 157 5231 llaii
175 5155 223 5248 3),
258 5160 342 5247 post
370 5160 531 5248 quartum
560 5168 593 5230 et
621 5157 949 5250 quinquagesimum
973 5157 1080 5249 diem,
1109 5163 1293 5251 postquam
1312 5157 1410 5231 illem
1432 5177 1632 5250 oppugnare

181 5419 208 5502 ¹)
236 5420 418 5480 Genucnses
440 5414 502 5482 Ed.
526 5414 617 5501 Lipe.
642 5413 669 5498 ²)
692 5419 729 5479 de
751 5417 845 5480 Auria
869 5412 944 5481 Occi.
962 5413 1030 5480 Lis.
1046 5415 1174 5498 (Duria).
1198 5415 1222 5497 3)
1245 5417 1354 5478 mensis
1376 5417 1447 5478 Maii
1462 5412 1525 5478 Ed.
1541 5413 1632 5500 Lips.
