4040 6290
113 567 399 668 (Α.ῠ.1474.)
632 593 745 648 mann
772 595 1018 650 ononnonvus
1046 578 1160 666 (xm).
1595 576 1669 648 60¹9

114 778 285 852 ecclesiae
311 777 481 867 antistes,
510 799 548 852 se
566 777 683 871 ipsum
702 784 738 854 et
756 801 838 854 snos
862 781 1051 854 nonnullos
1078 785 1304 870 mercatores,
1333 780 1395 873 qui
1413 801 1434 853 a
1452 781 1540 856 facie
1558 781 1666 854 Thar-

112 902 271 972 tarorum
298 890 525 993 diffugerant,
553 899 591 973 in
619 901 746 993 oppido
775 921 837 975 suo
856 905 892 975 et
911 921 989 975 arce
1017 901 1261 993 archiepiscoli
1289 903 1468 994 Dunayov
1487 921 1590 995 aegre
1609 906 1666 976 tu·

113 1024 213 1093 tatus
241 1023 304 1094 est.
334 1019 475 1094 Svinlra
501 1020 604 1095 miles
632 1021 843 1094 fortalitium
871 1043 974 1095 sunm
1001 1021 1207 1095 Pomornani
1228 1021 1382 1115 egregio,
1411 1022 1570 1096 nonnisi
1589 1043 1668 1096 cum

112 1159 179 1214 sex
196 1142 371 1233 personis,
392 1141 557 1216 defendit.
585 1142 710 1217 Altera
729 1143 756 1233 ι)
784 1143 934 1216 munitio
953 1141 1173 1232 Lithvinov,
1203 1142 1373 1217 Michaele
1393 1142 1568 1217 Bucnaclri
1586 1163 1666 1217 con-

113 1261 240 1336 sistere
266 1261 304 1335 in
330 1281 371 1335 ea
388 1282 457 1334 non
475 1283 577 1352 auso,
606 1263 825 1336 aihartaris
853 1262 1013 1352 incensa;
1041 1267 1196 1337 castrum
1224 1261 1421 1353 21111111)
1449 1264 1492 1336 ab
1511 1263 1586 1337 illis
1605 1283 1665 1338 ex-

111 1387 325 1475 pugnatum,
352 1383 503 1458 Ducissa
530 1388 649 1476 capta,
679 1385 759 1457 Dux
786 1384 878 1476 ipse,
908 1385 1004 1458 Ivan
1031 1383 1186 1472 nomino,
1215 1384 1338 1458 ridens
1365 1383 1456 1457 arcis
1485 1404 1664 1478 expugna·

113 1503 246 1576 tionem
264 1509 299 1577 et
318 1503 477 1598 coniugis
494 1501 524 1595 3)
555 1505 814 1597 captivitatem,
845 1504 1025 1579 Samsonis
1052 1503 1168 1578 animo
1187 1503 1326 1593 induto,
1347 1504 1384 1578 in
1403 1526 1471 1598 quo
1491 1504 1567 1597 ipse
1586 1525 1666 1578 cum

113 1624 192 1697 suis
219 1625 381 1699 omnibus
407 1629 442 1699 et
468 1625 633 1718 plurimis
661 1627 924 1715 Thartarorum,
952 1626 1022 1699 iam
1049 1645 1163 1699 arcem
1182 1629 1218 1699 et
1236 1629 1351 1699 turres
1379 1625 1455 1700 eius
1485 1625 1665 1718 possiden·

111 1745 226 1835 tibus,
255 1746 391 1820 duobus
418 1750 535 1821 tamen
562 1745 648 1820 filiis
676 1751 711 1821 et
739 1746 873 1820 duabus
903 1745 1043 1820 filiabus
1072 1745 1318 1835 evadentibus,
1346 1746 1507 1820 incendio
1536 1747 1664 1820 contia-

110 1871 193 1960 grat
207 1865 251 1957 4).
280 1866 410 1959 Oaptus
438 1867 506 1941 fuit
533 1868 631 1941 filins
659 1887 744 1940 snus
771 1872 857 1940 natu
886 1865 1015 1954 minen
1045 1867 1106 1939 sed
1133 1887 1225 1940 nnus
1249 1887 1294 1940 or
1313 1867 1491 1941 Ruthenis
1518 1867 1665 1962 agresti·

110 1987 196 2077 bus,
225 1988 308 2061 dum
334 1987 405 2061 iam
436 1988 480 2061 ai
508 1989 756 2062 Thartarornm
789 1989 976 2061 duceretur
1009 1986 1203 2061 exercitum
1235 1987 1416 2080 captivus,
1451 1988 1667 2081 captivatore

113 2107 230 2181 animo
257 2108 355 2182 virili
373 2108 503 2199 occiso,
532 2110 711 2201 captivum
730 2108 872 2201 eripuit.
901 2108 952 2182 De
971 2109 1072 2182 cuius
1091 2107 1265 2182 occisione
1284 2108 1459 2181 maximus
1479 2109 1577 2182 illico
1597 2109 1666 2182 tuit

111 2228 151 2301 in
179 2228 304 2302 castris
331 2230 579 2304 Thartarornm
606 2235 697 2323 (erat
724 2229 818 2304 enim
846 2249 939 2302 uuus
968 2248 1012 2302 ex
1040 2227 1275 2319 Primoribus)
1302 2228 1455 2323 gemitus
1484 2235 1519 2304 et
1546 2229 1663 2302 ulula-

112 2353 184 2422 tus.
221 2350 503 2442 Insequebantur
538 2351 621 2424 illos
657 2356 779 2445 gentes
816 2355 987 2424 terrarum
1023 2349 1206 2438 Podoliae,
1235 2347 1477 2442 Leopoliensis
1516 2353 1551 2424 et
1583 2350 1664 2423 Bol-

114 2469 266 2560 saeneis,
296 2491 374 2544 cum
394 2470 469 2544 suis
489 2471 698 2564 capitaneis,
727 2472 849 2546 Paulo·
863 2470 1030 2545 videlicet
1056 2469 1262 2563 Iasspenski
1288 2470 1403 2564 Regni
1426 2469 1594 2544 Poloniae
1611 2470 1665 2542 vi·

112 2590 389 2682 cethesaurario,
409 2592 609 2683 Belsnensi,
626 2593 807 2686 Raphaele
823 2590 1063 2680 Ioroslavslri,
1084 2590 1293 2685 capitaneis,
1308 2589 1346 2662 in
1360 2611 1429 2664 non
1443 2595 1664 2664 centemnen-

111 2709 196 2784 dum
223 2711 415 2786 exercitum
442 2717 599 2803 teactae,
629 2713 724 2787 ultra
750 2713 1005 2805 Kamyenyecn.
1035 2711 1105 2785 Sed
1132 2709 1312 2784 Thortaris
1331 2710 1368 2783 id
1388 2710 1663 2803 suspicantibus,

111 2831 156 2905 rie
183 2832 258 2906 suis
286 2853 422 2927 queque
448 2833 584 2908 viribus
612 2834 869 2922 diffitentibus,
899 2837 935 2906 et
958 2833 1001 2906 ob
1020 2831 1056 2905 id
1074 2831 1250 2925 pervicaci
1277 2830 1447 2921 transitu,
1477 2830 1663 2906 occidendo

112 2971 215 3026 senos
247 2957 282 3028 et
308 2953 519 3044 imbecilles,
558 2955 643 3030 adeo
674 2959 715 3027 nt
742 2953 969 3028 cadaveribus
1002 2953 1071 3028 iter
1103 2957 1318 3026 constratum
1351 2957 1461 3042 esset,
1491 2957 1526 3026 et
1552 2953 1665 3026 foetor

112 3077 218 3166 atque
244 3075 367 3147 horror
391 3079 640 3168 persequentes
672 3075 896 3150 innausearet
911 3073 954 3164 5),
989 3073 1271 3167 diffugientibus,
1301 3093 1423 3146 cassus
1452 3073 1521 3146 init
1549 3071 1665 3146 omnis

111 3192 405 3286 investigantium
436 3196 550 3286 labor,
583 3196 790 3288 praesertim
822 3200 1007 3288 postquam
1040 3193 1291 3267 Lithuanicum
1320 3193 1532 3282 exercitum,
1562 3192 1662 3266 cuius

110 3313 194 3386 Dux
222 3313 467 3406 (tuarthoryslri
490 3320 524 3388 et
547 3315 721 3388 Martinus
748 3315 1019 3390 Gastolthovicn
1042 3313 1247 3405 capitaneus
1275 3314 1491 3405 Kyoviensis
1519 3314 1661 3388 inerunt

110 3434 290 3524 ductores,
319 3434 356 3507 in
374 3436 530 3528 propria,
558 3435 702 3509 Polonis
734 3457 804 3508 non
831 3435 1043 3528 expectatis,
1077 3433 1253 3526 dilapsum
1287 3455 1380 3525 osso,
1414 3440 1450 3508 et
1476 3435 1663 3527 plerosque

109 3555 279 3628 Poloniae
306 3555 439 3630 milites
467 3556 651 3631 formidine
677 3557 857 3648 perculsos
885 3555 1079 3628 constabat.
1108 3554 1414 3628 Insimnlabantur
1440 3555 1584 3648 iusuper
1602 3553 1661 3626 Li·

109 3675 278 3750 thnaniae
304 3677 467 3766 barones,
496 3697 572 3751 earn
600 3677 750 3767 cladem,
780 3677 887 3749 misso
915 3675 1057 3750 Glinski
1083 3675 1249 3750 Rutheno
1276 3676 1373 3750 Duce
1401 3697 1479 3750 cum
1508 3674 1660 3748 muneri·

109 3795 178 3868 bus
205 3795 248 3869 ad
275 3797 480 3885 Themeres,
509 3797 613 3870 terris
641 3797 793 3871 Russiae
812 3803 847 3870 ot
865 3795 1032 3869 Podoliae
1059 3815 1281 3888 procurasse,
1310 3803 1346 3870 et
1373 3795 1559 3870 Thartaris
1578 3795 1662 3867 dum

108 3911 384 4005 reverterentur,
414 3938 549 3992 omnem
576 3917 857 3991 benevolentiam
883 3915 1121 4008 praestitisse:
1150 3917 1192 3989 de
1221 3938 1289 4009 quo
1317 3917 1423 3991 etiam
1450 3917 1533 3990 illos
1552 3915 1660 3989 Thar-

109 4041 267 4110 tarorum
294 4038 492 4129 Imperator
518 4037 658 4130 publice
686 4042 722 4112 et
748 4037 883 4111 notorie
910 4036 1151 4112 insimulabat.

109 4391 202 4465 ruer
224 4393 352 4466 cruitur
373 4393 585 4466 immittas
607 4393 791 4484 occupatis,
822 4394 864 4465 ai
886 4393 1115 4484 vovevoiam
1137 4391 1308 4466 inachiae
1331 4392 1500 4483 rupertum
1522 4391 1662 4466 mittunt

805 4515 965 4587 nuntium.

214 4759 368 4835 Emersit
398 4760 496 4834 illico
524 4766 560 4834 et
586 4761 683 4834 aliud
716 4783 827 4855 aeque
857 4762 987 4855 gruum
1020 4761 1168 4852 malum,
1201 4781 1265 4854 par
1297 4781 1435 4854 quoque
1462 4759 1657 4834 calamitas.

108 4882 300 4954 ancorum
328 4881 421 4955 enim
449 4881 574 4954 Gaesar
601 4882 806 4956 Mahumeth
833 4903 952 4956 omues
980 4903 1077 4956 arces
1105 4887 1139 4956 et
1158 4881 1372 4956 munitiones
1391 4882 1428 4954 in
1449 4879 1659 4955 Bessara-bia

107 5006 146 5074 et
172 5001 367 5092 Montania,
396 5001 555 5075 tradente
583 5001 652 5074 sibi
678 5003 839 5076 ultronee
871 5002 1102 5076 Bessarabiae
1134 5001 1344 5095 Woyevoia
1370 5002 1571 5090 Radnlone‚
1601 5021 1657 5074 oc·

107 5142 241 5214 cupane
269 5126 305 5196 et
330 5123 368 5195 in
395 5143 495 5195 suam
526 5125 738 5214 potestatem
768 5122 946 5216 redigens,
980 5123 1180 5196 intantum
1212 5123 1330 5197 subito
1356 5120 1592 5216 arrogantiam
1619 5141 1662 5194 se

216 5397 239 5478 ¹)
261 5398 331 5459 Alia
351 5393 415 5460 Ed.
438 5395 530 5482 Lipr.
553 5397 579 5478 1)
602 5399 729 5460 Zberasa
751 5395 816 5462 Ed.
840 5393 931 5482 Lipe.
956 5395 983 5479 ¹)
1006 5398 1141 5478 coniugis
1164 5417 1235 5461 suae
1257 5395 1320 5462 Ed.
1338 5395 1428 5482 Lipr.
1452 5394 1479 5476 ⁴)
1494 5396 1658 5473 conflagra-

106 5502 160 5566 vit
183 5498 246 5564 Ed.
269 5499 361 5586 Dipo.
385 5498 409 5582 ³)
434 5501 588 5564 invaderet
609 5497 673 5564 Ed.
696 5499 786 5584 Lipr.

133 5652 473 5705 supramemoratam
487 5653 515 5696 v.
1451 5635 1484 5691 ii
