4152 6270
121 581 186 682 (Α.
207 581 251 657 D.
272 579 399 681 1452.)
633 607 746 659 uranu
772 533 1017 660 nuouncnrus
1044 589 1158 678 (x111).
1595 593 1668 664 119

119 790 270 864 iusmodi
297 789 473 864 versutias
502 795 537 864 et
563 792 707 883 laqueos
727 791 902 865 evaderet.
931 791 1098 865 Reversis
1117 796 1235 865 autem
1254 794 1434 868 Thartaris
1454 797 1496 868 ad
1515 797 1668 888 propria,

118 913 264 984 barones
292 911 520 1000 Lithuaniae,
554 911 761 1004 intorques
790 912 1003 1004 principales
1035 917 1119 985 tunc
1147 917 1246 986 erant
1274 913 1505 988 Gasthovdue
1533 922 1568 990 et
1595 918 1668 990 Mc·

118 1032 239 1120 niuid,
268 1032 431 1104 nuntium
451 1032 637 1125 specialem
657 1033 897 1105 Radwilonem
917 1033 945 1122 1)
973 1033 1210 1106 Hostikowicn
1230 1034 1274 1105 ad
1292 1035 1542 1126 Imperatorem
1561 1037 1668 1111 Thar-

117 1159 273 1226 tarorum
301 1153 534 1226 Sadachmeth
562 1175 640 1227 cnm
667 1153 830 1245 pluribus
857 1153 1060 1226 muneribus
1089 1153 1265 1226 variarum
1293 1157 1524 1230 maneriarum
1552 1163 1667 1232 trans·

118 1275 280 1362 mittunt,
310 1273 371 1364 qui
399 1277 434 1346 et
460 1274 593 1366 gratias
620 1295 682 1366 pro
711 1275 908 1347 vastatione
936 1275 973 1347 in
1001 1273 1104 1347 terris
1132 1275 1246 1368 Regni
1270 1277 1437 1350 Poloniae
1462 1280 1554 1352 lacta
1572 1285 1666 1372 agat,

118 1401 152 1469 et
179 1395 296 1487 ipsum
324 1394 447 1467 incitet
475 1400 510 1468 et
537 1394 683 1483 animet,
712 1400 817 1486 atque
845 1395 1064 1486 deprecetur,
1093 1401 1134 1467 ut
1161 1396 1410 1488 impressiones
1429 1399 1576 1472 maiores
1596 1405 1665 1473 tor-

116 1517 166 1589 ris
194 1516 309 1609 Regni
338 1516 449 1588 lacere
476 1537 546 1588 non
574 1516 734 1589 desistat.
762 1516 896 1589 Fidelis
916 1521 1032 1589 autem
1052 1517 1163 1606 Deua,
1193 1517 1253 1608 qui
1272 1519 1440 1609 populum
1460 1541 1562 1592 suum
1581 1525 1666 1594 tunc
1708 1509 1710 1514 ’

116 1637 283 1728 dignatus
311 1642 365 1710 est
392 1636 547 1727 aspicere
575 1641 610 1708 et
637 1635 785 1709 consilia
816 1636 1072 1709 Lithuanorum
1103 1658 1212 1729 prava
1238 1637 1426 1730 dissipare,
1455 1640 1665 1731 potentiam·

116 1779 184 1850 que
221 1762 416 1830 conterrere
453 1758 712 1830 Thartarorum.
756 1757 1018 1848 Quamprimum
1055 1758 1147 1830 enim
1183 1760 1362 1848 praefatus
1401 1759 1583 1851 Rodvi12)
1622 1762 1666 1833 ad

117 1878 311 1952 exercitum
340 1878 590 1966 Sadachmeth,
619 1879 655 1950 in
675 1878 930 1968 campestribus
949 1883 1125 1970 agentem,
1154 1879 1318 1966 accessit,
1347 1879 1444 1953 illico
1463 1885 1583 1953 contra
1603 1879 1664 1953 Sa-

115 1999 303 2072 dochmeth
335 1999 427 2070 alius
460 1999 655 2089 Imperator
687 1999 845 2091 Renigeri
861 1997 891 2088 ³)
923 1999 1043 2070 irruit:
1076 2004 1112 2070 et
1139 2019 1326 2092 congressu
1359 2002 1466 2088 facto,
1500 2001 1667 2074 acerrime

114 2119 199 2191 hinc
226 2119 308 2192 inde
334 2119 537 2210 pugnando,
568 2118 801 2191 Sadachmeth
828 2118 1002 2190 contritus
1030 2123 1065 2191 et
1092 2119 1208 2191 victus
1238 2125 1307 2208 est,
1337 2125 1371 2194 et
1398 2121 1505 2192 multi
1532 2105 1693 2194 cecide-⁵

114 2245 198 2311 runt
226 2239 414 2312 interfecti.
444 2237 631 2311 Exercitus
659 2239 772 2310 omnis
801 2238 1035 2310 Sadachmeth
1062 2239 1098 2310 in
1126 2243 1336 2330 potestatem
1367 2241 1526 2334 Roaigeri
1554 2241 1663 2314 venit.

115 2360 397 2448 Sadachmeth4)
431 2361 513 2451 fuga
541 2380 577 2431 se
606 2359 759 2431 salvavit
787 2364 821 2431 et
849 2358 886 2430 in
913 2358 1139 2432 Lithuaniam
1170 2361 1342 2454 perfugit:
1379 2361 1441 2434 ubi
1468 2382 1530 2452 per
1557 2361 1664 2433 Kari-

114 2481 244 2553 mirum
271 2481 403 2572 Regem
419 2479 462 2569 ⁵),
492 2485 576 2552 tuuc
603 2479 680 2552 illic
707 2484 882 2572 agentem,
917 2501 960 2552 en
988 2482 1070 2571 iuga
1102 2485 1287 2573 susceptus
1314 2487 1349 2555 et
1376 2483 1480 2555 rebus
1507 2501 1665 2554 necessa-

113 2602 179 2674 riis
208 2604 303 2674 fotus
331 2607 366 2674 et
391 2606 569 2674 recreatus
593 2605 657 2672 est.
685 2599 824 2674 Radvil
838 2599 870 2689 ⁶)
899 2621 979 2672 vero
998 2600 1145 2673 nuntius
1164 2601 1436 2691 Lithuanorum,
1466 2601 1548 2694 quia
1567 2602 1665 2675 tarde

113 2723 325 2814 requisitus,
355 2742 498 2794 munera
525 2721 651 2794 victori
678 2720 838 2814 Ecuigeri
856 2725 1079 2812 praesentare
1102 2721 1260 2811 distulit,
1288 2745 1350 2814 per
1377 2722 1570 2796 exercitum
1590 2723 1665 2795 eius

113 2845 149 2916 in
178 2845 343 2937 praedam
372 2843 571 2936 expositus,
600 2843 715 2915 omnia
743 2842 913 2934 perdidit,
942 2847 977 2914 et
996 2842 1033 2915 in
1053 2864 1181 2916 morem
1209 2843 1357 2916 latronis
1385 2847 1524 2935 captus,
1553 2843 1664 2916 nuda·

114 2973 244 3057 tusqus
271 2965 434 3056 pluribus
463 2963 658 3055 opprobriis
679 2963 864 3036 subiacuit.
894 2963 962 3036 Sed
982 2969 1016 3036 et
1035 2963 1111 3054 ipse
1131 2963 1363 3037 Sadachmeth
1382 2968 1453 3035 tam
1472 2963 1664 3052 Karimiro,

113 3109 220 3180 quam
249 3085 437 3158 Lithuanis
457 3090 641 3176 suspectus
670 3105 746 3157 esse
774 3085 997 3157 vehementer
1024 3084 1152 3176 coepit:
1192 3088 1404 3176 quapropter
1440 3105 1518 3156 cum
1551 3083 1660 3157 omni-

113 3208 180 3282 bus
208 3207 295 3280 filiis
323 3211 356 3280 et
385 3205 529 3278 familiis
546 3205 588 3295 ⁷),
618 3205 679 3297 qui
707 3210 741 3278 st
768 3225 856 3297 quae
884 3225 1001 3276 secum
1028 3204 1065 3276 in
1092 3204 1336 3294 Lithuaniam,
1365 3204 1467 3297 quasi
1486 3205 1530 3276 ad
1547 3208 1664 3276 tutum

112 3328 333 3402 domicilium
361 3327 592 3415 diverterant,
622 3326 785 3398 mandato
805 3325 979 3397 Karimiri
997 3325 1105 3417 Regis
1125 3329 1160 3398 et
1177 3325 1433 3397 Lithuanorum
1457 3329 1580 3416 captus
1612 3328 1666 3398 est

113 3455 148 3523 et
168 3449 207 3521 in
226 3448 370 3522 vincula
396 3447 590 3536 coniectus,
619 3468 687 3539 quo
715 3446 889 3536 Rcuigeri,
923 3445 1036 3518 hostis
1065 3467 1165 3534 suus,
1194 3445 1231 3518 in
1259 3445 1427 3519 tenaciori
1459 3445 1535 3518 fide·
1554 3445 1664 3518 conti·

112 3575 269 3643 nerctur.
304 3570 358 3641 Ex
386 3569 539 3642 vinculis
572 3573 688 3641 autem
719 3569 917 3654 relaxatus,
950 3567 987 3638 in
1014 3563 1151 3638 Kouno
1180 3587 1258 3638 cum
1287 3565 1448 3639 omnibus
1476 3565 1550 3638 suis
1576 3566 1664 3640 rele-

111 3697 219 3783 gatus
248 3695 318 3763 est:
347 3689 410 3762 ubi
435 3694 642 3782 perpetuum
669 3710 776 3782 agens
805 3687 968 3776 exilium,
997 3687 1035 3759 in
1062 3687 1255 3788 miserabili
1283 3691 1424 3761 senecta
1451 3693 1486 3760 et
1512 3686 1587 3758 vita
1605 3686 1663 3759 de·

111 3833 218 3904 gens,
248 3811 538 3903 quemadmodum
570 3810 696 3884 misero
728 3808 864 3881 homini
898 3813 933 3880 et
959 3808 1105 3881 barbaro
1138 3807 1382 3898 conveniebat,
1415 3807 1666 3880 miserabiliter

113 3932 304 4005 defunctus
332 3937 395 4004 est.

152 4287 333 4360 Fridoricns
355 4285 565 4358 Romanomm
587 4285 657 4360 Rex
678 4287 853 4376 inperialis
876 4304 1015 4358 coronae
1038 4286 1145 4375 gratia
1166 4285 1296 4357 Romam
1318 4287 1424 4372 venit,
1447 4284 1625 4359 llediolano

311 4407 477 4497 neglecto,
500 4407 534 4478 in
557 4424 620 4496 quo
643 4423 761 4478 corona
784 4407 926 4479 secunda
949 4407 1095 4478 coronari
1118 4408 1229 4479 solent
1249 4407 1473 4496 lmperatores.

219 4655 421 4728 Fridoricus
440 4655 675 4728 Romanorum
703 4657 795 4741 Rex,
825 4676 902 4728 cum
931 4655 1172 4748 suscipiendae
1199 4677 1344 4730 coronae
1372 4656 1566 4748 imperialis
1584 4677 1662 4750 gra·

112 4778 165 4852 tia
193 4778 340 4850 Romam
368 4797 405 4848 se
430 4777 620 4849 transferre
648 4777 848 4864 statuisset,
877 4776 920 4848 ab
947 4776 1143 4868 Hungaris‚
1173 4777 1339 4850 Bohemis
1367 4782 1402 4850 et
1420 4777 1660 4866 Australibus,

112 4898 336 4986 Ladislaum,
367 4897 450 4969 olim
474 4897 614 4969 Alberti
634 4898 835 4990 Hungariae
860 4901 894 4970 et
912 4897 1101 4970 Bohemiae
1119 4897 1227 4990 Regis
1246 4897 1359 4971 filium
1377 4897 1603 4990 posthumum
1618 4897 1662 4987 θ),

223 5209 246 5288 ¹)
268 5209 474 5270 Radiuilonem
496 5205 559 5268 Ed.
582 5203 673 5290 Lips.
706 5203 730 5284 ²)
753 5206 880 5266 Radiwil
906 5202 969 5266 Ec.
995 5203 1085 5288 Lips.
1118 5204 1142 5282 ³)
1166 5207 1375 5284 Eczczigicreij
1401 5197 1478 5268 Coa.
1502 5201 1569 5266 Lis.
1593 5203 1663 5283 (Ha-

113 5312 303 5392 ddi-Gieraj).
335 5309 362 5390 ⁴)
385 5311 582 5372 Sadachmcth
601 5329 671 5371 vero
695 5307 758 5373 Ea.
783 5307 876 5392 Lipa.
909 5307 934 5388 ⁶)
956 5310 1098 5370 Poloniae
1127 5311 1238 5386 Regem
1269 5297 1333 5370 Ed.
1366 5306 1456 5392 Lips.
1489 5305 1515 5388 ⁶)
1538 5289 1664 5368 Radiwil

113 5415 178 5477 Ed.
203 5413 294 5498 Lapa.
328 5413 441 5494 ⁷)cum
471 5415 637 5475 hominibus
667 5413 785 5474 famulis
808 5419 838 5474 et
859 5415 927 5472 filiis
959 5407 1035 5474 Cod.
1062 5409 1129 5473 Lis.
1162 5410 1187 5493 ⁸)
1212 5413 1281 5472 olim
1303 5413 1418 5474 Alberti
1440 5412 1611 5486 Hungariac
1634 5415 1663 5470 et

112 5521 275 5582 Bohemiac
297 5518 387 5598 Regis
409 5519 500 5580 filium
523 5517 709 5596 posthumum
732 5514 847 5579 desunt
869 5515 905 5578 ia
929 5511 1004 5579 Coc.
1030 5510 1118 5578 Colo.
