4046 6278
87 530 163 630 (Α.
183 532 228 608 D.
249 529 377 630 1415.)
594 535 723 608 6666
749 539 994 609 6616666666
1023 537 1136 628 (rur).
1572 531 1646 611 417

89 740 300 816 16616166
330 745 448 833 666166
480 745 691 815 convenerat
717 741 755 814 in
782 742 901 836 Nerga
932 741 1037 830 villa,
1071 742 1164 815 inter
1194 761 1288 815 6666
1317 745 1353 815 61
1379 743 1510 832 lacum,
1545 735 1647 836 6666

89 861 226 934 fluvius
245 861 362 935 Wisla
388 863 612 955 ingressurus
640 883 751 950 6666,
780 861 936 952 conticit,
975 862 1059 952 6116,
1089 863 1206 936 diaeta
1232 861 1353 936 habita
1382 869 1451 937 est:
1481 865 1648 957 adquam

92 981 274 1055 Stihorius
307 983 350 1056 16
382 984 521 1075 Baysen
557 982 769 1076 gubernator
806 981 988 1072 Prussiae,
1027 983 1170 1057 Gabriel
1201 984 1380 1075 palatinus
1417 985 1646 1074 Ohelmensia,

88 1101 245 1176 Iacobus
271 1103 314 1178 de
342 1103 517 1192 Schadelr,
547 1103 722 1176 Iohannes
749 1102 945 1196 Dlugosch,
974 1103 1139 1177 Oanonici
1166 1103 1428 1196 066666166666,
1457 1106 1541 1179 1166
1561 1106 1647 1179 Oen·

90 1223 193 1296 66166
226 1223 410 1297 ciuitatum
443 1224 656 1312 Odanensis,
690 1224 928 1297 'lhorunensis
962 1229 997 1297 et
1028 1224 1272 1318 Mlbingensis,
1306 1247 1369 1318 pro
1402 1231 1501 1319 66616
1533 1227 1648 1320 regia;

87 1363 157 1434 pro
186 1349 285 1435 parte
314 1365 394 1417 vero
422 1343 648 1434 Oruciierica‚
678 1343 1547 1436 (1661666166Μ611666616116666166611666166,
1576 1347 1646 1420 Lu-

88 1463 217 1536 bertus
245 1464 287 1536 de
314 1464 516 1556 Merschepn
543 1465 809 1538 Oemmendator
836 1466 877 1538 de
905 1465 1050 1554 Goldin,
1078 1465 1261 1554 Livonita,
1295 1489 1372 1540 cum
1400 1469 1536 1541 duobus
1565 1468 1647 1540 aliis

87 1583 299 1674 cruciferis,
327 1585 564 1678 Flagronibus
590 1567 757 1659 Prussiae
776 1585 818 1658 de
838 1586 949 1678 Balga
977 1591 1012 1658 61
1040 1586 1216 1679 Regnota,
1246 1607 1324 1659 eum
1351 1588 1473 1679 paucis
1502 1588 1646 1680 quibus·

88 1703 175 1776 dem
199 1705 414 1777 militaribus
433 1710 468 1778 et
486 1705 623 1778 civibus
643 1706 684 1779 de
704 1705 1129 1799 Kinsbergadrenerant,
1150 1693 1342 1780 Wilhelmo
1363 1708 1530 1781 Schindel
1549 1708 1647 1781 Oom·

87 1826 295 1898 mandatore
323 1826 600 1900 Hostherodensi
620 1828 647 1916 ¹)
674 1828 717 1900 16
744 1827 894 1900 Lironiu
920 1847 982 1918 per
1008 1831 1141 1918 pestem
1162 1832 1272 1900 morte
1292 1827 1496 1920 intercepto.
1526 1829 1648 1921 Ooepit

88 1949 213 2018 autem
240 1966 322 2037 6666
349 1945 559 2019 Oruciieriea
587 1946 809 2020 euidentibus
838 1947 1041 2040 ambagibus
1070 1953 1105 2020 61
1132 1949 1276 2020 venenis
1296 1948 1332 2020 in
1352 1949 1534 2021 tractanda
1562 1969 1646 2040 paee

86 2064 161 2138 uti.
190 2065 324 2139 Mathia
351 2066 524 2158 siquidem
558 2068 717 2140 Buchsne
749 2067 863 2140 milite
896 2073 931 2141 61
959 2067 1107 2161 Georgia
1145 2068 1362 2160 Sthenepeth
1399 2067 1567 2160 magistro
1596 2068 1644 2140 ci-

87 2185 193 2257 vium
220 2186 263 2260 de
290 2186 484 2280 Kinsberg,
520 2188 581 2279 qui
609 2187 646 2260 in
673 2187 913 2279 superioribus
945 2187 1073 2260 diaetis
1107 2209 1236 2280 aequas
1269 2187 1486 2261 conditiones
1514 2189 1557 2260 ad
1585 2210 1645 2280 pa-

88 2325 170 2378 cem
197 2305 403 2396 afferebant,
432 2313 468 2380 61
495 2307 689 2383 cruciferos
722 2309 766 2380 ad
793 2309 876 2381 11166
910 2309 1150 2400 666616166166
1183 2328 1407 2400 magnopere,
1441 2308 1646 2380 denuntiate

87 2426 267 2517 periculo,
297 2427 328 2502 si
355 2428 564 2519 abnuerent,
594 2434 794 2522 coegerant,
819 2434 918 2521 peste
937 2429 1151 2522 absumptis,
1172 2430 1361 2521 apparebat
1380 2429 1574 2502 Oruciieros
1593 2429 1646 2501 ni-

87 2546 149 2618 hil
176 2548 318 2622 salubre
345 2549 388 2622 ad
415 2569 536 2641 pacem
564 2550 746 2623 allaturos.
781 2550 906 2642 Itaque
933 2550 969 2621 in
997 2549 1186 2642 primordio
1214 2554 1428 2622 tractatuum
1456 2570 1518 2640 per
1546 2570 1644 2642 erga·

86 2689 179 2739 num
216 2668 386 2761 Stephani
417 2670 629 2762 presbyteri,
668 2669 752 2742 olim
785 2669 1011 2762 Elbingensis
1043 2670 1201 2762 plebani,
1235 2671 1339 2763 longo
1371 2690 1528 2742 sermone
1565 2690 1647 2761 6666

88 2787 305 2862 Oruciferica
336 2811 416 2880 666,
450 2791 659 2882 6666661666
691 2790 786 2883 parti
817 2789 949 2883 regiae,
984 2790 1048 2864 sub
1081 2791 1281 2882 praesentia
1308 2791 1413 2862 Pauli
1440 2790 1650 2883 Legendorff
1742 2839 1744 2844 -

89 2909 200 2982 electi
227 2914 262 2982 et
289 2911 484 2984 confirmati
513 2911 745 2999 Varmiensie‚
776 2932 878 3002 quem
905 2911 998 3002 parti
1026 2911 1168 3004 utrique
1186 2932 1247 3002 pro
1268 2911 1475 2998 mediatore,
1506 2931 1574 3002 quo
1594 2912 1643 2981 1-

89 3028 201 3101 611166
228 3035 346 3121 666166
374 3032 571 3104 6661166661
598 3036 757 3124 possent,
786 3032 913 3105 habers
941 3032 1091 3123 placuit,
1120 3031 1249 3123 coepit:
1280 3035 1452 3122 quatenus
1482 3031 1646 3104 satietate

88 3149 183 3222 belli
211 3150 398 3242 aliquando
426 3152 576 3244 expleti,
605 3173 725 3244 paoem
753 3152 963 3244 cogitarent,
993 3151 1293 3243 secessionemque
1318 3152 1452 3244 eRege
1479 3150 1645 3222 Peloriae

89 3269 139 3341 61
168 3271 375 3364 Magistrum
403 3277 438 3346 et
466 3272 630 3346 Ordinem
657 3275 827 3362 facerent,
855 3294 918 3346 nec
945 3277 1150 3364 paterentur
1168 3277 1295 3359 166666,
1324 3292 1433 3364 genus
1454 3277 1489 3344 61
1507 3272 1644 3364 lingua-

88 3390 193 3482 ginm
220 3392 468 3466 Almannicnm
495 3416 516 3466 a
543 3394 639 3487 Rege
667 3400 701 3468 61
728 3399 831 3488 gente
859 3394 1045 3467 Slaronica
1073 3393 1335 3484 subpeditatum
1364 3392 1421 3464 iri.
1451 3392 1489 3464 Si
1509 3413 1645 3484 quoquo

88 3511 185 3603 ipsis
213 3512 410 3602 colliberet,
438 3535 508 3587 non
535 3514 686 3588 abnuere
714 3514 921 3608 Magistrum
949 3520 984 3586 et
1011 3514 1191 3602 Ordinem,
1224 3517 1264 3585 ut
1291 3513 1458 3585 Ρ6166166
1486 3511 1576 3604 Regi
1603 3513 1645 3584 de

89 3632 216 3724 aliqua
243 3639 415 3706 terrarum
442 3635 541 3708 fieret
568 3634 690 3708 cessio.
724 3635 983 3709 Refellentibus
1015 3638 1131 3708 autem
1161 3634 1391 3726 gubernatore
1418 3637 1454 3705 et
1482 3631 1644 3704 consilia-

86 3752 161 3826 riis
188 3754 269 3826 aliis
295 3755 402 3847 regiis
430 3755 664 3829 conditionem
691 3760 764 3829 166
792 3755 972 3844 66111166,
1002 3759 1036 3828 61
1054 3755 1152 3846 66166
1173 3775 1210 3828 66
1229 3758 1374 3826 666166
1396 3757 1430 3824 61
1450 3751 1565 3824 66616
1584 3773 1643 3825 ex·

89 3879 208 3948 trema
234 3895 415 3966 passuros,
444 3897 548 3968 quiam
576 3876 708 3969 Regem
736 3880 771 3949 61
794 3875 1141 3968 RegnnmPoloniae
1161 3876 1377 3962 1666616666,
1407 3872 1565 3945 6666161
1584 3893 1644 3944 ro-

88 3985 298 4068 ciferatione
325 3995 581 4086 astruentibus,
610 4017 691 4088 pars
711 3996 921 4070 Oruciierica
939 3997 1067 4068 iterum
1086 3995 1207 4069 offerre
1221 3995 1357 4086 coepit:
1387 4000 1560 4085 quatenus
1580 3993 1642 4064 mi-

87 4115 218 4190 litares
237 4122 272 4190 61
286 4115 381 4190 cives
400 4117 566 4190 Prussiae
583 4118 870 4210 gubernationem
889 4117 1030 4190 Ordinis
1048 4138 1110 4209 pro
1129 4115 1349 4188 dimidietate
1360 4114 1391 4204 2)
1411 4119 1644 4202 assumerent3

89 4237 240 4309 Fratres
267 4237 513 4310 16Ρ6666166
540 4259 602 4329 666
630 4238 818 4311 medietate
835 4259 878 4310 ex
896 4239 1001 4310 166616
1028 4233 1399 4325 1666616666166113)
1427 4256 1644 4308 666666666-

89 4361 173 4444 166;
206 4357 368 4431 moderno
402 4377 539 4450 qnoque
571 4358 739 4451 Magistro
772 4359 950 4432 Ludovico
983 4359 1148 4447 obeunte,
1183 4356 1418 4430 Prutlrenicus
1452 4357 1576 4428 Frater
1608 4355 1645 4427 in

89 4476 320 4570 Magistrum,
350 4497 418 4570 quo
445 4478 645 4570 absumpto,
674 4479 921 4568 Admonemus,
951 4478 1133 4570 66661666
1161 4478 1353 4550 6116666166
1381 4483 1547 4569 66666166
1566 4496 1643 4548 suc-

91 4597 269 4672 cederent.
299 4597 374 4690 Qua
402 4597 577 4672 oblatione
603 4599 803 4692 repudiata,
833 4599 955 4672 6116666
974 4597 1096 4671 111166
1116 4597 1303 4687 sustinuit,
1328 4603 1368 4669 ut
1387 4597 1520 4670 6111166
1540 4599 1576 4669 61
1594 4595 1643 4668 ci-

90 4739 161 4792 ves
187 4717 353 4791 Prussiae
381 4717 521 4811 singula
549 4724 664 4792 eastra
692 4725 726 4791 et
754 4719 916 4793 civitates
945 4719 981 4790 in
1009 4719 1178 4792 ditionem
1207 4740 1305 4790 suam
1333 4721 1537 4809 perpetuam
1554 4715 1642 4789 reci·

88 4843 236 4934 perent,
269 4839 411 4913 066666
443 4839 682 4912 1661666616
714 4844 749 4913 61
775 4839 934 4912 habitum
967 4843 1201 4926 assumerent,
1236 4845 1271 4911 et
1303 4837 1470 4930 Magistro
1503 4836 1643 4909 Ordinis

89 4960 328 5036 nihilominus
356 4959 567 5034 obedierant.
597 4960 666 5034 Sed
693 4981 771 5033 eum
800 4961 883 5033 haec
911 4960 1063 5033 conditio
1083 4982 1103 5031 a
1121 4963 1221 5052 parte
1244 4957 1341 5051 regia
1359 4957 1580 5047 irrideretur,
1609 4962 1644 5030 61

87 5080 314 5174 intelligeret
328 5081 360 5170 ⁴)
388 5079 522 5154 animos
549 5079 661 5172 partis
687 5081 803 5173 regiae
830 5084 1031 5154 constantes
1059 5085 1094 5153 61
1120 5081 1288 5153 161666166
1307 5099 1399 5168 6666,
1428 5076 1644 5151 66611116666

207 5354 231 5435 ¹)
254 5355 467 5418 Oatherodenai
489 5351 552 5416 Ea.
576 5351 666 5437 Lipe.
690 5351 717 5438 ²)
740 5373 793 5432 pro
815 5354 973 5416 medietate
996 5351 1058 5417 Ed.
1077 5351 1167 5436 Lipa.
1192 5353 1216 5432 ³)
1232 5353 1365 5413 oriundis
1380 5347 1444 5412 Ed.
1461 5348 1554 5433 Lipe.
1572 5347 1599 5430 ⁴)
1615 5357 1646 5411 et

87 5460 298 5536 inteMigerent
319 5455 383 5522 Ed.
407 5456 501 5542 Lipc.
1350 5470 1352 5477 ·

119 5609 507 5662 animm-unornane
995 5619 999 5626 ·
1436 5587 1471 5641 53
