4052 6286
83 529 158 629 (Α.
176 529 222 606 n.
243 530 374 629 1481.)
609 552 722 608 omne
748 553 993 608 oeconomus
1020 535 1134 624 (xm).
1569 533 1643 609 485

86 737 208 812 millia
228 738 517 832 percussoribus,
547 742 737 812 struxerat.
771 738 819 812 Hi
852 759 988 827 omues,
1016 737 1079 813 die
1111 739 1257 814 Sabbati
1288 737 1403 833 prima
1430 739 1586 836 Augusti
1605 741 1644 829 ¹),

93 858 181 932 data
209 858 406 949 audientia,
435 859 543 932 variis
572 859 679 948 dolis,
708 858 975 952 iniquitatibus,
999 859 1161 949 astutiis,
1181 860 1362 935 frondibus
1390 865 1425 935 et
1443 861 1647 950 mendaciis,

86 979 220 1070 quibus
247 979 440 1055 Ecclesiam
469 979 536 1054 Dei
562 985 598 1054 et
617 979 778 1054 Summos
807 979 997 1054 Pontifices
1016 979 1187 1074 Georgius
1214 981 1257 1056 de
1275 981 1550 1071 Posnduebrath,
1578 981 1645 1057 cir-

86 1099 286 1187 cumuenit,
320 1100 448 1174 fefellit
476 1105 511 1175 et
537 1100 690 1194 decepit,
724 1100 914 1190 enarratis,
946 1101 1115 1194 producto
1149 1101 1332 1176 electionis
1365 1101 1518 1192 decreto,
1548 1106 1644 1195 pete·

86 1219 178 1293 baut
204 1219 308 1294 Pauli
322 1219 354 1310 ²)
382 1220 517 1294 Summi
544 1221 727 1296 Pontificio
754 1221 910 1296 nomine:
939 1228 980 1295 ut
1006 1221 1209 1296 Karimirus
1233 1221 1400 1296 Poloniae
1419 1224 1515 1311 Rex,
1545 1222 1647 1295 iuxta

85 1341 291 1414 unanimem
323 1341 545 1432 electionem,
578 1343 621 1416 de
655 1363 694 1416 co
722 1343 881 1436 Iglaviae
912 1365 974 1436 per
1005 1344 1152 1416 boronus
1186 1343 1374 1417 Bohemiee
1408 1343 1450 1416 de
1483 1345 1646 1416 mandato

88 1460 230 1534 Summi
256 1461 439 1536 Pontificio
467 1463 693 1551 celebratam,
722 1464 883 1557 Regnum
911 1463 1099 1538 Bohemiee
1126 1483 1188 1556 per
1215 1485 1253 1538 se
1278 1465 1337 1536 vol
1354 1484 1417 1556 per
1434 1463 1548 1536 filium
1568 1485 1644 1538 sus·

87 1581 217 1674 cipiet:
246 1582 375 1655 solatia
389 1580 421 1671 3)
448 1603 510 1675 pro
538 1583 781 1676 consequenda
807 1583 972 1672 victoria,
1002 1589 1037 1657 et
1063 1582 1180 1677 Papae
1199 1588 1234 1658 et
1252 1583 1497 1677 Imperatoris,
1519 1588 1554 1658 et
1572 1605 1643 1657 om·

86 1701 192 1774 nium
218 1701 423 1794 Principum
450 1702 677 1789 Almauniae,
706 1703 792 1780 item
819 1703 1024 1796 Principum
1052 1705 1202 1793 Slesiae,
1233 1705 1320 1778 item
1349 1705 1503 1778 omnium
1521 1704 1645 1779 (lutho-

86 1821 241 1896 licorum
255 1822 288 1912 4)
325 1821 528 1911 Bohemiee,
566 1823 743 1898 Morariae
776 1827 812 1896 at
842 1823 1027 1912 Lusatiae,
1066 1823 1127 1918 qui
1160 1825 1309 1919 Georgio
1325 1825 1356 1915 ὃ)
1389 1826 1433 1898 ad
1461 1823 1647 1918 imperium

89 1942 211 2034 Papae
238 1942 389 2031 deserto,
418 1941 661 2034 Principalum
688 1941 863 2016 Kanimiri
889 1943 999 2037 Regis
1014 1943 1046 2033 θ)
1073 1944 1318 2019 ardentissime
1336 1945 1555 2035 desiderunt,
1584 1945 1644 2017 he·

88 2062 245 2136 bilorna.
274 2063 459 2158 Regebant
486 2063 626 2153 deinde,
654 2070 696 2137 ut
722 2063 924 2138 Kanimirus
951 2065 1029 2138 Rex
1046 2065 1077 2154 7)
1102 2059 1293 2159 'Georgium
1320 2066 1362 2140 de
1389 2064 1648 2139 Posndnebrath

87 2205 207 2276 neque
233 2185 429 2260 nominaret
456 2186 604 2278 Regem,
633 2205 745 2276 neque
773 2188 933 2273 teneret,
954 2185 1015 2257 sed
1041 2186 1219 2278 relapsum
1246 2185 1478 2273 haereticum,
1507 2190 1542 2260 et
1560 2185 1645 2259 (len-

89 2325 196 2378 suras
223 2309 343 2378 contro
375 2326 454 2379 cum
487 2305 643 2380 decretas
676 2304 820 2397 exequi,
853 2306 1066 2398 (trucemque
1093 2311 1128 2378 et
1149 2306 1352 2399 passagium
1383 2304 1578 2399 praedicuri
1610 2304 1647 2377 in

87 2425 216 2518 Regno
242 2426 409 2500 Poloniae
437 2431 472 2500 et
499 2425 674 2499 Dominiis
702 2425 734 2500 ei
762 2425 931 2499 subiectis
958 2423 1189 2518 permitteret.
1218 2427 1392 2500 Produxit
1416 2431 1451 2500 ot
1469 2431 1554 2499 tunc
1572 2427 1646 2499 Ru·

89 2544 247 2637 delphus
260 2546 293 2636 ⁶)
320 2547 537 2639 apostolicus
563 2547 719 2640 Legatos
747 2545 834 2619 dnus
853 2547 1064 2638 apostolicus
1083 2546 1217 2641 bulles3
1246 2547 1451 2640 inquorum
1469 2567 1556 2634 una,
1577 2545 1647 2618 sibi

88 2665 193 2758 pacis
224 2666 459 2742 Prntbenicee
494 2666 726 2754 confirmatio,
764 2667 803 2739 in
835 2667 946 2740 altere
977 2667 1209 2741 censurarum
1242 2671 1277 2741 et
1308 2665 1495 2741 Interdioti
1526 2669 1648 2739 contra

89 2785 268 2861 militares
286 2792 321 2861 et
340 2786 435 2861 ciues
462 2786 644 2876 Prussiae,
664 2808 726 2880 per
743 2787 919 2860 Romanos
946 2787 1152 2876 Pontifices,
1181 2788 1275 2880 quod
1292 2788 1336 2861 ab
1356 2786 1554 2862 obediontia
1572 2787 1644 2862 lla·

87 2905 201 3000 gistri
227 2911 262 2980 et
289 2907 430 2981 Ordinis
457 2907 695 2997 desciverant,
723 2908 892 2996 latarum,
921 2907 1223 2998 conditionaliter,
1251 2908 1283 2981 si
1305 2907 1471 2981 videlicet
1488 2905 1645 2980 Kanimi·

87 3047 157 3100 rus
184 3028 351 3102 Poloniae
377 3029 456 3103 Rex
482 3049 545 3122 per
571 3049 609 3102 se
635 3030 695 3103 nel
720 3049 784 3121 por
802 3028 914 3102 filium
942 3029 1103 3122 Regnum
1131 3027 1319 3104 Bohemiee
1344 3027 1556 3120 susciperet,
1584 3032 1648 3100 ant

89 3147 347 3240 suscipientem
362 3149 598 3224 effectualiter
616 3148 816 3238 adiuvaret,
844 3148 1076 3223 mandabatur
1095 3149 1261 3224 sublatio.
1290 3150 1389 3222 Tulit
1407 3150 1554 3222 molesto
1572 3148 1645 3221 Ka·

89 3267 241 3342 nimirus
269 3270 347 3344 Rex
362 3269 394 3360 9)
422 3274 457 3344 et
485 3270 678 3344 consiliarii
714 3269 948 3343 conditionem
979 3269 1017 3342 in
1044 3269 1160 3344 litoris
1198 3269 1402 3362 apostolicis
1435 3269 1644 3362 appositum,

88 3389 299 3483 intelligens
327 3411 371 3464 ex
398 3391 463 3464 illa
490 3396 525 3464 et
551 3390 648 3483 pacis
676 3389 909 3464 Pruthonicao
937 3387 1093 3464 ordinem
1115 3391 1297 3465 turbetnm
1316 3390 1377 3479 iri,
1407 3394 1443 3463 et
1462 3411 1499 3463 so
1516 3389 1554 3463 in
1572 3389 1644 3462 bel·

85 3510 170 3582 lum
189 3509 430 3599 Budenicum,
450 3510 597 3584 uixdum
614 3509 829 3584 Protheuioo
857 3511 1095 3602 perfunctum,
1126 3510 1236 3600 trabi3
1264 3531 1336 3585 rem
1357 3512 1402 3602 ¹⁰)
1430 3515 1548 3583 tamen
1566 3529 1646 3583 cou-

88 3628 181 3702 silio
207 3631 379 3721 permisit.
409 3632 460 3704 De
487 3652 556 3724 qua
582 3636 622 3704 ut
649 3630 819 3704 maturior
836 3631 971 3723 captori
988 3636 1108 3724 posset
1126 3631 1349 3722 deliberatio,
1380 3631 1647 3706 conventionem

87 3751 311 3844 generalem,
339 3773 401 3843 pro
429 3751 486 3826 dio
513 3751 634 3825 Sancti
660 3751 843 3824 Laurentii
870 3751 963 3844 apud
990 3752 1127 3825 Novam
1150 3753 1336 3827 diritatem
1364 3751 1518 3826 Korcuin
1536 3751 1646 3824 indic·

87 3875 187 3959 tam,
219 3871 403 3945 attendens
430 3873 507 3945 loca
534 3871 651 3946 vicina
677 3875 777 3964 peste
805 3871 991 3963 epidimiae
1019 3871 1149 3946 inlecta
1176 3893 1267 3961 esse,
1302 3871 1503 3946 cracoviam
1532 3875 1645 3945 trane·

86 3989 199 4078 tulit,
218 3991 280 4064 ubi
299 3991 333 4065 e't
351 3992 572 4066 consiliarios
591 3991 734 4066 Maioris
752 3992 920 4066 Poloniae
938 3993 982 4065 ad
1002 3993 1101 4066 illam
1129 3993 1310 4067 venientes
1338 3993 1500 4066 accedere
1527 3991 1646 4065 iussit.

89 4110 182 4202 Qui,
218 4133 296 4185 cum
328 4111 463 4185 diutius
495 4113 717 4204 praestolati,
756 4113 944 4187 tredecima
971 4113 1126 4206 Augusti
1146 4115 1190 4204 ¹¹)
1219 4113 1460 4202 advenissent,
1490 4119 1525 4188 et
1544 4132 1649 4205 snper

89 4215 308 4323 acceptando
336 4233 457 4326 Regno
486 4233 674 4307 Bohemiee
696 4233 877 4306 assiduum
902 4239 1078 4308 teneretur
1095 4255 1203 4327 prope
1222 4255 1340 4308 mense
1359 4255 1427 4306 uno
1446 4232 1646 4321 consilium,
1710 4319 1712 4324 ,

89 4373 163 4426 nee
184 4353 271 4425 satis
298 4356 491 4442 constaret,
521 4355 618 4446 quali
645 4375 811 4447 responso
838 4354 1008 4427 utendum
1036 4361 1145 4444 esset,
1174 4376 1236 4448 per
1263 4355 1354 4448 quod
1373 4376 1416 4428 ne
1444 4356 1522 4428 Rex
1549 4358 1585 4427 et
1603 4351 1648 4442 ¹¹)

89 4472 166 4546 filii
193 4472 248 4546 sui
276 4494 296 4545 a
323 4473 398 4547 iure
425 4474 540 4567 Regni
568 4475 774 4548 excederent
793 4471 849 4563 13),
878 4495 942 4548 nce
969 4475 1006 4547 in
1033 4475 1258 4548 manifestum
1285 4475 1388 4564 belli,
1417 4475 1509 4566 quod
1527 4493 1647 4566 accep·

92 4593 231 4666 tatione
259 4595 351 4668 lacta
370 4594 415 4682 ¹⁴)
443 4593 664 4681 imminebat,
699 4593 879 4668 ueniretur
911 4594 1116 4684 discrimen,
1150 4596 1290 4668 tandem
1317 4595 1374 4668 die
1401 4593 1565 4682 Veneris,
1594 4593 1646 4666 ui·

207 4937 230 5018 ¹)
252 4939 361 5000 mensis
391 4939 519 5016 Augusti
547 4933 612 4998 md.
643 4934 734 5020 Lipe.
766 4934 792 5022 ²)
816 4939 901 4999 Pauli
924 4938 1046 5001 secundi
1076 4934 1141 5000 md.
1162 4936 1251 5022 Lipa.
1284 4936 1310 5016 ³)
1333 4938 1445 4999 auxilia
1469 4933 1533 4998 Ed.
1558 4934 1648 5020 Dipo.

94 5039 126 5118 4)
150 5041 366 5103 Catholicorum
387 5043 537 5103 Baronnm
559 5039 622 5103 Ed.
646 5037 736 5123 Dipo.
762 5039 787 5120 ⁵)
803 5040 933 5118 Georgio
952 5041 1181 5103 Posdniebrackl
1196 5038 1260 5104 md.
1286 5037 1379 5123 [ripa.
1394 5037 1422 5118 ο)
1437 5040 1578 5101 Poloniae
1592 5039 1649 5101 Re·

93 5145 146 5222 gis
169 5139 232 5206 Ed.
256 5141 349 5226 Lips.
374 5141 399 5221 ⁷)
422 5145 563 5206 Poloniae
586 5145 649 5205 Rex
671 5141 733 5205 Ed.
758 5139 848 5226 Lipe.
870 5143 897 5220 8)
914 5143 1089 5221 Rndolphus
1105 5145 1262 5222 episcopus
1277 5143 1462 5204 Levautinus
1478 5139 1540 5204 Ed.
1557 5138 1648 5224 Lipe.

94 5245 130 5324 ⁹)
150 5248 291 5308 Poloniae
313 5247 377 5308 Rex
398 5244 461 5309 Ed.
486 5245 576 5330 Lips.
605 5246 644 5326 ¹⁰)
667 5247 760 5321 Quem
783 5243 845 5308 ud.
869 5244 960 5329 Lipe.
989 5245 1027 5326 ¹¹)
1050 5248 1210 5309 tredecima
1232 5247 1280 5307 die
1303 5246 1413 5307 mensis
1437 5245 1563 5322 Augusti
1585 5241 1649 5307 Ed.

93 5335 191 5433 Ιιίρε.
219 5347 256 5426 ¹²)
279 5368 335 5412 uec
357 5349 518 5412 Oesimirus
540 5349 618 5429 Rex,
641 5368 696 5411 nec
718 5346 781 5411 Ed.
809 5346 895 5431 Lips.
925 5347 963 5428 ¹³)
985 5349 1080 5426 Regni
1103 5349 1263 5410 Bohemiee
1286 5349 1456 5410 exciderent
1477 5343 1540 5410 ud.
1558 5343 1647 5429 [προ.

101 5449 144 5532 ¹⁴)
166 5455 196 5513 in
219 5453 421 5531 acceptetionc
442 5454 578 5516 iacienda
600 5449 663 5516 ud.
687 5448 777 5536 Lipe.
