4264 6280
411 512 459 583 24
916 531 1029 586 nunna
1055 528 1299 588 nuonncmrus
1327 511 1441 606 (nur).
1677 511 1743 614 (Α.
1764 514 1809 590 D.
1830 511 1958 614 1446.)

409 717 690 790 cracoviensium
716 717 971 805 referebantur,
1000 717 1250 791 deliberatione
1276 717 1413 806 habita,
1442 718 1553 810 parti,
1582 740 1670 810 quae
1696 721 1828 794 Ducem
1847 723 1955 796 Kaui-

408 837 534 909 mirum
573 839 609 910 in
645 839 776 930 Regem
808 838 1056 910 assumendum
1092 838 1255 911 censebat
1274 841 1313 928 ¹),
1348 839 1505 912 Boleslai
1520 837 1551 927 2)
1584 839 1753 912 electione
1789 862 1859 913 non
1896 843 1955 915 ob-

408 961 540 1046 stante,
569 979 698 1030 merem
725 963 868 1050 gerunt,
898 961 933 1029 et
960 958 1231 1052 potestatesibi
1258 958 1446 1046 attributa,
1480 959 1610 1031 Ducem
1643 960 1855 1034 Lithuanicc
1881 961 1955 1033 Ka·

407 1075 568 1148 nimirum
603 1077 704 1150 novis
742 1077 870 1148 studiis
899 1080 933 1150 ct
959 1077 1112 1165 nuntiis,
1150 1099 1213 1169 pro
1246 1077 1410 1151 evitando
1447 1077 1546 1150 civili
1577 1078 1688 1168 bello,
1722 1083 1763 1150 ut
1795 1081 1955 1173 Regnum

407 1195 575 1269 Poloniae
602 1201 773 1288 acceptet,
803 1196 1051 1270 solicitandum
1078 1198 1284 1286 decernunt,
1314 1199 1512 1288 festumque
1541 1198 1661 1271 Sancti
1689 1199 1870 1274 Michaelis
1889 1221 1953 1291 pro

407 1315 637 1388 conventione
663 1315 819 1408 generali
846 1316 883 1387 in
912 1316 1038 1407 oppido
1067 1318 1228 1389 Parczow
1256 1317 1493 1405 constituunt,
1528 1317 1807 1410 denuntiantque
1844 1319 1952 1392 Kaui-

407 1433 495 1506 miro
522 1435 733 1508 Lithuaniae
761 1435 867 1524 Duri,
896 1439 937 1506 ut
963 1435 1051 1508 illuc
1078 1436 1212 1523 veniat,
1241 1436 1299 1507 rel
1326 1435 1357 1506 si
1377 1435 1412 1506 id
1432 1435 1617 1507 molestum
1637 1442 1745 1526 esset,
1766 1458 1809 1510 ox
1829 1439 1953 1512 Brucs-

407 1573 465 1625 cuc
480 1552 510 1642 3)
539 1555 767 1627 Ruthcnicali
795 1555 831 1626 in
859 1555 947 1627 villa
973 1555 1162 1628 Polubicuc
1190 1555 1247 1627 vel
1274 1554 1432 1642 Lomani,
1462 1555 1625 1627 velutin
1653 1557 1729 1628 loco
1757 1557 1849 1630 inter
1867 1559 1952 1630 Par·

407 1695 497 1745 cuou
525 1678 559 1746 et
587 1676 754 1747 Brucsoze
769 1675 799 1764 4)
828 1674 956 1761 medio,
984 1675 1168 1747 convenire
1197 1695 1275 1746 cum
1302 1673 1469 1764 praelatis
1498 1677 1533 1747 ct
1559 1674 1748 1748 baronibus
1785 1677 1953 1750 Poloniae

406 1813 476 1864 non
503 1794 672 1886 negligat.
701 1795 768 1866 His
795 1793 847 1866 ita
873 1795 911 1865 in
938 1794 1030 1866 Kolo
1058 1794 1259 1886 compositis
1276 1794 1318 1884 5),
1348 1799 1383 1866 et
1409 1793 1600 1884 legatione,
1634 1815 1722 1886 quae
1750 1797 1793 1868 ad
1820 1797 1954 1869 Ducem

407 1913 609 1985 Bolesleum
642 1913 818 1986 Masoviae
850 1914 1053 2004 perimenda
1085 1919 1175 2002 crat,
1213 1913 1396 2005 impedita,
1435 1912 1506 1984 alia
1539 1913 1645 1986 etiam
1677 1916 1862 1988 conventio
1889 1939 1955 2010 pro

406 2031 509 2104 terris
538 2033 759 2106 cracoviensi
786 2038 821 2105 et
848 2033 1014 2121 Rumina,
1044 2033 1081 2105 in
1104 2033 1205 2105 Nova
1223 2033 1374 2105 Ciuitate
1393 2032 1563 2121 Korcuin,
1591 2054 1654 2124 pro
1674 2035 1761 2108 festo
1781 2037 1953 2126 Assump-

405 2151 513 2224 tionis
541 2152 689 2226 Sanctae
716 2153 846 2226 Mariae
861 2152 893 2241 6)
921 2151 1105 2224 indicitur:
1139 2158 1180 2224 ut
1206 2153 1243 2225 iu
1269 2152 1468 2244 praesentia
1500 2152 1651 2244 Sophiae
1684 2155 1839 2246 Reginae
1867 2156 1952 2228 faci-

405 2270 476 2343 lius
504 2271 680 2345 deeretum
708 2272 745 2344 in
772 2273 863 2344 Kolo
894 2281 1032 2364 ceptum
1061 2272 1274 2346 stabiliatur.
1313 2273 1371 2345 Ibi
1408 2292 1546 2364 quoquc
1573 2273 1862 2347 conuenientibus
1889 2275 1950 2347 ba-

404 2391 547 2463 ronibus
576 2395 703 2484 (neque
732 2391 823 2463 enim
846 2391 1007 2483 pontifex
1026 2391 1156 2484 aliquis
1176 2392 1311 2480 aderat,
1341 2392 1402 2464 sed
1421 2395 1456 2463 et
1476 2391 1665 2481 Sbigueum
1685 2393 1951 2467 cracoviensem

405 2510 622 2602 episcopum,
651 2511 862 2599 reveniret,
891 2511 1037 2584 adversa
1062 2511 1219 2584 valitudo
1251 2510 1489 2603 impediebat),
1524 2511 1676 2585 feciliter
1706 2513 1950 2587 universorum

404 2651 591 2719 consensu,
621 2631 820 2704 solicitante
847 2631 978 2722 Sophia
1004 2631 1140 2722 Regina
1171 2635 1206 2702 et
1233 2635 1305 2702 tam
1332 2629 1493 2720 precibus
1522 2650 1625 2720 quam
1653 2632 1808 2704 lacrimis
1840 2654 1947 2724 expc-

403 2755 514 2838 tcnte,
543 2772 587 2823 ne
614 2773 683 2823 uno
711 2751 783 2823 lilio
811 2754 963 2838 mortuo,
993 2751 1103 2822 altero
1128 2749 1373 2841 aPrincipatu
1392 2748 1505 2840 Regni
1524 2750 1683 2839 excluso,
1713 2753 1831 2825 orbam
1849 2752 1950 2825 illum

402 2874 552 2962 utroque
579 2870 748 2959 officiant,
778 2870 904 2942 animis
932 2869 1086 2942 omnium
1113 2869 1150 2941 in
1178 2868 1452 2942 misericordiam
1471 2867 1599 2956 versis,
1620 2872 1796 2944 conclusio
1815 2873 1947 2946 Kelen-

404 2990 453 3062 sis
481 2995 623 3082 accepta
651 2994 720 3062 est:
750 3011 790 3062 ea
808 2993 925 3061 tamen
945 2990 1082 3062 cantela
1101 2989 1275 3077 adhibita,
1303 2993 1343 3060 ut
1362 2989 1457 3060 Duce
1476 2987 1656 3062 Kauimiro
1676 2993 1949 3082 acceptationem

403 3110 518 3202 Regni
548 3111 606 3183 vel
632 3110 830 3198 differente,
863 3109 921 3182 rel
947 3113 1131 3197 renuente,
1166 3109 1274 3181 Ducis
1308 3108 1483 3180 Maeoniae
1516 3108 1673 3182 Boleslai
1705 3112 1846 3200 electio,
1881 3112 1949 3185 cir-

403 3229 625 3321 cumscriptis
649 3231 914 3322 quibuscunque
933 3229 1140 3318 obstaculis,
1171 3251 1273 3301 sunm
1293 3229 1461 3301 sortiatur
1479 3247 1701 3320 progressum
1721 3236 1756 3304 et
1774 3231 1949 3322 effectum,

402 3369 480 3421 cum
509 3349 627 3432 illum,
658 3370 736 3440 spes
764 3371 833 3422 non
861 3350 1024 3442 ambigua
1051 3349 1115 3438 sit,
1144 3355 1179 3422 et
1206 3349 1441 3422 defensionem
1468 3367 1530 3440 pro
1559 3349 1711 3443 singulis
1739 3352 1852 3444 Regni
1879 3353 1948 3424 Po-

402 3469 517 3542 loniae
544 3469 615 3542 oris
644 3469 901 3560 oppositurum,
931 3474 966 3542 et
984 3469 1240 3542 Lithuanorum
1259 3473 1390 3557 motus,
1411 3490 1489 3542 cum
1507 3469 1630 3543 robore
1649 3467 1765 3564 Regni
1784 3477 1819 3544 ct
1837 3473 1950 3544 Ducis

402 3589 583 3662 Michaelis
611 3589 829 3677 assistentia,
859 3589 920 3680 qui
947 3589 1124 3680 privatuS,
1153 3589 1228 3662 illis
1255 3611 1374 3681 parem
1402 3591 1458 3662 vel
1486 3591 1699 3683 superiorem
1732 3612 1769 3664 se
1796 3592 1948 3684 praesti·

401 3707 523 3798 iisset,
553 3709 656 3782 focile
684 3731 974 3802 compressurum.

628 4061 711 4132 loru
733 4060 884 4132 kazimiri
907 4059 1068 4132 baroniae
1090 4061 1185 4132 bacis
1208 4065 1243 4133 ot
1265 4061 1387 4133 bomini
1410 4063 1517 4132 terrm
1539 4061 1712 4134 llelrenrir.

504 4306 634 4398 Quarta
662 4306 795 4380 decima
822 4306 952 4380 mensis
981 4307 1212 4399 Septembris,
1241 4307 1442 4380 Kauimirus
1471 4307 1646 4381 Masoviae
1670 4309 1752 4380 Dux
1771 4313 1807 4382 et
1824 4311 1945 4382 Domi-

399 4448 466 4497 nns
493 4431 577 4499 tunc
604 4431 717 4499 terrae
745 4427 942 4515 Belsensis,
970 4428 1007 4499 in
1034 4432 1128 4500 terra
1155 4428 1369 4516 thlmensi,
1399 4449 1506 4519 prope
1533 4428 1657 4501 sillam
1684 4429 1812 4502 Micuin
1828 4431 1871 4519 ⁷),
1902 4431 1945 4503 ab

400 4545 564 4637 epidimia
594 4551 679 4618 tunc
706 4567 809 4638 quam
837 4548 988 4619 maxime
1016 4553 1190 4639 serpente,
1219 4548 1301 4619 dum
1328 4569 1390 4638 per
1417 4547 1583 4639 oppidum
1614 4551 1869 4642 Krasnysthaw
1899 4572 1943 4624 cx

399 4665 557 4737 Maronia
587 4665 654 4738 iret
685 4667 722 4737 in
755 4667 855 4754 Belo,
889 4672 1068 4758 correptus
1101 4667 1205 4754 obiit,
1249 4672 1283 4740 ct
1310 4667 1347 4739 in
1374 4668 1536 4740 Ploccnsi
1569 4669 1716 4742 ecclesia
1753 4670 1943 4761 sepelitur:

399 4785 499 4856 nulla
525 4787 622 4876 prole
650 4806 694 4858 cx
722 4785 867 4878 coniuge
895 4807 958 4857 sua
985 4787 1154 4880 Helvigi,
1183 4788 1258 4860 filia
1287 4787 1464 4860 Vincentii
1495 4789 1537 4860 de
1566 4788 1784 4861 Schamotuli
1816 4791 1943 4862 castel-

398 4905 472 4977 lani
491 4905 827 4994 hliedairuecnensis,
846 4906 986 4996 relicta,
1016 4929 1120 4998 quam
1147 4929 1237 4979 enno
1257 4909 1391 4996 eodem,
1425 4908 1481 4980 die
1509 4908 1618 4996 Solis,
1647 4909 1814 4982 vicesima
1842 4915 1946 4982 sexta

506 5195 529 5276 ¹)
552 5198 692 5258 censebat
715 5193 799 5258 dccet
820 5195 857 5257 irc
882 5190 956 5258 Ood.
983 5191 1071 5257 Calo.
1097 5192 1123 5275 ῃ)
1146 5195 1274 5256 Boleslai
1297 5197 1448 5256 Maeoniae
1470 5197 1563 5256 Ducis
1585 5193 1647 5258 Ed.
1673 5193 1761 5279 Lipc.
1794 5197 1945 5277 ³)Brzes·

398 5317 470 5376 czye
492 5296 556 5366 Ed.
580 5297 670 5382 Lipr.
703 5295 732 5377 ⁴)
755 5299 920 5374 Brzesczye
942 5295 1004 5360 Ed.
1029 5295 1116 5380 Labe.
1151 5296 1177 5378 5)
1199 5300 1358 5375 propositis
1381 5295 1444 5360 Ea.
1473 5295 1562 5381 Liprc.
1593 5296 1619 5374 θ)
1642 5318 1697 5376 pro
1718 5299 1794 5360 festo
1817 5301 1944 5362 Sanctae

397 5403 509 5463 Mariae
531 5403 663 5478 Virginis
684 5399 747 5463 Ed.
772 5399 862 5482 Lips.
888 5398 914 5481 7)
936 5401 1061 5462 Mieccin
1085 5397 1161 5463 Coc.
1183 5398 1292 5464 Przaz.
1316 5401 1402 5462 Miczi
1424 5397 1486 5462 Ed.
1506 5398 1592 5482 Lips.
