4126 6280
890 591 1004 666 urgan
1030 594 1275 664 uuouuorprus
1303 575 1417 666 (ntur).
1651 571 1717 674 (Α
1738 572 1785 666 Β,
1806 547 1937 669 1658.)

828 1027 1040 1148 ANNUS
1078 1027 1308 1145 DOMINI
1342 1027 1483 1146 1458.

706 1269 858 1367 oppidum
880 1270 1086 1375 lgrlovioro
1109 1287 1207 1369 quoto
1229 1273 1607 1360 18188881888811188.

487 1523 741 1601 Solennitatem
773 1525 914 1603 Natalis
947 1525 1080 1599 Christi
1112 1523 1196 1598 anni
1227 1525 1394 1617 praefati,
1429 1525 1632 1599 Karimirus
1660 1526 1738 1598 Rex
1766 1525 1937 1598 Poloniae

383 1647 421 1720 in
444 1646 546 1720 Nova
571 1647 723 1721 Ciuitate
750 1667 829 1720 oum
856 1652 967 1728 matre
986 1668 1051 1719 888
1069 1647 1202 1738 Sophia
1220 1646 1356 1739 Regina
1374 1646 1527 1735 seniore,
1556 1645 1799 1738 Praelatisque
1818 1651 1856 1718 et
1873 1646 1935 1720 ba-

383 1767 528 1841 ronibus
555 1767 784 1860 primoribus,
814 1767 1016 1844 celebrauit.
1045 1766 1169 1859 Neque
1197 1767 1289 1840 euim
1308 1767 1486 1860 expeditio
1505 1788 1621 1841 rerum
1639 1767 1862 1859 publioarum
1881 1767 1935 1839 in-

384 1891 437 1962 fra
463 1889 537 1962 dies
567 1890 693 1962 festum
723 1889 853 1964 Christi
880 1889 1142 1986 praecedentes,
1172 1889 1355 1980 provenire
1382 1894 1535 1980 poterat,
1564 1889 1624 1964 sed
1652 1889 1868 1981 cogebantur
1892 1888 1938 1959 ad

384 2009 467 2082 illas
496 2009 532 2081 in
560 2009 683 2083 diebus
711 2011 839 2084 festum
867 2009 998 2088 Christi
1027 2009 1338 2100 subsequentibus,
1368 2009 1543 2086 inaurare.
1576 2009 1696 2086 118188
1724 2014 1843 2085 autern
1871 2031 1938 2100 pu·

385 2129 1005 2224 11181818888811888888881118,
1040 2129 1420 2222 osuauoninensisque
1440 2130 1467 2219 ¹)
1500 2135 1612 2206 terrae
1645 2129 1841 2218 nobilibus,
1875 2129 1939 2220 qui

385 2273 447 2345 per
473 2253 592 2326 hostes
620 2251 810 2344 plurimum
839 2251 971 2338 attriti,
1000 2249 1227 2342 depressique
1255 2258 1370 2337 erant,
1400 2271 1553 2344 congrua
1580 2251 1781 2342 provisione
1810 2257 1848 2322 et
1868 2252 1937 2324 lar-

385 2373 518 2468 gitione
545 2373 686 2460 8888118,
716 2372 918 2450 Karimirus
946 2373 1022 2449 lter
1052 2371 1251 2446 cunensium
1285 2372 1372 2446 feria
1404 2373 1546 2463 quinta,
1581 2372 1618 2446 iu
1648 2373 1802 2446 erastino
1831 2373 1939 2444 Inuo-

344 2545 346 2550 -
386 2498 542 2583 eentum,
571 2493 724 2566 aduenit.
754 2493 826 2573 Sub
854 2493 955 2570 ouius
983 2493 1197 2585 praeseutia,
1227 2493 1310 2568 dum
1336 2495 1456 2569 hostes
1484 2493 1714 2566 olaudestiuis
1747 2493 1941 2566 itineribus

387 2637 432 2690 ex
460 2614 547 2688 18818
584 2614 820 2694 incastellatis
856 2616 1025 2689 Zebrarro
1052 2619 1087 2689 et
1114 2615 1311 2705 Wopisuuu
1337 2636 1437 2707 gnra,
1476 2613 1642 2706 oppidum
1670 2613 1941 2706 118818818881)

387 2734 561 2830 aggressi,
599 2733 853 2824 incendissent,
890 2735 990 2808 missi
1018 2737 1195 2828 extemplo
1232 2733 1459 2824 8881888881)
1495 2735 1584 2828 regii
1620 2735 1759 2827 aliquos
1788 2757 1835 2810 ox
1864 2736 1941 2808 illis

388 2855 703 2949 eomprehendam,
732 2857 871 2950 aliquos
900 2856 1079 2946 oooidnnt,
1112 2857 1240 2931 eaeteri
1268 2857 1305 2932 iu
1334 2856 1503 2932 silvarum
1536 2855 1687 2932 latibula
1718 2856 1941 2943 dilabuutur,

389 2984 425 3053 et
450 2977 578 3076 praeda
606 2977 719 3054 omnis
746 2977 822 3056 illis
850 2982 904 3054 est
931 2983 1058 3074 erepta.

422 3341 602 3416 [88188888
624 3340 693 3415 dex
716 3343 792 3438 port
813 3340 937 3415 811188
958 3339 1098 3418 udan
1121 3339 1218 3429 18818
1240 3339 1274 3410 iu
1296 3339 1490 3428 18888188
1513 3339 1549 3413 rt
1571 3337 1754 3414 1181881888
1777 3336 1911 3424 lagatus

910 3461 1030 3548 unior,
1053 3460 1198 3540 8811888
1220 3459 1422 3549 1188881118.

493 3715 597 3789 Faria
624 3719 749 3808 quarta
776 3715 905 3803 88181)
938 3711 1214 3805 Epiphaniamm
1242 3709 1350 3794 diem,
1385 3705 1588 3779 Karimirus
1621 3703 1746 3791 11885)
1775 3703 1943 3776 Craooria

392 3857 569 3930 egressus,
598 3837 635 3908 in
663 3835 918 3914 Sandomiriam
947 3832 1142 3918 contendit,
1171 3837 1206 3904 et
1234 3830 1310 3902 illie
1337 3825 1556 3920 Epiphaniae
1583 3825 1641 3898 die
1664 3825 1857 3910 eelebrato,
1886 3845 1942 3894 so-

392 3958 549 4049 lutisque
577 3962 612 4028 et
639 3955 727 4032 sotis
756 3955 916 4047 exequiis
950 3955 985 4026 in
1018 3955 1185 4040 salutem,
1220 3951 1325 4024 deous
1355 3955 1389 4022 ot
1417 3945 1617 4020 memoriam
1650 3944 1808 4018 Ladislai
1840 3944 1942 4016 Hun-

391 4079 510 4172 gariae
537 4083 572 4152 et
598 4077 787 4155 Bohemiae
816 4075 939 4168 Regis,
969 4076 1004 4146 in
1034 4071 1259 4146 Lithuaniam
1283 4091 1360 4143 eum
1386 4072 1545 4143 oonsorte
1573 4065 1757 4140 Elisabeth
1785 4063 1942 4148 transiit,

392 4207 428 4273 ot
454 4199 531 4274 illio
559 4204 697 4290 tempus
725 4219 826 4276 omne
853 4195 980 4268 hiemis
1009 4195 1138 4287 exegit.
1176 4194 1222 4265 Et
1250 4211 1448 4282 quanquam
1479 4208 1587 4279 prope
1615 4187 1770 4260 81881888
1798 4206 1855 4258 res
1882 4207 1943 4256 uo·

392 4323 549 4407 babetur,
578 4326 696 4392 tamen
736 4339 805 4390 nou
833 4318 876 4390 ab
903 4337 940 4389 re
968 4337 1045 4388 8888
1074 4319 1108 4386 81
1135 4313 1224 4406 Regi
1253 4317 1286 4384 et
1313 4307 1526 4383 oousiliariis
1564 4307 1678 4380 risum
1716 4311 1785 4392 est,
1823 4312 1865 4376 ut
1901 4305 1945 4378 ad

393 4448 582 4534 utrumque
610 4441 787 4532 Regnum,
817 4437 1020 4530 Hungariae
1052 4434 1219 4508 videlieet
1253 4439 1290 4506 et
1327 4429 1531 4516 Bohemiae,
1566 4425 1676 4520 legati
1708 4426 1943 4500 mitterentur.

394 4563 541 4636 luerunt
568 4561 687 4652 itaque
715 4559 758 4630 ad
786 4559 973 4648 Huugaros
1002 4555 1194 4627 Krueslaus
1222 4547 1943 4644 1181881811(88888888888881188888188-

395 4683 463 4770 818,
491 4681 535 4756 81
555 4681 728 4754 Bohemos
747 4700 828 4751 vero
857 4677 1027 4750 Nioolans
1055 4671 1383 4761 018888818881811)
1411 4668 1575 4742 tribunus
1595 4668 1855 4754 Crotoniensis
1884 4667 1943 4738 ad-

394 4801 563 4880 monituri
590 4807 775 4892 ntrosque,
804 4805 844 4872 ut
871 4797 1108 4884 meminerint,
1142 4794 1234 4878 nulli
1263 4792 1345 4880 8111,
1378 4812 1484 4882 quarn
1518 4789 1697 4876 Kuuimiro
1726 4787 1815 4881 Regi
1844 4789 1943 4859 8111-

394 4923 454 4998 1118
483 4921 557 4995 8818
585 4920 622 4993 18
650 4918 783 5012 Regnis
811 4918 867 4994 ius
894 4922 1101 5010 8888881888.
1131 4917 1186 4994 Ab
1213 4913 1375 5004 utrisque
1390 4912 1422 5000 ⁷)
1450 4931 1573 5002 parum
1600 4909 1722 5001 aequis
1751 4907 1864 4984 auditi
1883 4929 1943 4986 au·

393 5044 508 5134 ribus,
537 5064 615 5117 oum
643 5039 784 5131 utrique
812 5039 849 5111 iu
876 5039 966 5112 alios
994 5043 1146 5110 mentem
1173 5035 1390 5109 inieoissent.

503 5334 876 5416 ι)·0888]8818888818888
901 5327 965 5393 Ed.
989 5327 1079 5413 Lipa.
1107 5328 1330 5409 2)111811881888
1360 5323 1425 5389 Ed.
1450 5322 1542 5409 Lipr.
1573 5322 1600 5401 1)
1630 5321 1729 5382 Aulioi
1760 5319 1822 5382 Ed.
1854 5317 1945 5402 Lipa.

398 5439 424 5520 ⁴)
447 5446 517 5503 ante
546 5441 653 5501 1881888
682 5435 746 5499 Ed.
780 5433 869 5519 Lipo.
896 5431 929 5513 '⁵)
959 5435 1101 5496 Poloniae
1130 5434 1194 5496 Rex
1224 5429 1288 5494 Ed.
1320 5428 1411 5513 Lipa.
1443 5428 1469 5507 1)
1502 5427 1730 5489 Orarukousuki
1757 5419 1833 5487 Cod.
1859 5419 1944 5486 Cala.

399 5543 424 5616 7)
447 5544 494 5605 Ab
515 5543 650 5622 utrisque
671 5546 770 5604 188888
792 5536 855 5601 Eo.
879 5535 973 5622 Lips.
