4152 6270
82 533 85 540 Δ
155 554 222 655 (Α.
243 557 287 631 Ι).
308 555 424 654 1451.)
671 577 784 632 nuans
811 578 1055 632 nuonncnrus
1083 560 1197 651 (xnr).
1657 559 1706 631 85

156 767 327 839 scelerum
356 787 498 838 sucrum
525 765 762 857 expavefacti,
797 766 974 858 fugerant,
1008 769 1044 837 et
1072 766 1183 838 lacere
1210 765 1465 854 resistentiam,
1501 764 1532 837 si
1559 764 1705 857 impete·

155 890 292 975 rentur,
320 886 501 979 parabant.
532 886 631 958 Inter
659 886 942 959 communitatem
971 891 1087 958 autem
1115 906 1278 978 magnum
1306 891 1381 958 erat
1408 889 1571 958 exortum
1599 885 1704 958 dissi-

156 1007 269 1079 dium:
299 1007 508 1099 quibusdam
535 1006 800 1098 inquisitionem
829 1005 942 1098 ipsam
970 1011 1136 1098 tanquam
1168 1005 1404 1079 necessariam
1432 1011 1467 1080 et
1493 1007 1618 1080 utilem
1651 1027 1706 1078 ac-

156 1127 406 1216 clamantibus
436 1127 645 1220 quibusdam
672 1127 957 1200 reclamantibus.
991 1126 1087 1199 Vicit
1119 1132 1235 1199 tamen
1269 1147 1386 1200 eorum
1420 1127 1611 1215 sententia,
1647 1125 1708 1218 qui

156 1245 421 1339 inquisitionem
449 1247 659 1320 abnuebant.
689 1246 756 1319 Sed
784 1251 819 1319 et
837 1247 1027 1320 baronibus
1045 1268 1109 1320 nec
1127 1246 1229 1318 utilis
1249 1267 1311 1319 nec
1329 1246 1526 1320 necessaria
1545 1246 1622 1319 visa
1641 1251 1706 1334 est,

156 1388 235 1440 cum
263 1369 356 1439 furto
385 1372 419 1442 et
445 1373 545 1460 rapto
574 1367 692 1440 vivere
721 1373 881 1440 assuetos
918 1367 1060 1460 publico
1093 1388 1162 1439 vox
1195 1371 1230 1440 et
1262 1367 1392 1440 clamor
1411 1368 1437 1456 1)
1465 1368 1643 1459 proderet,
1673 1371 1708 1439 et

157 1488 315 1580 qualibet
342 1487 574 1580 inquisitione
601 1487 882 1580 circumscripta,
911 1493 1049 1579 poterat
1068 1488 1110 1558 ad
1131 1486 1371 1560 executionem
1399 1486 1559 1560 iustitiae
1586 1493 1708 1560 contra

156 1629 214 1681 ecs
250 1629 321 1699 per>
347 1609 479 1701 Regem
515 1608 675 1700 procedi:
712 1607 830 1681 nescio
868 1613 983 1681 tamen
1019 1629 1088 1699 qua
1125 1607 1274 1699 segnitie
1311 1611 1373 1678 aut
1408 1606 1706 1699 pusillanimitate

156 1733 344 1820 utrumque
372 1729 541 1802 omissum
568 1735 637 1818 est,
668 1733 702 1802 et
731 1729 867 1802 iuribus
896 1734 1001 1820 atque
1028 1728 1261 1820 praedonibus
1280 1727 1430 1800 ‘animus
1458 1727 1642 1821 grassandi
1670 1727 1707 1800 in

155 1850 265 1922 bonos
293 1849 415 1922 crevit.

207 2203 389 2276 oscitantia
411 2204 563 2276 1111111111
586 2205 683 2294 begis
705 2205 739 2276 in
762 2204 966 2294 depellendis
988 2207 1047 2276 eut
1069 2203 1276 2276 vindicandis
1298 2204 1499 2276 subditorun
1521 2203 1657 2276 1111111111.

261 2451 500 2544 Agitabantur
527 2457 562 2524 et
589 2453 679 2526 aliae
706 2452 976 2526 deliberationes
1009 2453 1052 2526 de
1080 2452 1261 2526 obsidione
1293 2451 1457 2524 fortalitii
1490 2450 1707 2540 Welcain²)‚

157 2573 250 2664 quod
278 2572 399 2662 Gelon,
428 2574 485 2645 1111
512 2576 547 2644 11
573 2573 701 2664 praedo
731 2573 865 2646 Slesiae
892 2573 1058 2667 insignis,
1094 2571 1262 2646 aGavin
1290 2577 1477 2660 coemerat,
1512 2571 1707 2646 inferenda:

157 2692 336 2765 continuis
364 2692 457 2766 enirn
485 2693 608 2785 spoliis
642 2699 678 2766 et
703 2693 842 2785 praedis
879 2695 1040 2787 Regnum
1067 2692 1268 2767 infestabat.
1303 2693 1475 2766 Petebant
1502 2694 1592 2765 banc
1616 2692 1707 2765 obsi·

156 2813 297 2887 dionem
333 2814 479 2887 barones
515 2813 659 2886 Maioris
695 2813 879 2903 Poloniae,
918 2816 1032 2888 Lucas
1064 2813 1243 2906 palatinus
1276 2818 1310 2886 et
1338 2812 1542 2905 capitaneus
1575 2813 1707 2886 Poena·

155 2935 307 3023 niensis,
337 2935 506 3008 Nicolaus
535 2933 645 3007 Skora
672 2935 886 3008 castellanus
915 2934 1137 3009 Calissiensis
1166 2941 1201 3006 et
1227 2933 1440 3007 Laurentius
1466 2933 1634 3006 Zaramba
1652 2955 1707 3005 ea·

157 3056 332 3127 atellanus
361 3055 574 3128 Siradiensis
602 3061 637 3127 et
665 3055 869 3146 capitaneus
898 3055 1179 3148 Wyeluniensis,
1208 3054 1269 3146 qui
1297 3053 1340 3126 ad
1368 3053 1619 3128 consulendum
1647 3075 1708 3146 pro

156 3175 262 3248 rebus
289 3174 458 3267 publicis,
486 3175 626 3249 nomine
654 3175 807 3248 omnium
836 3197 879 3248 ex
907 3177 1032 3248 Maiori
1059 3176 1207 3249 Polonia
1234 3174 1350 3264 missi,
1380 3174 1581 3248 Oracoviam
1605 3175 1708 3247 adve-

157 3301 293 3369 nerant.
333 3295 586 3370 Solicitabatur
623 3296 728 3369 etiam
764 3297 842 3370 Rex
858 3294 901 3386 ³),
938 3303 980 3370 ut
1012 3297 1101 3370 Duci
1137 3295 1392 3370 Thoscbocensi
1407 3296 1454 3385 ⁴),
1489 3295 1550 3388 qui
1581 3300 1709 3368 terram

158 3415 454 3508 Syevyeriensem
470 3416 500 3506 5)
529 3438 618 3489 anno
643 3422 819 3491 transacto
841 3417 1069 3509 spoliaverat,
1098 3419 1230 3492 bellum
1249 3421 1414 3489 moveret.
1444 3417 1707 3504 Solicitabatnr,

157 3543 201 3608 nt
227 3536 458 3608 Wlodlronem
486 3537 528 3610 de
556 3537 680 3610 Skrain
709 3541 744 3610 et
771 3559 915 3611 uxorem
948 3539 1041 3626 eiua,
1076 3543 1176 3630 rapto
1205 3543 1240 3610 et
1268 3537 1372 3609 furtis
1406 3559 1544 3629 operam
1572 3537 1707 3622 dantes,

159 3661 196 3728 et
223 3655 284 3747 qni
310 3676 375 3730 nec
401 3656 554 3745 iuribus,
583 3679 646 3730 nee
674 3659 830 3750 imperiis
849 3659 1017 3750 parebant
1035 3659 1229 3752 regalibus,
1260 3657 1296 3730 in
1317 3665 1430 3730 castro
1451 3659 1628 3730 Rervalth
1649 3657 1706 3729 ob-

159 3776 295 3849 sidione
322 3777 478 3869 cingeret
493 3778 536 3865 ⁰),
566 3778 703 3850 facilem
732 3779 822 3851 enirn
851 3780 935 3852 haec
968 3779 1083 3851 omnia
1115 3779 1268 3851 laborem
1296 3799 1378 3869 prae
1407 3799 1444 3850 se
1472 3779 1644 3862 ferebant,
1675 3783 1709 3849 et

124 3951 126 3954 ψ
157 3896 324 3988 gloriam,
354 3897 549 3988 famamque
577 3898 614 3970 in
638 3899 787 3972 sublime
807 3899 899 3990 apud
918 3899 1203 3972 circumiacentes
1222 3901 1370 3991 populos
1387 3901 1417 3987 7)
1445 3899 1707 3990 promittebant,

158 4017 407 4104 dormicates,
437 4022 471 4090 et
488 4018 599 4109 quasi
627 4021 796 4110 quaedum
824 4026 942 4111 pestes
969 4021 1107 4112 generis
1139 4020 1284 4093 humaui
1312 4019 1462 4092 fuissent
1490 4019 1644 4110 depulsi,
1675 4023 1710 4090 et

158 4137 352 4229 ignominia
379 4138 607 4210 toleraturum
635 4141 804 4213 hactenus
821 4140 1042 4228 iniuriarum
1070 4147 1104 4212 11
1133 4142 1324 4233 spoliorum
1353 4139 1541 4212 vindicata.
1581 4140 1707 4212 Verum

159 4257 363 4329 Kaaimirus
391 4259 470 4330 Rex
497 4258 578 4330 aliis
606 4261 710 4332 rebus
739 4282 856 4332 curam
885 4261 1067 4350 iniecerat,
1097 4284 1159 4335 nec
1186 4261 1331 4334 afflictio
1359 4267 1394 4333 et
1420 4281 1608 4353 gravamen
1627 4261 1707 4332 sub-

157 4379 312 4449 ditorum
340 4399 419 4450 eum
447 4380 618 4452 movebat.

268 4669 291 4750 ¹)
316 4676 346 4732 et
367 4672 445 4732 fama
467 4669 529 4734 Ed.
553 4669 644 4756 Lapa.
671 4670 695 4750 ²)
718 4673 872 4750 Wiclcayn
898 4668 974 4734 Cori.
998 4669 1065 4734 Lis.
1083 4672 1107 4750 ³)
1124 4675 1188 4734 Rex
1208 4669 1447 4733 OasimirusEd.
1466 4668 1555 4754 Lipr.
1573 4669 1708 4750 4)Ί“1111-

155 4776 246 4836 nansi
278 4769 354 4836 Coa.
386 4772 453 4872 Lis.
486 4773 511 4854 ³)
542 4775 787 4852 Syewioriensem
818 4773 880 4838 Ed.
913 4773 1006 4858 Lipa.
1042 4773 1068 4855 ⁶)
1099 4776 1241 4838 cinxisset
1274 4771 1349 4838 Coa.
1380 4771 1488 4837 Przez.
1522 4771 1546 4855 ⁷)
1577 4775 1710 4835 homines

156 4864 224 4938 Ed.
251 4873 342 4961 Dipo.
