4052 6286
62 530 123 631 (d.
139 529 185 604 0.
205 526 332 626 1461.)
566 551 679 604 amna
705 551 950 605 nuonucnrus
978 535 1093 623 (xm).
1525 535 1602 606 479

62 737 262 832 genitorem,
291 735 567 825 custoditurum
596 736 727 828 Regem
753 758 835 809 vero
864 741 899 810 et
925 739 1087 830 Regnum
1114 735 1281 809 Poloniae
1295 737 1379 808 'eius
1404 736 1543 810 solatiis
1562 738 1601 826 ¹),

65 859 93 932 si
117 878 170 931 res
198 878 353 949 unquam
380 856 631 949 postulaverit,
660 878 818 930 usurum.

62 1212 223 1298 litttbus,
245 1211 300 1302 oni
314 1212 350 1284 ln
364 1211 494 1284 rania
515 1212 755 1298 uiltaverant,
777 1227 854 1301 pars
868 1211 1025 1301 stipendii
1041 1229 1098 1302 per
1113 1212 1307 1284 [andrum
1321 1211 1440 1302 nagan
1455 1211 1605 1286 solvitrr.

159 1459 215 1532 Ad
240 1480 297 1532 res
322 1458 473 1551 denique
504 1459 665 1551 publicas
698 1457 932 1549 expediendas
965 1463 1000 1530 et
1027 1459 1175 1549 milites,
1210 1461 1271 1553 qai
1303 1461 1404 1557 annis
1437 1461 1603 1535 tredecim

61 1579 148 1672 apud
174 1579 355 1652 Pruseiam
383 1584 601 1666 meruerunt,
630 1580 833 1668 solvendos,
862 1579 922 1671 qui
950 1580 987 1651 iu
1015 1580 1190 1672 frequenti
1216 1559 1359 1654 numero
1386 1602 1465 1654 oum
1483 1582 1624 1654 coniu-v

60 1701 158 1793 gibus
186 1704 221 1773 et
248 1700 367 1792 pueris
394 1699 542 1792 pannosi
561 1699 810 1791 Ppotrlroviam
829 1701 1058 1789 advenerant,
1087 1699 1202 1793 gratia
1226 1721 1372 1792 quorum
1393 1701 1509 1774 diaeta
1527 1701 1605 1794 ipsa

61 1819 299 1912 principaliter
317 1820 557 1893 noscitabatur
575 1820 757 1908 instituta,
786 1819 899 1892 omnis
918 1821 1098 1894 conversio
1119 1823 1210 1893 saeta
1228 1826 1299 1909 est,
1323 1822 1512 1914 pluresque
1531 1821 1606 1894 dies

63 1941 96 2012 in
122 1940 366 2033 investigando
394 1941 511 2028 modo,
540 1961 601 2030 per
629 1960 731 2031 quem
759 1939 851 2012 solvi
880 1939 1029 2028 milites,
1057 1961 1136 2012 cam
1156 1940 1329 2012 aerarium
1347 1943 1487 2013 nullum
1506 1946 1604 2014 orta-

60 2065 125 2148 ret,
155 2067 190 2132 et
217 2061 433 2152 privatorum
461 2065 641 2151 sumptus,
675 2059 914 2151 superioribus
950 2061 1052 2133 annis
1080 2060 1269 2149 exinaniti,
1297 2061 1419 2153 inopes
1447 2063 1560 2134 forent
1575 2060 1606 2150 ²)
1700 2064 1704 2072 '

61 2181 250 2272 absumpti,
287 2182 372 2254 adeo
408 2185 450 2252 ut
476 2180 593 2252 diaeta
619 2181 697 2272 ipsa
723 2181 761 2252 in
788 2179 863 2254 dies
890 2181 1008 2253 decom
1036 2185 1071 2253 ot
1098 2185 1232 2273 septem
1255 2181 1531 2272 protenderetur.
1560 2182 1606 2254 Et

62 2301 221 2392 qnoniam
249 2301 286 2372 in
314 2301 602 2375 conventionibus
635 2299 909 2392 particularibus
942 2301 1034 2392 apud
1066 2286 1202 2373 Novam
1234 2301 1421 2374 divitatem
1453 2301 1606 2375 Korcuin

62 2427 96 2494 et
121 2421 157 2493 in
186 2421 331 2510 Srnoda,
359 2421 495 2494 decima
521 2427 644 2494 octava
671 2421 807 2513 Aprilis
823 2419 854 2510 ³)
882 2419 1007 2510 tentis,
1042 2421 1084 2494 de
1111 2421 1251 2494 ferendo
1279 2422 1455 2510 subsidio,
1483 2421 1607 2494 maiori

62 2541 212 2613 militum
246 2546 345 2632 parto
375 2542 567 2630 renitente,
601 2541 712 2614 statui
743 2563 812 2614 non
838 2545 977 2632 poterat
1009 2541 1213 2633 quicquam,
1248 2542 1442 2615 consiliarii
1469 2563 1607 2634 quoque

61 2662 206 2734 maiores
235 2683 255 2733 a
281 2662 495 2736 decernendo
522 2661 688 2754 suffragio
717 2661 936 2735 crediderant
963 2661 1075 2734 satine
1103 2661 1365 2748 abstinendum,
1394 2683 1438 2735 ne
1458 2661 1608 2734 irritatis

61 2783 213 2854 militum
240 2783 384 2871 animis,
413 2783 475 2874 qui
502 2783 666 2855 collaturi
693 2787 792 2855 erant
821 2782 1041 2875 suffragium,
1074 2803 1146 2854 rem
1174 2781 1338 2856 intectam
1365 2783 1411 2856 iri
1438 2782 1605 2874 contigis-

62 2907 127 2974 set:
161 2903 349 2976 inatitutae
377 2909 460 2975 sunt
488 2903 607 2994 itaque
634 2925 744 2976 novae
772 2903 1037 2991 conventiones,
1070 2923 1141 2974 una
1167 2925 1229 2995 pro
1256 2902 1432 2976 militibus
1465 2902 1608 2975 blaioris

62 3023 228 3096 Poloniae
255 3023 292 3095 iu
319 3025 428 3112 Kolo,
456 3045 518 3115 pro
537 3024 593 3097 die
613 3023 735 3097 Sancti
761 3023 881 3097 Iacobi
909 3023 1089 3115 Apostoli,
1118 3024 1230 3096 altera
1252 3044 1314 3115 pro
1333 3023 1508 3096 militibus
1527 3022 1607 3095 (tra-

62 3143 298 3231 noviensibus,
326 3165 389 3236 pro
417 3145 505 3216 sesto
534 3144 655 3217 Sancti
681 3143 881 3231 Laurentii,
911 3143 948 3216 in
975 3143 1076 3216 Nova
1104 3143 1255 3217 Givitate
1282 3142 1451 3229 Koronin,
1486 3147 1606 3234 quato-

60 3283 125 3335 nus
152 3283 197 3335 ex
225 3261 374 3336 Kolonai
402 3263 438 3334 in
465 3263 586 3336 Novae
614 3263 795 3351 divitatis,
824 3263 882 3337 cui
909 3264 1007 3336 eolus
1033 3263 1236 3336 Kauimiras
1263 3264 1341 3336 Rex
1368 3281 1529 3355 praeesse
1552 3283 1607 3334 ro-

60 3387 162 3476 gatus
191 3389 262 3470 est,
290 3383 480 3456 veniretur.
510 3385 553 3456 In
580 3383 739 3476 singulos
758 3384 882 3457 deinde
900 3383 1149 3476 stipendiarios
1168 3384 1236 3456 duo
1255 3383 1351 3456 aurei
1370 3383 1493 3456 collati
1511 3388 1606 3471 sunt,

63 3510 213 3594 quatuor
244 3505 336 3576 intra
368 3525 520 3578 mensem
552 3504 824 3596 polliciti,·quo
856 3504 1002 3596 aequius
1034 3503 1166 3576 residui
1200 3503 1368 3596 stipendii
1405 3502 1608 3575 dilationem

62 3625 252 3698 tolerarent
359 3705 361 3707 ,

62 3979 260 4052 vladislaus
282 3978 322 4049 de
344 3978 519 4050 limatam
549 3979 751 4052 cutedanur
774 3981 1025 4068 atrapitena·
1054 3979 1226 4052 {manna
1255 3979 1363 4069 capita
1393 3979 1548 4068 pectam
1570 3979 1611 4050 ob

76 4099 260 4172 meones
283 4101 318 4170 et
340 4098 624 4185 bellabatuttna,
647 4099 764 4188 qubus
784 4099 1030 4188 rempublicam
1051 4099 1201 4178 tolonen
1224 4100 1411 4190 depromar
1433 4100 1597 4174 turbabat.

166 4345 365 4419 Wladislao
393 4345 435 4417 de
463 4346 655 4418 Domaboru
689 4347 880 4420 castellano
912 4354 947 4420 et
979 4347 1161 4439 capitaneo
1197 4347 1370 4420 Neklonei
1402 4347 1610 4440 imperatum

62 4471 132 4556 est,
162 4470 337 4557 quatenus
364 4464 586 4538 udaiuseoros
614 4467 728 4556 daret,
757 4488 800 4540 no
827 4468 1058 4540 seditionibus
1084 4473 1121 4541 et
1147 4469 1240 4541 bello
1267 4469 1435 4542 intestino
1453 4491 1527 4541 rem
1545 4490 1609 4560 pu·

62 4587 193 4660 blicam
221 4585 389 4660 turbaret.
418 4585 664 4658 solicitaverat
691 4587 783 4659 enim
811 4588 1118 4680 stipendiariorum
1146 4588 1296 4677 animos,
1324 4589 1416 4681 quod
1436 4593 1471 4661 ot
1490 4593 1612 4680 postea

63 4707 174 4780 libero
203 4707 379 4798 protessus
412 4709 482 4794 eet,
514 4712 555 4778 ut
582 4727 626 4780 ex
653 4707 768 4780 Nakel
796 4713 831 4780 et
857 4709 1065 4798 Domaboru,
1099 4709 1276 4782 veteribus
1308 4730 1392 4782 suae
1419 4709 1609 4801 possessio-

64 4827 119 4899 nis
146 4829 292 4915 castris,
321 4847 364 4899 ex
393 4826 660 4918 Wangrovpecn
689 4849 826 4919 quoque
854 4834 889 4900 et
915 4828 1069 4902 Pakoson
1085 4831 1128 4919 ⁴),
1157 4830 1200 4903 de
1222 4850 1311 4902 novo
1330 4829 1609 4917 incastellandis,

63 4947 199 5021 bellum
227 4968 343 5020 secum
369 4968 455 5035 nna,
485 4947 546 5038 qui
574 4947 642 5020 sibi
669 4949 800 5040 Regem
816 4949 847 5038 ⁵)
875 4949 911 5021 in
930 4950 1052 5022 multis
1071 4950 1204 5039 deberi,
1233 4955 1375 5042 propter
1396 4950 1528 5022 bellum
1553 4970 1611 5021 su·

176 5223 199 5303 ¹)
226 5225 343 5286 auxidis
366 5221 429 5286 Ed.
452 5221 546 5305 Lipa.
571 5222 597 5302 ⁹)
620 5228 651 5284 et
672 5224 774 5299 inopus
795 5229 897 5286 essent
918 5217 982 5286 Ed.
1007 5219 1101 5307 Lips.
1126 5221 1154 5306 ³)
1170 5225 1285 5286 decima
1304 5229 1412 5286 octava
1433 5223 1481 5284 die
1502 5224 1613 5286 menda

63 5328 179 5406 Aprilis
202 5325 266 5389 na
288 5324 377 5409 Lipe.
402 5323 431 5410 ⁴)
453 5326 590 5388 Pakosch
613 5323 675 5386 Ed.
699 5323 788 5408 Lipa.
812 5325 837 5406 ⁵)
860 5327 1033 5388 Oasimirum
1055 5328 1196 5389 Poloniae
1218 5329 1329 5404 Regem
1352 5325 1414 5389 Ec.
1438 5323 1530 5410 cipe.
