4126 6280
433 563 508 636 180
937 580 1049 630 ursum
1075 577 1318 631 nuonmomcus
1346 558 1458 646 (xrn).
1692 549 1823 652 (11.1).
1847 549 1967 650 1454.)

432 769 506 843 dies
533 791 601 840 non
634 767 776 840 feriatos
808 771 961 854 tantum,
996 766 1056 838 sed
1088 769 1123 838 et
1150 763 1312 852 serviles,
1346 762 1439 835 intra
1469 762 1555 835 belli
1586 763 1702 834 locum
1735 766 1769 835 et
1802 767 1965 853 tempora,

432 891 601 978 animum,
631 891 729 962 volart
756 889 793 960 in
820 909 903 981 pace
930 887 1057 976 media,
1086 887 1300 974 remittebat,
1330 906 1451 978 parum
1480 905 1623 972 memor,
1653 904 1739 975 quos
1765 905 1821 956 res
1851 903 1966 978 geren-

434 1013 495 1085 das
523 1011 747 1102 suscepisset.

463 1367 610 1439 bobonis
632 1367 796 1458 stipendio
818 1367 983 1457 persoluto
1006 1366 1163 1453 dimissis,
1187 1368 1329 1437 rastrum
1351 1364 1550 1454 fledanburg
1572 1382 1591 1436 a
1614 1363 1815 1436 dunensibus
1838 1363 1939 1454 regiis

1118 1487 1293 1558 obsidetur.

431 1781 433 1786 ·
535 1740 578 1811 In
606 1737 661 1810 die
688 1739 809 1810 beatae
836 1737 1076 1830 Margaretbao
1104 1735 1304 1809 Karimirus
1332 1737 1410 1808 Rex
1430 1735 1468 1824 ι1,
1502 1733 1538 1806 in
1566 1733 1692 1826 oppido
1721 1733 1967 1825 Grudnancffl)

432 1882 510 1934 oum
538 1859 697 1931 omnibus
724 1859 897 1930 Praelatis
918 1863 952 1930 et
973 1857 1174 1946 baronibus,
1204 1879 1243 1931 ao
1262 1857 1465 1930 civitatibus
1484 1856 1664 1944 Prussiae,
1684 1857 1880 1948 generalem
1901 1857 1968 1949 agit

431 1980 708 2068 conventionem,
739 2001 777 2052 eo
805 1981 1008 2071 praesertim
1040 1985 1215 2071 respectu,
1249 1984 1288 2051 ut
1326 1981 1498 2051 Bobemos
1535 1977 1780 2070 stipendiarios
1815 1983 1966 2050 castrum

432 2103 655 2194 Marionburg
683 2102 898 2190 obsidentes,
928 2078 1174 2194 qui'homiues
1201 2101 1382 2193 ambiguae
1409 2100 1637 2173 credebantur
1666 2100 1762 2188 fidei,
1792 2101 1967 2192 expeditos

433 2224 608 2296 solutione
636 2223 848 2296 licentiaret:
879 2223 1042 2314 quoniam
1069 2223 1205 2294 nobiles
1234 2227 1268 2294 et
1296 2222 1457 2294 civitates
1477 2221 1657 2308 Prussiae,
1686 2225 1766 2293 ente
1785 2221 1968 2294 adrentum

432 2345 539 2437 Regis
567 2345 603 2416 im
631 2344 828 2433 Prussiam‚
857 2343 976 2430 ueriti,
1006 2364 1049 2415 ne
1076 2344 1119 2414 ad
1146 2345 1264 2415 hostes
1292 2342 1485 2416 cruciferos
1511 2343 1708 2429 deficerent,
1738 2342 1780 2415 de
1799 2343 1968 2414 altissimo

432 2487 512 2539 oum
541 2465 591 2538 eis
620 2452 811 2558 stipeudio,
839 2486 901 2558 pro
930 2465 1087 2556 quolibet
1118 2464 1282 2536 videlicet
1314 2485 1400 2555 equo
1428 2486 1489 2555 pro
1518 2463 1694 2556 quartnali
1729 2464 1812 2536 anui
1846 2464 1969 2556 viginti

438 2608 500 2660 sex
529 2587 676 2659 florenos
705 2587 833 2675 dando,
862 2589 1109 2674 conueneraut3
1139 2607 1205 2678 quo
1226 2585 1358 2675 euenit,
1379 2589 1419 2657 ut
1442 2585 1516 2658 sine
1545 2585 1662 2676 aliquo
1681 2587 1840 2677 profectu
1859 2585 1896 2657 in
1916 2587 1968 2658 ob·

433 2707 567 2781 sidioue
594 2708 817 2801 Marionburg
845 2708 984 2796 stando,
1014 2707 1205 2780 maximum
1233 2707 1310 2780 auri
1336 2711 1533 2780 meruerant
1557 2706 1631 2780 sine
1652 2728 1754 2799 opera
1772 2707 1893 2799 aliqua
1911 2730 1968 2778 nu·

431 2850 581 2918 merum,
610 2833 645 2902 et
671 2851 778 2902 usura
806 2829 968 2902 continue
1001 2829 1219 2902 ascendebat.
1253 2829 1378 2920 Itaque
1405 2829 1442 2900 in
1470 2829 1697 2901 conventione
1730 2828 1808 2920 ipsa
1841 2829 1883 2901 de
1911 2830 1969 2902 hoc

432 2951 469 3023 in
488 2949 611 3042 primis
629 2950 808 3042 provisum
836 2955 905 3022 cst:
934 2959 975 3022 ut
1002 2951 1182 3024 exactione
1201 2951 1238 3023 in
1258 2951 1435 3042 quaelibet
1462 2949 1578 3043 capita
1600 2949 1782 3042 imposita,
1811 2951 1968 3023 meritum

433 3071 647 3164 stipendium
675 3071 838 3145 Behemis
870 3071 1063 3144 licentiatis
1095 3073 1369 3164 persolveretur3
1402 3072 1503 3160 item,
1537 3078 1576 3143 ut
1604 3077 1717 3144 castra
1749 3071 1969 3145 ecclesiarum

433 3197 468 3266 et
486 3179 741 3285 cpiscoporum,
761 3194 908 3266 durante
926 3215 1050 3286 guerra
1066 3191 1107 3283 3),
1136 3194 1315 3267 nobilibus
1334 3195 1498 3266 Prussiae
1517 3194 1754 3282 traderentur;
1782 3199 1823 3265 ut
1847 3215 1891 3266 ex
1914 3215 1969 3265 no-

431 3313 563 3386 bilibus
592 3320 626 3386 ct
654 3313 874 3402 ciuitatibus,
904 3315 1052 3387 sedecim
1078 3314 1116 3386 in
1143 3315 1329 3388 reonsilium
1358 3314 1465 3408 Regis
1493 3315 1796 3408 consignarentur,
1827 3315 1889 3406 qui
1916 3337 1969 3387 su·

431 3455 493 3527 per
519 3434 679 3507 omnibus
707 3436 968 3508 occurrentibus
997 3457 1075 3508 oum
1103 3437 1197 3529 Rege
1224 3437 1459 3528 providerent.
1488 3436 1554 3508 His
1582 3437 1700 3530 itaque
1723 3437 1909 3526 ordinatiS,
1937 3437 1969 3508 in

432 3557 664 3628 Bobemorum
692 3557 951 3630 licentiatorum
979 3559 1108 3646 iocum,
1138 3559 1314 3630 cunienses
1330 3559 1360 3646 4)
1390 3579 1471 3630 suos
1499 3559 1576 3631 Rex
1604 3559 1806 3631 Karimirus
1827 3559 1863 3631 in
1882 3559 1981 3631 obsi-⁴

434 3677 572 3751 dionem
600 3677 706 3751 castri
734 3678 972 3770 Marieuburg,
1001 3681 1176 3771 praesecto
1212 3680 1262 3752 eis
1295 3680 1450 3752 Iohanne
1477 3681 1519 3753 ds
1543 3680 1763 3754 Souekocnini
1796 3680 1971 3772 capitaneo

432 3799 656 3883 Lubliuensi‚
685 3799 721 3871 in
749 3799 871 3871 ducem
899 3806 934 3874 et
953 3800 1188 3892 capitaneum,
1220 3801 1441 3874 transmittit.
1470 3803 1551 3893 Ipse
1576 3823 1653 3874 cum
1673 3801 1969 3889 Wladislariensi,

431 3919 663 3993 Posnanionsi
691 3920 880 4012 episcopis
910 3921 1115 3994 cancellario
1149 3925 1183 3994 et
1212 3921 1553 4012 vicecancellario⁵)‚
1588 3923 1738 4014 aliisque
1773 3923 1969 4009 baronibus,

432 4041 573 4115 Thorun
599 4041 809 4134 regreditur,
838 4043 982 4117 nuntios
1011 4064 1053 4116 ex
1082 4043 1348 4132 Ratisbononsi,
1379 4066 1466 4136 quae
1493 4066 1554 4136 per
1581 4043 1797 4116 Rridericum
1821 4045 1968 4136 Impera-

433 4166 543 4235 torem
571 4163 804 4236 Romanorum
833 4185 894 4255 pro
924 4166 1012 4237 festo
1047 4165 1166 4238 Sancti
1197 4165 1355 4256 Philippi
1386 4165 1518 4239 indicta
1550 4170 1639 4254 erat,
1678 4165 1794 4238 diaeta
1826 4166 1870 4238 ad
1894 4187 1967 4238 cum

432 4287 672 4370 transeuntes,
701 4284 898 4357 auditurus.

539 4591 561 4674 ¹)
586 4596 726 4658 Poloniac
747 4597 812 4658 Rex
833 4594 896 4658 Ed.
920 4594 1010 4679 Lips.
1036 4595 1061 4677 ⁹)
1088 4597 1243 4675 Grudzanz
1266 4595 1328 4658 Ed.
1351 4595 1442 4682 Lipe.
1467 4595 1492 4677 ³)
1515 4599 1591 4659 bello
1616 4591 1691 4659 Cod.
1717 4594 1784 4659 Lis.
1814 4595 1839 4675 ⁴)
1863 4598 1968 4658 aulicos

432 4694 495 4760 Ea.
512 4695 604 4781 Lips.
629 4697 654 4780 ⁶)
678 4703 746 4778 Ipse
768 4721 839 4762 vero
862 4721 927 4762 cum
950 4705 1059 4762 Ioanne
1090 4703 1349 4780 wladislaviense‚
1379 4702 1499 4762 Andros
1521 4703 1721 4762 Posnaniense
1744 4704 1902 4779 episcopis,
1926 4703 1966 4762 10-

432 4821 509 4862 anne
531 4802 568 4863 de
590 4804 810 4884 Konyeczpolie
841 4805 1039 4902 cancellario,
1070 4808 1157 4866 Petro
1181 4805 1217 4865 de
1240 4807 1417 4866 Sczekoczin
1447 4807 1695 4868 vicecancellario
1716 4800 1812 4884 Regni
1835 4805 1968 4868 Poloniao

432 4903 495 4971 Ed.
520 4903 612 5006 Lipo.
