4052 6286
400 567 475 640 448
909 585 1022 639 nmen
1047 583 1293 640 nuooncnrus
1321 567 1436 656 (xm).
1672 561 1738 662 (Α.
1757 562 1806 638 D.
1827 561 1954 661 1460.)

439 884 565 958 Rendcl
588 884 684 956 buda
707 883 889 973 scalprum
912 883 1055 973 parides
1076 883 1203 956 minua
1226 887 1261 956 at
1283 883 1437 957 smrlata
1457 885 1492 956 in
1515 884 1651 957 latonas
1673 885 1837 971 matta,
1865 901 1922 973 par

789 1003 980 1093 capuana·
1003 1003 1149 1093 quacun
1171 1003 1332 1094 regium
1354 1005 1566 1094 deprehensa.

502 1252 567 1326 Die
595 1250 705 1340 Solis,
735 1251 868 1325 decima
896 1251 1046 1342 septima
1072 1252 1203 1325 mensis
1232 1253 1405 1346 Augusti,
1439 1253 1615 1326 Henricus
1643 1254 1723 1325 Dux
1752 1253 1955 1345 Stolpensis

401 1373 438 1446 in
466 1372 633 1446 comitiva
660 1375 799 1446 centum
827 1391 994 1464 equorum
1021 1372 1058 1444 in
1087 1371 1305 1466 Bidgostiam
1333 1373 1376 1446 ad
1395 1372 1614 1446 Kanimirum
1632 1373 1805 1446 Poloniae
1822 1374 1954 1466 Regem

401 1494 558 1568 advenit:
591 1492 652 1566 uhi
675 1492 855 1566 audientia
878 1492 1039 1580 obtenta,
1060 1492 1220 1565 innovari
1238 1513 1356 1566 secum
1375 1499 1494 1567 vetera
1522 1493 1675 1582 foedera,
1709 1493 1878 1586 supplici
1905 1494 1951 1566 in·

401 1614 534 1687 stantia
549 1613 713 1705 expetiit.
743 1613 841 1706 Quod
860 1634 938 1685 eum
957 1613 1126 1686 benevolo
1145 1613 1260 1686 animo
1282 1613 1510 1702 obtinuisset,
1540 1613 1671 1687 obtulit
1689 1635 1770 1686 cum
1791 1613 1953 1686 ommbm

401 1734 476 1807 suis
503 1733 630 1827 copiis,
659 1733 690 1806 si
717 1733 794 1807 Rex
823 1738 884 1806 aut
912 1733 967 1806 sui
1000 1733 1229 1825 Ghoynicnam
1259 1734 1474 1823 obsidentes,
1503 1756 1524 1808 a
1549 1755 1724 1826 quoquam
1742 1733 1953 1808 invaderem

401 1861 475 1944 tur,
514 1876 551 1928 se
587 1856 718 1948 Regem
755 1853 973 1941 adiuturum3
1007 1854 1137 1927 obtulit
1170 1875 1207 1928 se
1235 1854 1376 1944 deinde,
1411 1855 1525 1948 quoad
1552 1855 1678 1929 liberet
1705 1855 1816 1948 Regi,
1854 1875 1953 1947 pecu·

401 1976 479 2048 nias
505 1996 568 2068 pro
596 1975 735 2048 Bithovv
763 1981 798 2048 et
825 1975 995 2067 Lemberg
1026 1974 1187 2048 hostibus
1215 1975 1364 2064 dandas,
1399 1979 1634 2063 retenturum3
1667 1975 1803 2048 obtulit
1831 1997 1874 2049 se
1901 1997 1954 2067 po

401 2101 547 2184 screno,
585 2096 774 2187 Uesperum
806 2093 1021 2180 Nosthvvicc,
1060 2095 1252 2168 Iohannem
1285 2095 1327 2170 de
1358 2097 1420 2168 Zsl
1452 2102 1487 2169 et
1519 2096 1656 2187 Hoyera
1675 2096 1715 2184 1),
1748 2095 1955 2188 capitaneos

401 2216 670 2310 (lhoynicaensis
698 2215 833 2307 oppidi,
867 2215 910 2288 ad
943 2215 1154 2288 deditionem
1186 2217 1364 2308 extemplo
1391 2215 1481 2309 Regi
1510 2215 1702 2289 faciendam
1730 2217 1775 2290 de
1803 2216 1954 2309 chorni-

401 2358 477 2427 cna,
505 2336 603 2410 facili
620 2335 759 2429 negotio
778 2335 1037 2427 perliciturum,
1056 2355 1201 2428 rogans,
1220 2339 1261 2408 ut
1279 2335 1392 2408 filium
1412 2357 1515 2408 suum
1533 2341 1620 2408 natu
1638 2335 1808 2410 maiorem
1829 2335 1955 2424 Bw)

401 2457 488 2530 liliis
519 2456 593 2529 suis
625 2456 837 2530 serviturum
871 2455 1106 2548 coniungeret.
1142 2457 1251 2528 Actae
1284 2461 1368 2529 sunt
1395 2461 1430 2531 ot
1456 2477 1476 2528 a
1503 2455 1599 2550 Rege
1626 2465 1662 2530 et
1688 2479 1710 2529 a
1736 2457 1955 2530 consiliariis

401 2576 491 2650 Daci
519 2577 698 2669 Stolpensi
724 2576 873 2670 gratiae,
902 2581 937 2650 et
964 2575 1060 2649 lilius
1088 2596 1173 2648 suus
1201 2575 1431 2668 applicandus
1463 2576 1638 2670 regiorum
1670 2577 1828 2650 filiorum
1860 2578 1954 2651 obse

402 2697 484 2791 quio
513 2702 548 2771 et
574 2696 817 2785 contubernio,
847 2701 1026 2789 acceptus,
1056 2696 1299 2789 adiectumque
1318 2697 1355 2770 in
1373 2697 1611 2790 responsionis
1630 2703 1768 2772 tenore:
1801 2699 1952 2772 oblatic-

402 2838 481 2891 nem
501 2817 609 2892 Ducis
633 2817 831 2909 Stolpensis
859 2837 928 2889 non
956 2837 1098 2906 novam,
1130 2817 1190 2891 sod
1217 2817 1384 2890 usitatam
1414 2837 1506 2906 esse,
1540 2837 1637 2891 mens
1665 2838 1765 2904 vero,
1796 2823 1841 2891 nt
1871 2839 1955 2892 nova

402 2958 602 3030 sumopere
623 2937 670 3010 sit
688 2943 723 3011 et
742 2937 911 3011 oblationi
939 2937 1094 3028 ipsorum
1123 2938 1323 3026 conveniat,
1352 2937 1388 3010 id
1415 2937 1607 3029 plurimum
1626 2940 1766 3014 referre.
1798 2939 1880 3032 Quo
1899 2961 1954 3012 no

403 3079 482 3132 vam
510 3059 614 3132 etiam
643 3063 677 3131 et
704 3058 854 3131 mentem
882 3057 1163 3149 repromittente,
1194 3078 1256 3132 sex
1283 3057 1530 3150 pulcherrimis
1549 3057 1700 3132 Schubis
1716 3057 1761 3148 ³),
1791 3059 1955 3152 pecuniis

403 3185 438 3252 at
466 3178 565 3271 equis
593 3178 629 3250 in
658 3198 695 3250 se
722 3199 874 3270 suosque
902 3178 1053 3272 erogatis
1068 3179 1112 3268 ⁴),
1143 3179 1309 3268 donatus,
1344 3185 1378 3252 et
1406 3177 1567 3251 omnibus
1594 3185 1807 3270 procuratus
1836 3201 1953 3254 neces-

403 3299 523 3388 sariis,
557 3301 681 3391 quarta
713 3297 786 3386 die,
821 3319 863 3371 ex
892 3319 960 3390 quo
987 3298 1031 3370 ad
1058 3297 1189 3392 Regem
1222 3305 1380 3386 venerat,
1415 3318 1458 3372 ex
1487 3297 1672 3392 Bidgostia
1702 3299 1894 3388 recedens,
1921 3301 1954 3374 in

402 3418 630 3512 Ohovnicuam
663 3417 834 3510 pervenit.
868 3411 939 3492 Ubi
966 3438 1034 3491 non
1062 3439 1123 3511 per
1151 3440 1203 3506 se,
1238 3419 1298 3493 sed
1325 3439 1387 3512 per
1415 3418 1562 3492 Dinisch
1577 3418 1609 3508 ⁵)
1637 3423 1673 3492 et
1699 3420 1954 3494 cancellarium

402 3560 505 3612 suum
533 3559 611 3612 cum
640 3537 831 3630 capitaneis
850 3537 1170 3630 Choynicaansibus
1189 3539 1403 3631 colloquium
1427 3537 1662 3632 perfunctorie
1684 3557 1814 3633 agens,
1844 3540 1952 3614 etde·

402 3659 569 3732 ditionem
598 3658 709 3752 magis
737 3643 912 3746 i'nficiens,
942 3680 1045 3751 qnam
1073 3678 1296 3751 promovens,
1325 3659 1492 3751 iniquiori
1519 3659 1556 3730 in
1584 3661 1660 3733 loco
1679 3681 1824 3734 causam
1847 3661 1953 3754 Bagis

400 3778 618 3872 relinquens,
649 3799 752 3871 quam
781 3778 812 3850 si
840 3777 938 3851 illam
966 3779 1233 3870 promovendam
1261 3799 1329 3851 non
1357 3778 1564 3871 accepisset,
1593 3779 1631 3852 in
1659 3801 1761 3853 suum
1792 3801 1832 3854 se
1863 3803 1951 3855 reee-

401 3898 456 3992 pit
482 3897 739 3991 Principatum:
768 3898 829 3971 ubi
857 3898 1034 3990 quiescere
1061 3919 1129 3971 non
1158 3899 1295 3986 valens,
1330 3897 1520 3972 Hauricum
1553 3899 1777 3975 Schoncbslre
1810 3903 1951 3994 presbr-

402 4024 515 4094 terum
543 4019 579 4092 in
607 4018 852 4111 Ghoyniaaam,
881 4018 980 4093 brevi
1007 4019 1139 4092 oblitus
1167 4019 1416 4111 promissorum
1444 4019 1534 4113 Regi
1563 4022 1750 4109 lectorum,
1786 4021 1831 4094 ad
1863 4022 1949 4114 espi-

401 4145 523 4214 taneos
550 4139 715 4227 hostiles,
745 4139 787 4211 de
815 4139 970 4212 dedenda
1003 4161 1072 4212 nou
1100 4139 1205 4232 Regi,
1240 4139 1300 4213 sad
1333 4139 1417 4228 sibi,
1451 4145 1593 4233 accepta
1624 4141 1774 4233 pecunie
1804 4161 1826 4212 a
1856 4143 1949 4215 sein

400 4263 564 4354 promptu
583 4259 711 4348 denda,
740 4263 962 4352 pactaturum
978 4259 1009 4347 ⁰)
1039 4259 1262 4332 transmittit.
1292 4260 1328 4332 Is
1349 4265 1466 4334 maren
1484 4281 1505 4331 a
1523 4259 1718 4352 capitaneis
1736 4261 1870 4354 regiis,
1893 4263 1949 4334 Pe

401 4387 455 4454 tro
483 4379 601 4453 Dunin
630 4384 665 4453 et
692 4378 848 4453 Iohanne
876 4379 1091 4472 Sinovvyecu,
1126 4379 1402 4473 obiurgationem
1430 4385 1464 4454 et
1491 4383 1668 4474 repulsam
1699 4402 1847 4473 passus,
1879 4403 1949 4455 cun

401 4500 565 4574 dedecore
592 4499 712 4588 rediit,
742 4499 970 4592 (lhoynicuam
999 4499 1129 4573 intrare
1157 4504 1299 4592 proptor
1326 4500 1526 4575 simultates
1550 4505 1584 4574 et
1602 4501 1719 4590 dolos,
1748 4502 1884 4592 quibus
1902 4501 1949 4574 uti

402 4618 489 4694 Dux
518 4619 716 4712 Stclpensis
743 4619 960 4709 insueverat,
989 4641 1058 4693 non
1086 4621 1289 4711 permissus.

511 4913 535 4993 ¹)
556 4915 708 4991 Hoyeraca
732 4907 807 4975 Oea.
833 4907 922 4973 Cale.
947 4909 972 4990 ²)
996 4911 1157 4973 Oaslmirvs
1175 4911 1239 4972 Rex
1254 4905 1316 4971 aa
1341 4903 1430 4992 Lipa.
1456 4909 1484 4989 ³)
1506 4911 1653 4990 vestibus,
1675 4911 1804 4989 pellibus
1826 4911 1946 4973 subdus

401 5019 440 5080 tis
462 5013 526 5080 Ed.
549 5013 640 5100 Lipa
672 5013 699 5094 ⁴)
721 5015 850 5093 erogatis
880 5007 1236 5077 contammata
1268 5011 1295 5092 ⁵)
1317 5013 1466 5077 Daivrlseh
1498 5008 1575 5078 Cori.
1605 5009 1713 5076 Prm.
1745 5011 1774 5094 ⁸)
1797 5020 1946 5091 pactvrru

402 5115 465 5185 Ee.
488 5117 580 5206 laps.
1680 5163 1685 5172 .
