4126 6280
94 555 159 660 (Α.
181 557 226 634 D.
245 555 373 655 1454.)
608 497 720 634 nisus
746 580 993 635 nuonuemrus
1020 563 1132 651 (xm).
1568 561 1641 634 173

93 767 181 852 siae,
209 789 279 842 uon
307 789 430 860 parum
458 767 657 860 displicuit,
686 773 721 840 ot
750 767 924 841 exereitus
953 767 1115 859 proprius
1143 771 1179 840 et
1207 767 1383 858 stipendio
1411 789 1454 841 ex
1475 769 1642 842 Bohemis

93 895 128 961 et
147 889 291 962 Polonis
311 890 521 977 conductus,
550 890 726 980 extemplo
757 889 800 960 ad
827 889 1050 980 Morienturg
1077 888 1220 961 ducitur
1244 893 1280 961 et
1303 895 1456 961 castrum
1475 889 1592 982 ipsum
1613 890 1643 980 ¹)

93 1010 273 1083 obsidione
306 1011 471 1083 uallatur.
505 1009 701 1102 Ohoyuicza
732 1009 874 1082 interim
902 1009 1086 1101 oppidum,
1121 1009 1332 1082 deditionem
1361 1010 1533 1098 abnuens,
1562 1011 1643 1083 Pla·

93 1131 247 1223 uponski
284 1153 362 1204 eum
400 1131 499 1204 mille
536 1131 716 1223 equitibus
745 1130 913 1224 Magistro
947 1135 981 1203 et
1010 1129 1197 1204 Cruciferis
1233 1131 1270 1203 in
1298 1131 1472 1204 auxilinm
1503 1131 1644 1206 venien·

93 1259 181 1340 tom,
210 1253 356 1345 aceepit.
386 1253 514 1326 Contra
542 1273 643 1344 quem
663 1251 834 1325 Nicolaus
854 1251 1101 1343 Scharlpeyslri
1117 1249 1148 1339 2)
1176 1252 1356 1342 palatinus
1385 1252 1645 1326 Iuniulodisla·

94 1373 229 1446 riensis
261 1395 340 1446 cum
368 1373 465 1446 mille
493 1373 653 1446 ducentis
682 1373 860 1465 equitibus
884 1379 920 1444 et
939 1372 1172 1464 septingentis
1192 1372 1413 1464 pedestribus
1429 1371 1459 1462 3)
1488 1373 1644 1462 ueniens,

92 1496 128 1568 in
156 1494 283 1568 castris
311 1495 488 1586 Tueholya
516 1501 550 1568 et
578 1494 751 1582 Sluehou‚
781 1493 919 1567 nomine
937 1492 1032 1586 regio
1058 1493 1095 1564 iu
1114 1514 1238 1566 manus
1267 1515 1349 1566 suas
1379 1494 1536 1581 traditis,
1565 1516 1644 1568 con·

92 1615 201 1705 sedit,
230 1620 266 1688 et
292 1616 410 1708 ipsum
440 1615 663 1709 Plawpenski
695 1615 969 1708 particularibus
1002 1613 1306 1707 congressionibus
1341 1635 1444 1706 saepe
1474 1615 1581 1703 fudit,
1611 1619 1646 1688 ot

92 1737 355 1830 populationem
384 1759 545 1830 agrorum
573 1735 765 1828 prohibuit.
795 1735 954 1808 Andreae
982 1735 1143 1827 episcopo
1170 1735 1405 1809 Posuauiensi
1433 1741 1467 1808 et
1495 1735 1646 1809 Iohanni

93 1859 134 1931 de
169 1859 438 1951 Konpceapolye
474 1857 588 1951 Regni
624 1857 791 1930 Polouiac
827 1856 1050 1944 cancellario,
1090 1855 1175 1929 teria
1212 1856 1362 1928 secunda
1397 1857 1570 1946 Paschae,
1609 1855 1646 1929 in

93 1980 237 2052 Theron
263 1999 326 2071 per
353 2001 470 2054 omnes
498 1979 633 2052 nobiles
662 1984 696 2052 et
723 1978 888 2052 civitates
916 1976 1097 2065 Prussiae,
1131 1977 1169 2050 iu
1196 1998 1344 2069 persona
1371 1978 1495 2070 Regis,
1524 1979 1644 2050 homa-

89 2100 190 2194 gium
218 2102 348 2174 laetum
375 2107 445 2189 est3
479 2100 632 2192 episcopi
664 2099 829 2173 Prussiac
848 2099 885 2171 iu
903 2098 1012 2191 Regis
1045 2099 1233 2171 adrentum
1265 2098 1452 2188 reseruati,
1483 2103 1518 2172 et
1545 2103 1644 2190 post·
1737 2091 1741 2097 ’

91 2223 180 2295 haee
207 2222 318 2294 maior
346 2221 401 2294 vis
428 2221 694 2295 bombardorum
723 2219 965 2322 ethominum
993 2220 1037 2292 ad
1064 2219 1335 2293 continuandam
1354 2219 1570 2294 obsidionem
1589 2239 1645 2293 ea-

92 2343 159 2416 stri
189 2343 414 2436 blericuburg
440 2342 600 2416 accessit.
639 2381 644 2388 ·

10 2729 12 2774 τ
107 2715 111 2723 ·
147 2699 271 2772 floram
293 2700 463 2772 letalium
485 2699 663 2772 indemens
685 2701 981 2790 &saleburgensis
1004 2700 1142 2772 luente
1164 2719 1221 2791 per
1243 2699 1441 2774 deditionem
1465 2701 1594 2791 resipit.

200 2947 274 3020 Sub
300 2949 366 3020 hoe
393 2947 501 3019 etiam
529 2951 684 3039 tempore
712 2947 914 3021 Friderieus
947 2948 1102 3022 Marchio
1136 2949 1460 3042 Breudeburgensis
1493 2948 1648 3024 deditam

93 3068 162 3142 sibi
191 3067 331 3140 Novam
358 3068 548 3141 Mareliam
576 3068 726 3159 accepit,
757 3069 936 3141 Karimiro
956 3070 1052 3162 Rege
1068 3069 1098 3158 4)
1127 3069 1240 3162 magis
1260 3070 1523 3158 dissimulante,
1544 3092 1648 3162 quam

14 3215 17 3258 1
92 3190 323 3282 approbante.
360 3189 419 3261 lta
450 3211 519 3261 nou
552 3189 666 3260 solum
694 3189 731 3260 in
760 3189 919 3278 Prussia,
954 3191 1016 3262 sod
1047 3197 1083 3262 ot
1110 3191 1147 3262 in
1175 3191 1331 3264 Marehia
1363 3197 1397 3264 ct
1427 3191 1648 3283 quibuslibet

12 3317 17 3380 ζ.
91 3310 299 3404 regionibus
315 3309 359 3400 ⁵),
388 3310 572 3383 universae
599 3311 719 3399 urbes,
749 3310 835 3398 rici,
866 3316 971 3402 atque
989 3311 1133 3404 oppidu,
1159 3311 1262 3384 tectis
1283 3316 1388 3404 atque
1408 3311 1648 3385 communione

92 3431 332 3505 excludebant
359 3430 570 3520 cruciferos,
600 3431 794 3504 violentum
823 3453 941 3504 eorum
969 3437 1074 3524 atquc
1100 3431 1288 3524 superbum
1307 3431 1500 3505 dominium
1519 3432 1646 3524 perosi.

91 3553 181 3626 dum
210 3552 383 3644 siquidem
411 3552 532 3626 florere
567 3573 623 3626 res
660 3553 913 3627 Orueilerorum
941 3553 1159 3643 riderentur,
1199 3552 1387 3645 felicesque
1414 3574 1451 3626 se
1475 3558 1510 3626 et
1528 3553 1648 3626 beatos

91 3673 361 3760 existimarent,
395 3694 459 3746 nec
485 3673 738 3765 perpenderant
770 3696 872 3746 suum
900 3675 1087 3748 nefandum
1115 3673 1268 3763 facinus,
1297 3695 1366 3766 quo
1394 3695 1536 3746 suorum
1563 3696 1645 3747 eou-

10 3800 23 3867 l
90 3795 268 3882 (litorum,
291 3795 581 3886 laudatorumque
601 3803 711 3868 terras
730 3795 988 3884 Pomeraniam,
1020 3795 1260 3868 Chelmensem
1284 3799 1319 3868 et
1337 3794 1648 3869 Michaloriensem

90 3936 280 4007 perperam
308 3913 504 3988 detinerent
531 3921 734 4007 occupatas,
764 3916 937 3990 convertit
964 3918 1104 3989 fortuna
1131 3916 1248 3989 orbem
1277 3938 1395 4004 suum,
1430 3921 1465 3988 et
1492 3915 1647 4007 insuspi-

90 4035 203 4110 cabili
232 4057 315 4109 casu
343 4041 378 4110 et
405 4040 559 4128 tompore
587 4037 810 4110 autoritatem
838 4059 957 4111 eorum
985 4037 1178 4129 prostravit
1206 4041 1241 4110 ot
1268 4041 1413 4110 statum.

10 4361 18 4491 ,
134 4393 323 4464 kazimirus
345 4391 414 4464 ltux
436 4393 469 4464 iu
493 4392 710 4464 conuentione
733 4393 900 4470 flrerrteni
923 4393 1058 4465 mandat
1081 4393 1264 4479 litluauis,
1288 4411 1329 4464 no
1352 4392 1465 4464 unam
1488 4395 1606 4482 genter

498 4514 650 4586 livoniae
672 4514 814 4586 transire
836 4515 870 4588 in
893 4515 1049 4586 eumdum
1073 4514 1251 4586 trueilorla.

12 4682 26 4727 ll

10 4729 29 4860 p,
203 4760 310 4832 Faria
337 4760 488 4832 secunda
516 4759 552 4832 in
580 4761 682 4851 diei)
718 4761 1010 4834 denuntiationis
1043 4763 1192 4835 Sanctae
1227 4761 1357 4835 Mariae
1373 4763 1416 4851 ⁷),
1445 4762 1568 4835 multis
1595 4783 1648 4834 re-

90 4883 159 4955 bus
189 4880 346 4972 publicis
374 4887 409 4953 et
435 4881 585 4972 privatis
614 4882 650 4953 iu
678 4882 831 4955 ordinem
859 4882 1040 4974 repositis,
1069 4883 1225 4955 Iohanne
1252 4883 1453 4956 Luthkouis
1481 4883 1523 4956 de
1542 4885 1647 4955 Brae-

93 5024 177 5096 snye
208 5001 396 5093 utriusque
414 5001 509 5074 Iuris
533 5003 681 5076 Doctore
705 5003 853 5096 insigni,
883 5003 1054 5076 Canonico
1074 5002 1285 5092 Gnesneusi,
1316 5004 1359 5076 ad
1378 5003 1564 5077 Nicolaum
1582 5005 1648 5077 Pa-

10 5139 30 5180 ,„

10 5247 33 5389 ῗ
208 5291 233 5372 ¹)
258 5294 331 5354 illud
360 5281 424 5356 Ed.
455 5292 544 5377 Lips.
577 5293 603 5372 ²)
634 5294 788 5356 Saulicislri
817 5291 881 5356 Ed.
904 5293 996 5377 Lips.
1028 5294 1054 5374 ³)
1077 5296 1227 5372 peditibus
1257 5291 1320 5357 Ed.
1344 5292 1435 5378 Lipa.
1460 5292 1486 5375 4)
1509 5297 1651 5357 Polouiac

22 5429 31 5489 q
91 5401 177 5476 Rege
202 5394 268 5458 Ed.
292 5395 381 5478 Lupe.
407 5395 434 5482 ⁵)
451 5404 480 5460 et
502 5399 532 5458 in
557 5399 737 5473 quibuslibet
759 5399 838 5459 orbis
861 5399 1032 5475 regionibus
1055 5395 1119 5460 Ed.
1144 5396 1236 5481 Lips.
1261 5397 1287 5477 6)
1311 5400 1341 5458 in
1356 5399 1460 5475 vigilia
1476 5395 1539 5461 Ed.
1559 5397 1650 5481 Lupe.

10 5531 35 5605 ζ’)
95 5501 117 5573 ἵ)
144 5503 279 5563 Sanctae
301 5501 413 5562 Mariae
435 5501 566 5577 Virginis
589 5498 653 5562 Ed.
678 5498 770 5583 Lipa.
