4046 6278
398 539 474 613 420
908 559 1021 612 ursus
1047 558 1291 612 moouncmous
1320 541 1433 630 (nou).
1667 537 1734 638 (Α.
1755 537 1798 613 D.
1816 543 1916 645 ilii.)

396 861 588 951 sterpenoer
619 861 751 932 loedere
774 877 844 931 cum
867 859 995 938 lolouir
1017 861 1174 932 innorrre
1195 859 1384 932 inteniuut.
1414 859 1579 933 tonsore
1608 859 1840 934 ilerniereneir
1865 867 1917 941 lm

398 983 518 1072 ripinti
541 983 676 1054 millium
705 999 874 1056 aureorum
896 980 1107 1070 promissione
1131 997 1151 1050 e
1172 979 1332 1052 lienimiro
1354 979 1441 1068 aege
1468 980 1621 1068 olienis,
1644 983 1731 1053 omni
1754 999 1811 1054 ruo
1830 985 1921 1062 iunia

816 1100 914 1172 terrie
937 1100 1099 1175 flaroriee
1122 1103 1158 1172 et
1172 1099 1338 1173 lielrrenri
1361 1101 1539 1173 remuniri.

504 1349 648 1422 Saturni
675 1349 730 1421 die
758 1349 924 1421 uicesima
950 1349 1062 1440 prime
1091 1350 1306 1441 Septembris
1325 1350 1364 1439 ¹),
1393 1351 1436 1422 ad
1455 1350 1674 1424 Kaaimirum
1694 1352 1854 1426 Polouiae
1869 1357 1918 1430 lie·

399 1493 476 1564 gem
509 1471 601 1562 apud
629 1469 968 1542 Iuniulaolislariam
996 1475 1171 1562 agentem,
1208 1475 1379 1542 venerunt
1410 1470 1527 1544 nuntii
1561 1471 1669 1544 Ducis
1685 1470 1717 1561 2)
1755 1471 1920 1566 Stolpensir

401 1598 435 1664 et
463 1591 618 1683 episcopi
645 1589 918 1690 Kampenensis‚
949 1595 984 1662 et
1012 1590 1165 1662 omnium
1193 1590 1401 1663 militarium
1430 1595 1465 1663 et
1491 1590 1622 1664 civium
1649 1595 1764 1664 terrae
1789 1593 1919 1687 Stolpen·

402 1713 468 1801 sis,
497 1711 662 1785 videlicet
681 1713 806 1784 Frater
825 1710 966 1783 Ordinis
995 1710 1114 1784 Sancti
1143 1711 1311 1783 Iohannis
1339 1711 1603 1784 commendator
1631 1712 1674 1784 de
1694 1712 1843 1802 Slauuo,
1867 1718 1918 1790 lle

401 1835 515 1905 nosch
532 1830 561 1921 3)
590 1833 747 1905 Parehen
775 1831 942 1923 magister
970 1831 1099 1904 civium
1120 1832 1156 1904 in
1176 1831 1362 1924 Stergarol,
1388 1837 1424 1904 et
1441 1831 1593 1905 Mathias
1621 1832 1921 1929 Gonthersabergt

310 2025 315 2039 ,
401 1955 443 2026 de
470 1953 620 2026 Rebstin
653 1953 770 2040 miles,
798 1956 957 2043 petentes
986 1951 1146 2024 innovari
1174 1957 1210 2024 et
1238 1952 1397 2044 suppleri
1425 1951 1567 2027 foedera
1592 1953 1727 2024 dudum
1760 1954 1845 2026 inter
1871 1958 1919 2030 lte-

401 2095 508 2168 gnum
541 2072 708 2145 Poloniae
737 2077 772 2144 et
800 2073 974 2145 Ducatum
1007 2072 1228 2162 Stolpensem
1260 2073 1366 2161 inita,
1405 2076 1440 2145 et
1470 2073 1564 2146 filios
1596 2073 1707 2146 Ducis
1742 2074 1872 2149 Haurici
1896 2081 1921 2152 in

403 2193 670 2268 contubernium
697 2192 850 2266 filiorum
879 2191 988 2285 Regis
1016 2193 1159 2265 assumi.
1190 2194 1264 2265 Hos
1292 2193 1496 2265 Ksnimirus
1520 2193 1597 2267 Rex
1615 2193 1768 2287 benigue
1786 2199 1921 2273 tractatos

404 2322 439 2388 et
465 2318 721 2398 remuneratos,
754 2314 910 2404 beneque
938 2313 980 2385 de
1008 2313 1186 2400 omnibns,
1222 2333 1310 2404 quae
1342 2313 1533 2404 potierant,
1567 2335 1709 2406 sperare
1742 2314 1864 2406 iussos,
1885 2341 1921 2393 ro·

403 2434 517 2523 misit,
550 2434 671 2506 habite
704 2433 962 2506 consultatione
994 2454 1073 2506 cum
1102 2433 1329 2525 frequentiori
1362 2434 1643 2507 consiliariorum
1671 2457 1828 2526 numero,
1853 2441 1922 2513 fauo-

402 2555 514 2628 rabile
548 2576 754 2646 responsum
789 2555 960 2626 editurus.
1001 2555 1056 2626 Ex
1089 2554 1393 2628 quiwladislavia
1425 2560 1542 2628 autem
1568 2555 1605 2628 in
1633 2557 1796 2630 Kalisch’
1811 2579 1865 2650 pro
1885 2561 1923 2634 lio

405 2675 526 2749 Sancti
544 2675 726 2749 Michaelis
745 2695 968 2763 reversurus,
989 2675 1140 2748 diaetam
1159 2677 1305 2749 alteram
1324 2697 1403 2748 cum
1423 2675 1577 2749 Conrado
1592 2675 1694 2768 nigro
1710 2677 1805 2750 Duce
1819 2678 1922 2753 Olesoi·

405 2796 524 2870 caensi
551 2796 682 2885 tenuit,
715 2800 751 2870 et
777 2801 857 2888 post
881 2795 998 2868 uarias
1021 2795 1266 2884 difficultates,
1299 2817 1411 2889 usque
1438 2797 1482 2870 ao
1510 2796 1736 2870 iniectionem
1762 2798 1812 2872 rei
1834 2822 1922 2891 proce·

405 2918 543 3006 dentes,
572 2917 615 2989 ad
635 2915 928 3008 supplicationem
948 2921 983 2988 et
1001 2917 1295 2990 interventionem
1313 2917 1433 2990 Iodoci
1462 2917 1617 3010 episcopi
1636 2917 1922 3010 Wratislariensis,

406 3036 591 3110 Wilhelmi
617 3037 766 3109 iunioris
794 3037 836 3109 de
863 3036 1070 3130 Risemberg
1085 3037 1116 3127 ⁵)
1145 3041 1180 3110 et
1207 3037 1297 3110 Rabi
1325 3037 1469 3127 militis,
1499 3038 1560 3130 qui
1588 3059 1631 3112 ex
1650 3043 1754 3130 parte
1773 3040 1924 3114 Belemina

407 3156 515 3250 Regis
543 3157 586 3229 ad
615 3156 836 3230 metiendam
864 3157 956 3230 inter
982 3161 1100 3249 partes
1127 3157 1296 3230 destinati
1324 3158 1553 3248 monuerant,
1581 3160 1673 3232 hanc
1701 3159 1923 3234 conclusionem

406 3279 547 3352 finalem
579 3277 750 3368 captavit:
784 3283 824 3350 ut
852 3277 1017 3352 videlicet
1049 3279 1270 3372 Margaretha
1302 3279 1474 3353 Semooiti
1510 3280 1594 3352 olim
1631 3281 1743 3353 Ducis
1781 3281 1923 3354 llasorioe

408 3399 498 3488 filia,
528 3402 562 3470 et
581 3419 721 3470 consors
746 3419 831 3470 suus
865 3400 1042 3489 praelatus
1075 3401 1252 3472 Corradus
1280 3401 1362 3472 Dux
1390 3399 1664 3488 Olesniczeusis,
1700 3401 1795 3472 omni
1823 3401 1881 3473 iuri
1899 3402 1924 3472 in

407 3519 511 3593 terris
530 3519 707 3592 illasoviac
726 3523 762 3592 et
781 3519 963 3592 Belsnenei
984 3519 1053 3592 sibi
1072 3520 1298 3612 competenti,
1328 3521 1427 3594 cedet
1445 3525 1480 3593 et
1498 3521 1696 3609 renuntiet,
1719 3527 1755 3596 et
1772 3527 1845 3614 post
1860 3543 1923 3595 mor·

408 3645 478 3714 tem
507 3641 644 3726 Annae,
673 3638 817 3712 relictae
845 3640 927 3712 olim
956 3639 1146 3712 Wledislai
1175 3641 1351 3713 Maeoniae
1378 3642 1503 3730 Ducis,
1533 3641 1713 3714 conradus
1741 3643 1815 3734 ipse
1839 3643 1924 3714 olotern

408 3760 452 3832 ad
480 3781 517 3833 se
545 3760 795 3833 devolvendum
822 3780 891 3831 non
918 3765 1053 3852 repetat
1068 3761 1116 3849 6);
1145 3761 1349 3834 Kaaimirus
1376 3767 1492 3855 autem
1525 3761 1693 3835 Polouiee
1723 3764 1798 3837 Rex
1824 3765 1923 3855 praela

411 3887 468 3953 tae
495 3880 736 3972 Margarethae
763 3879 931 3953 Ducissae
959 3885 994 3954 et
1021 3881 1175 3954 consorti
1200 3902 1262 3954 suo
1282 3882 1371 3954 Daci
1390 3882 1543 3954 Conrado
1560 3883 1591 3972 7)
1619 3904 1805 3956 aureorum
1832 3883 1924 3976 ripirti

410 4000 539 4088 millia,
578 4001 670 4072 inira
701 4021 809 4072 annos
849 4005 999 4092 quatuor
1034 4002 1163 4090 danda,
1202 4001 1314 4094 primo
1352 4023 1442 4075 amno
1478 4023 1540 4095 pro
1569 4005 1660 4076 festo
1688 4005 1811 4077 Sancti
1839 4003 1923 4076 lacot‘

411 4121 566 4214 quinquo
594 4119 723 4208 millia,
752 4120 790 4192 in
817 4121 898 4193 aliis
925 4121 1077 4195 residuis
1092 4121 1123 4212 8)
1151 4122 1266 4196 tribus
1294 4123 1493 4215 quindecim
1519 4123 1633 4196 millia
1657 4126 1787 4198 solvat.
1815 4125 1923 4196 llrlia

410 4242 503 4315 lisclr
530 4240 731 4313 Kaaimirus
760 4241 836 4314 Rex
864 4241 900 4313 in
928 4243 1139 4316 Posuaniam
1168 4243 1311 4316 veniens
1341 4249 1375 4318 et
1403 4245 1522 4336 plures
1541 4245 1616 4318 olias
1635 4245 1716 4318 illic
1734 4267 1849 4339 agens,
1876 4245 1923 4316 lio·

414 4383 487 4435 cem
507 4362 700 4434 (lonradum
720 4361 1015 4452 Olesnicaensem,
1045 4385 1123 4436 cum
1152 4369 1311 4438 consorte
1339 4386 1403 4436 sua
1430 4365 1580 4438 Ducissa
1607 4366 1828 4460 Margaretha
1850 4366 1924 4437 alre

412 4483 627 4571 venientem,
658 4487 693 4554 et
721 4486 793 4555 tam
820 4505 882 4574 per
908 4484 1031 4557 literas
1059 4489 1237 4576 patentes,
1266 4507 1370 4577 quam
1398 4507 1482 4559 uoce
1510 4485 1607 4574 vira,
1641 4486 1731 4574 iuri,
1759 4481 1923 4578 proprietati

415 4609 449 4676 et
474 4603 581 4674 titulo
610 4606 780 4676 terrerum
810 4603 986 4678 Maeoniae
1005 4610 1040 4678 et
1059 4605 1258 4680 Belsaensis
1285 4607 1560 4694 renuntiantem,
1590 4606 1757 4698 plurimis
1785 4605 1923 4678 donisle·

413 4727 569 4812 moratos,
598 4723 641 4794 ad
668 4723 809 4816 propria
836 4724 997 4798 remittit.
1026 4726 1109 4798 Illic
1136 4727 1283 4800 ueniunt
1301 4727 1345 4798 ad
1364 4726 1584 4800 Kaaimirum
1607 4727 1745 4820 Regem
1764 4723 1921 4800 anullini·

413 4843 571 4916 litarium
598 4844 781 4932 Prussiae,
820 4844 964 4920 Gabriel
1001 4847 1042 4920 de
1070 4849 1208 4939 Bayseu
1241 4847 1420 4938 palatinus
1453 4847 1685 4936 Ohelmeusis,
1722 4849 1879 4921 Iohannes
1896 4843 1923 4916 lc

413 4966 552 5057 Baysen
571 4963 667 5036 filius
688 4963 834 5037 Stiborii
860 4966 1104 5058 gubernatoris
1123 4967 1304 5060 Prussiae,
1333 4972 1368 5040 et
1391 4966 1559 5040 Nicolaus
1578 4968 1766 5057 Pilawslri,
1793 4969 1921 5060 petentes
1977 5075 1979 5126 ⁴

521 5258 543 5339 ι)
567 5260 677 5320 mensis
700 5260 880 5336 Septembris
903 5255 966 5320 Ec.
990 5255 1079 5341 Lipe.
1104 5257 1131 5336 9)
1154 5259 1274 5320 Henriei
1296 5259 1389 5320 Ducis
1409 5255 1471 5322 Ec.
1488 5256 1579 5342 Lipa.
1596 5257 1624 5337 8)
1641 5261 1771 5322 Ioannes
1787 5246 1843 5321 Ed.
1857 5253 1919 5336 lips.

416 5362 442 5439 4)
466 5365 672 5439 Honternberg
693 5359 756 5424 Ed.
780 5360 871 5446 Lo’pe.
904 5361 929 5443 ⁵)
953 5363 989 5424 de
1011 5364 1194 5439 Ronemberg
1216 5359 1279 5424 Ed.
1304 5359 1396 5445 Lipe.
1427 5360 1453 5442 θ)
1477 5368 1592 5440 repetat
1614 5381 1767 5440 nunquam
1788 5359 1843 5424 Ed.
1862 5355 1921 5438 lips.

419 5465 445 5550 ⁷)
469 5467 604 5528 Conrado
628 5467 711 5531 Duce
734 5467 978 5551 Olyesehnicemsi
1001 5459 1064 5534 Ed.
1088 5463 1178 5555 Lo'pe.
1203 5464 1228 5548 Β)
1251 5467 1378 5533 rosiers
1401 5466 1487 5530 anuis
1509 5461 1572 5528 Ed.
1596 5463 1690 5551 Lipe.
