4046 6278
389 459 478 580 '410
909 528 1023 582 amna
1048 528 1293 584 nuonnennus
1321 510 1436 600 (xm).
1668 506 1737 608 (Α.
1755 507 1804 583 D.
1824 509 1939 610 1465.)

413 827 573 900 lohannes
595 825 811 900 maamad
833 829 964 917 propter
985 826 1097 900 hatrir
1118 828 1237 900 nonni
1259 829 1324 900 rin
1348 831 1383 900 et
1405 828 1565 918 rapinam,
1587 829 1629 901 da
1651 829 1774 902 aaran
1795 828 1928 919 leand,

878 946 1047 1020 Iidaanav
1070 949 1106 1020 et
1128 947 1277 1038 tllinpani
1300 951 1478 1020 amovetur.

503 1196 699 1269 Hibernnm
736 1200 771 1267 et
802 1194 1107 1288 Quadragesimale
1139 1199 1278 1287 tempus
1310 1195 1513 1268 Kanimirus
1545 1195 1714 1268 Poloniaa
1745 1201 1828 1272 Rex
1862 1199 1940 1288 apud

399 1315 610 1390 Lithnaniae
639 1335 733 1389 oram
761 1315 974 1404 demoratae,
1003 1317 1091 1388 festo
1119 1315 1274 1388 Pasehae
1301 1315 1395 1406 apud
1422 1314 1561 1389 Grodne
1588 1320 1730 1403 exarto,
1759 1315 1799 1388 in
1828 1316 1940 1390 Brass-

400 1456 482 1528 eape
508 1435 622 1525 venit3
651 1440 687 1508 et
713 1435 897 1509 Elisabeth
923 1435 1058 1528 Regina
1085 1435 1252 1510 Poloniae
1271 1435 1308 1509 in
1326 1435 1463 1508 Novam
1491 1435 1677 1510 Civitatem
1697 1435 1858 1508 Koreain
1874 1456 1941 1510 ann

399 1555 660 1648 impedimentis
686 1555 849 1644 remissa,
878 1555 954 1647 ipse
980 1577 1059 1629 enm
1086 1557 1208 1648 paneis
1236 1556 1274 1628 in
1300 1556 1482 1647 Leopolim
1510 1555 1701 1629 contendit.
1731 1555 1807 1629 Ubi
1829 1555 1866 1628 in
1884 1556 1941 1628 Ia-

401 1676 531 1749 miniea
562 1676 761 1750 Gonduetus
793 1677 948 1749 Pasehae
980 1676 1203 1768 perveniens,
1237 1681 1273 1748 et
1300 1678 1517 1768 frequentem
1544 1695 1588 1748 ex
1615 1674 1723 1748 terris
1751 1674 1904 1747 Russiae
1920 1677 1941 1764 1)

400 1801 437 1869 et
463 1797 629 1870 Podoliae
655 1797 824 1870 baronum
852 1801 887 1868 et
914 1795 1121 1869 militarium
1141 1801 1351 1870 sementum
1370 1795 1563 1883 offendens,
1592 1795 1758 1886 querelas
1778 1795 1940 1884 multipli-

401 1937 458 1991 ees
486 1923 521 1990 et
548 1922 683 1990 atroees
710 1922 830 1990 eontra
856 1917 1031 1988 Andream
1059 1915 1291 1990 Odrouanseh
1317 1937 1430 2008 nuper
1447 1915 1669 2004 demnatum,
1697 1913 1899 2006 palatinum
1914 1922 1943 1988 et

400 2036 621 2128 capitaneum
639 2035 919 2128 Leopeliensem,
939 2036 1003 2110 snb
1026 2037 1225 2128 praesentia
1243 2035 1402 2130 Gregorii
1419 2035 1662 2127 Leopoliensis
1681 2033 1941 2127 arehiepiaaopi,

321 2235 323 2240 ,
400 2155 568 2229 Iohannis
596 2156 853 2244 Graooviensis,
881 2156 1051 2230 Iohannis
1078 2156 1416 2249 Kamyenyeenensis
1432 2154 1463 2244 2)
1491 2155 1754 2247 episeoporum,
1785 2155 1942 2227 Iohannis

401 2275 444 2350 de
470 2276 673 2368 Rithwyani
705 2275 818 2368 Regni
850 2276 1016 2350 Poloniae
1053 2277 1231 2365 marsaloi,
1270 2276 1423 2362 audivit,
1457 2275 1553 2371 nulli¹
1579 2281 1697 2348 tamen
1728 2275 1942 2367 querentium

400 2397 645 2470 administrata
672 2402 793 2470 eontra
819 2397 960 2471 fratrem
988 2419 1089 2470 sunm
1117 2397 1324 2485 Iohannem,
1356 2396 1418 2488 qui
1446 2396 1514 2469 sibi
1532 2397 1570 2469 in
1587 2396 1689 2468 bonis
1721 2401 1941 2484 sueeesserat,

400 2521 436 2591 et
462 2519 524 2610 qui
550 2518 587 2590 ln
614 2517 779 2591 tresentis
807 2517 1034 2591 eltationibus
1062 2517 1310 2610 impetebatur,
1339 2517 1489 2590 iustitia.
1523 2515 1646 2608 Neque
1678 2515 1779 2590 enim
1807 2515 1942 2608 prolixi·

400 2641 456 2710 tas
495 2639 713 2730 querelarum
741 2642 776 2711 et
803 2637 1007 2730 magnitudo
1043 2642 1115 2710 tam
1143 2637 1351 2727 latinorum,
1384 2659 1488 2730 quam
1519 2636 1752 2724 iniuriarum,
1785 2637 1826 2708 in
1849 2637 1943 2729 longo

399 2761 554 2850 tempore
581 2757 839 2850 expeditionem
872 2757 1102 2850 snsoepieset,
1136 2779 1214 2831 eum
1242 2758 1286 2829 ad
1313 2757 1384 2830 alia
1411 2757 1489 2830 Rex
1521 2756 1722 2830 festinaret:
1757 2757 1944 2848 praefatum

400 2877 592 2951 Iohannem
619 2877 851 2951 Odrowanseh
878 2877 920 2950 de
948 2878 1074 2951 eastris
1101 2877 1262 2969 Leopoli,
1293 2878 1481 2965 Ridaenorr,
1512 2876 1678 2950 Snambor
1697 2882 1734 2949 et
1752 2876 1839 2949 aliis
1861 2897 1943 2948 ame·

400 2997 567 3084 nendum,
596 3003 632 3071 et
657 2997 695 3070 in
721 2997 837 3070 laeum
868 3017 986 3086 sunm,
1020 2997 1135 3070 virum
1168 2997 1321 3088 aliquem
1353 2997 1546 3070 modestum
1581 3002 1616 3070 et
1642 2997 1945 3070 administratione

404 3117 564 3191 institiae
590 3118 798 3210 pollentem,
828 3116 1111 3190 subaIItuendum
1139 3117 1304 3191 desuevit.
1338 3116 1493 3210 Quodne
1512 3117 1651 3190 facilius
1678 3117 1760 3190 Rex
1790 3118 1944 3204 efficeret

403 3259 574 3312 consensu
592 3238 750 3311 unanimi
768 3243 938 3311 terrarum
957 3238 1214 3330 Leopoliensis,
1234 3237 1417 3326 Podaliae,
1445 3237 1660 3311 Halioiensis
1680 3243 1716 3310 et
1735 3237 1944 3326 Belsaensis,

400 3359 443 3434 de
470 3357 645 3432 universis
674 3358 785 3431 laneis
814 3359 982 3447 fertones,
1011 3359 1053 3431 de
1081 3357 1231 3451 singulis
1259 3379 1341 3431 vero
1364 3359 1599 3449 praefatarum
1617 3363 1796 3431 terrarum
1815 3357 1944 3431 habita

400 3479 552 3569 toribus,
580 3479 738 3572 proprios
758 3479 851 3552 loeas
871 3483 906 3552 et
924 3478 1077 3551 familias
1094 3476 1124 3568 ³)
1151 3479 1379 3567 habentibus,
1408 3479 1530 3567 boves,
1559 3478 1690 3551 deereti
1711 3482 1799 3550 sunt
1820 3479 1865 3550 ad
1884 3477 1944 3550 sol·

401 3599 532 3673 vendas
559 3599 742 3691 peeunias,
771 3599 808 3671 in
835 3597 940 3672 dietis
968 3598 1092 3672 eastris
1121 3599 1379 3691 quomodolibet
1406 3619 1468 3690 per
1494 3599 1626 3690 Regem
1654 3597 1867 3690 inscriptas,
1894 3597 1945 3672 da

402 3726 604 3812 cretumque
637 3720 674 3793 in
706 3719 945 3794 executionem
977 3719 1151 3811 positum:
1189 3718 1345 3792 venditio
1377 3719 1481 3792 boum
1517 3719 1559 3795 ad
1591 3717 1722 3810 viginti
1762 3719 1882 3791 millia
1914 3738 1945 3790 se

401 3839 680 3929 extendentium,
705 3839 855 3912 Iohanni
873 3840 1119 3913 Raesehowshi
1133 3840 1164 3929 4)
1192 3839 1363 3912 Oanenioe
1382 3837 1601 3912 Crotoniensi
1621 3843 1655 3911 et
1674 3838 1863 3929 capitaneo
1882 3837 1945 3910 Ne·

400 3980 464 4033 vae
492 3959 655 4034 diritatis
687 3960 861 4033 mandata.
895 3959 962 4052 Qui
994 3960 1186 4033 inhaere
1214 3979 1356 4052 operose
1388 3979 1502 4051 agena-
1527 3962 1562 4031 et
1592 3958 1761 4046 fideliter,
1796 3956 1945 4032 uenditis

400 4080 529 4169 bobas,
556 4085 667 4154 terras
693 4079 958 4173 Leopoliensem
987 4085 1022 4152 et
1048 4079 1367 4166 Zidaeaoviensem,
1396 4083 1431 4151 et
1458 4082 1612 4152 nastrum
1631 4077 1803 4170 (ilinyani
1820 4077 1944 4170 nigInti

400 4200 560 4275 millibus
587 4221 608 4274 a
634 4202 790 4293 praelato
817 4200 974 4274 Iohanne
1002 4198 1231 4273 Odrouansoh
1260 4198 1436 4273 liberarit.

427 4551 464 4628 ln
486 4555 703 4666 terrentiano
725 4555 869 4644 generali
892 4554 978 4644 apud
1000 4553 1120 4626 boran
1142 4553 1318 4625 divitatem
1339 4551 1477 4624 horaria
1498 4551 1658 4624 instituta
1680 4551 1925 4624 eantrlhutiam

509 4675 686 4760 lenonum,
710 4673 750 4748 de
771 4673 856 4746 bello
878 4673 1070 4746 lntheniao
1093 4676 1129 4746 at
1151 4674 1192 4747 de
1215 4671 1392 4746 ebaldanda
1414 4671 1597 4761 dhopniaaa
1620 4672 1842 4745 animatu.

503 4921 622 4996 Rebus
654 4920 805 4994 Russiae
836 4921 966 4994 enrsim
993 4925 1028 4995 et
1054 4919 1288 5014 perlunotorie
1321 4918 1510 5012 expeditis,
1543 4918 1748 4992 KarimIrus
1780 4919 1943 4992 Pelopiae

400 5042 478 5116 Rex
506 5042 550 5114 ad
576 5041 839 5115 conventionem
870 5042 1082 5134 generalem,
1112 5053 1178 5132 'pre
1205 5041 1262 5116 die
1288 5037 1372 5113 Maii
1388 5039 1419 5129 5)
1451 5039 1653 5114 duodeeIma
1685 5039 1781 5132 apud
1811 5039 1941 5112 Noram

508 5313 531 5397 1)
555 5317 695 5379 Prassiae
715 5314 780 5379 Ed.
803 5311 895 5400 Dipo.
920 5313 946 5396 ¹)
969 5315 1194 5378 Gameneoeasis
1217 5311 1281 5377 Ed.
1305 5311 1398 5397 Lips.
1423 5312 1448 5392 ³)
1470 5314 1611 5375 familiam
1633 5309 1698 5375 Ed.
1722 5309 1817 5396 Εἶρα.
1844 5311 1872 5393 ⁴)
1892 5311 1942 5374 Ro·

401 5418 524 5482 stowslri
548 5413 624 5483 ooo.
649 5413 738 5484 Calo.
761 5418 933 5483 Kealowslri
957 5412 1034 5484 Coe.
1057 5416 1164 5482 Praese.
1189 5416 1216 5498 ⁵)
1238 5418 1350 5480 Mensis
1372 5417 1445 5478 Maii
1468 5413 1531 5488 Ed.
1556 5413 1645 5498 Lipa.
