4052 6286
107 532 180 632 (Α.
199 535 245 610 D.
266 533 393 634 1466.)
621 558 741 623 ¹numa
768 559 1012 610 uuonscnmns
1040 543 1154 628 (xum).
1588 540 1663 610 465

107 747 195 814 nato
223 749 366 830 aventu,
399 747 473 814 tum
508 743 599 834 qnod
628 742 703 816 illis
741 765 807 815 non
845 743 1033 830 adhibitis,
1067 743 1189 816 soedns
1218 744 1324 816 iatnm
1355 745 1483 832 inerat,
1517 745 1661 836 deputa·

110 862 200 936 bant
228 862 455 956 ignominiae,
484 867 557 934 tum
588 863 679 954 qnod
708 884 744 936 ra
772 863 913 954 publiea
936 864 1030 936 bello
1050 869 1252 952 exonerata,
1282 869 1317 936 at
1344 886 1399 951 aa,
1429 886 1516 956 qnae
1545 887 1663 938 amnu-

106 1002 192 1076 gere
220 983 394 1071 solebant,
422 983 557 1074 rapturi
587 1005 654 1054 non
683 989 815 1070 assent,
845 989 880 1055 at
908 1005 996 1076 quaa
1024 983 1230 1056 detinebant
1257 984 1405 1076 regalia,
1435 985 1529 1076 Roga
1557 1006 1660 1076 paen·

108 1103 247 1176 uiarum
281 1103 530 1177 abundantiam
562 1109 764 1190 eonseeuto,
798 1102 974 1176 amissuri.
1008 1104 1223 1178 Nitebantnr
1243 1106 1268 1193 ¹)
1304 1105 1409 1176 etiam
1438 1126 1499 1196 par
1526 1125 1661 1178 eoeeam

108 1221 297 1312 invidiam,
326 1245 461 1312 aarum,
491 1224 551 1316 qui
579 1245 699 1315 paoem
726 1245 795 1296 aren
823 1222 898 1296 sina
926 1224 1080 1310 euidenti
1101 1233 1136 1296 at
1155 1225 1339 1296 manifesto
1368 1229 1511 1316 propter
1529 1231 1662 1315 pastam

106 1344 252 1417 assidue
277 1351 496 1437 grassantem
524 1343 696 1436 perieulo,
726 1349 962 1416 troetarerant
989 1349 1024 1416 at
1047 1345 1280 1432 confecerant,
1310 1345 1403 1436 qnod
1423 1345 1490 1416 soli
1510 1345 1574 1417 illa
1593 1367 1662 1418 uon

107 1465 406 1556 assequebantur,
436 1463 585 1538 honoras
609 1485 828 1556 eorrumpere
846 1472 881 1536 at-
899 1465 1069 1555 praemia:
1103 1464 1262 1556 potuisse
1295 1465 1418 1538 eonfiei
1445 1487 1563 1556 paoem
1592 1487 1661 1538 ma·

106 1584 249 1672 liorem,
283 1585 448 1677 paeisqua
481 1585 698 1658 conditiones
732 1584 931 1673 feraciores,
967 1585 997 1656 si
1030 1584 1274 1676 praecipitatio
1303 1607 1371 1658 non
1400 1585 1660 1672 intervenisset,

105 1710 146 1778 at
173 1727 244 1780 rem
272 1706 444 1798 integram
472 1705 516 1778 ad
544 1705 807 1778 conventionem
830 1706 1027 1797 generalem
1047 1705 1083 1776 in
1103 1705 1289 1797 Pyotrkow
1307 1706 1491 1778 tenendam
1511 1707 1661 1808 dilatum

104 1825 156 1898 iri
182 1825 390 1918 placuisset,
420 1826 624 1912 astruand03
653 1825 768 1917 ignari
786 1846 902 1898 rarum
920 1826 1169 1914 humanarum,
1201 1847 1289 1918 quae
1308 1827 1423 1899 fluxae
1442 1847 1482 1898 ae
1500 1827 1660 1912 mobiles,

105 1966 213 2040 saepe
231 1946 268 2018 in
287 1947 448 2034 adversa,
470 1946 608 2038 quatias
627 1945 818 2018 moderatio
838 1951 873 2018 at
891 1945 1050 2037 aequitas
1070 1936 1159 2018 illas
1172 1968 1239 2018 uon
1259 1947 1406 2034 rexerit,
1434 1947 1554 2050 diutine
1573 1953 1661 2018 nutu

105 2072 311 2140 vertuntur:
331 2088 410 2138 eum
428 2065 547 2158 potius
566 2066 838 2140 elementissimo
858 2066 930 2138 Deo
948 2065 1083 2158 gratiae
1102 2067 1291 2140 immensae
1306 2067 1349 2139 ab
1364 2067 1539 2148 ninivensis
1555 2088 1658 2160 agan-

104 2186 174 2260 dae
206 2188 333 2276 iorant,
369 2186 461 2279 quod
491 2188 535 2260 ad
562 2207 682 2278 paoem
714 2185 835 2278 aequis
868 2177 1128 2259 conditionibus
1161 2187 1366 2276 ineundam,
1400 2187 1491 2280 parti
1520 2187 1660 2280 uitrique

103 2307 260 2396 animos,
289 2312 508 2399 mentemque
533 2307 709 2380 tribuerit.
744 2306 968 2380 Mareenariia
996 2307 1140 2399 insuper
1158 2307 1333 2380 militibus
1361 2330 1430 2400 pan
1459 2308 1536 2400 ipsa
1564 2309 1658 2380 sordi

103 2449 178 2500 nen
197 2435 286 2516 erat,
314 2429 481 2520 pacisque
499 2449 567 2499 non
580 2427 781 2519 probabant
800 2427 971 2518 eapitnla:
1001 2427 1061 2520 qui
1086 2428 1198 2501 veluti
1217 2428 1302 2501 belli
1322 2428 1573 2517 instrumenta,
1594 2429 1659 2502 sub

102 2569 193 2639 paea
224 2549 340 2622 minus
369 2568 406 2622 sa
433 2569 578 2642 pansum
613 2547 674 2636 iri,
709 2551 745 2620 at
776 2547 927 2639 pretium
961 2569 1045 2620 suaa
1072 2548 1329 2622 aestimationis
1357 2555 1392 2622 at
1419 2550 1585 2638 militiae,
1621 2569 1661 2622 aa

102 2674 244 2758 seeuta,
274 2669 431 2742 seiabant
458 2690 632 2742 aasnrnur.
662 2669 713 2740 De
740 2669 806 2740 bae
832 2673 948 2741 autern
968 2689 1052 2760 paea
1075 2673 1110 2741 at
1128 2668 1276 2742 viatoria
1304 2669 1448 2742 Pelouis
1467 2691 1579 2761 naqna
1599 2691 1656 2742 sn·

101 2788 352 2880 perblandum,
384 2810 497 2882 nequa
529 2789 750 2882 gloriandum
783 2793 852 2860 est:
887 2793 1009 2881 utpote
1042 2810 1130 2880 quaa
1165 2810 1235 2862 nou
1272 2811 1390 2870 aarum
1423 2790 1575 2879 viribus,
1605 2790 1657 2862 in-

101 2910 244 2984 dustria
271 2915 333 2982 aut
361 2908 501 2999 marito,
531 2911 591 2984 sed
619 2909 695 2982 sola
722 2907 932 3001 provenit2)
960 2909 1209 3000 propitiatione
1236 2910 1373 2998 divina3
1406 2911 1656 2984 venerandum·

103 3052 176 3123 qua
204 3030 291 3122 ipsis
311 3035 346 3102 at
364 3029 506 3104 assidua
523 3029 789 3123 glorifieaudum
809 3050 932 3102 neman
952 3029 1126 3119 divinum,
1147 3031 1376 3123 fortunaeque
1396 3031 1657 3124 expavescenda

101 3150 343 3238 mutabilitas,
378 3154 414 3222 at
444 3151 480 3222 id
512 3150 662 3224 maxima
694 3155 728 3224 et
761 3155 841 3223 anta
876 3150 992 3223 omnia
1023 3150 1308 3244 intelligendum,
1350 3153 1655 3244 sentiendumque:

101 3270 270 3344 Dominio
298 3276 332 3342 at
358 3269 518 3363 regiones
546 3271 649 3344 faeila
676 3270 808 3359 amitti,
843 3292 930 3364 quas
958 3271 1160 3365 eontigerit,
1194 3277 1256 3344 aut
1283 3272 1446 3364 oeerrpari
1474 3295 1536 3364 par
1564 3272 1655 3344 inin-

99 3390 211 3480 riam,
239 3397 301 3466 aut
328 3391 403 3465 iura
431 3397 466 3464 at
493 3391 634 3464 iustitia
660 3412 730 3464 nou
758 3391 1008 3466 administrari.

102 3746 295 3836 natantur
316 3746 457 3836 legatum
480 3717 682 3835 apostoliens
709 3745 825 3818 innata
853 3746 1028 3833 modestia,
1055 3747 1255 3838 amplissima
1277 3747 1362 3820 dour
1385 3747 1481 3838 bagis
1505 3747 1656 3820 Kariniri

99 3868 230 3954 saurim
252 3867 409 3958 lamam
430 3889 508 3944 varo
531 3875 711 3947 ludovium
733 3892 804 3946 auro
826 3875 895 3946 auia
922 3875 1201 3966 prinaipalioribus
1230 3877 1407 3949 bonoratur
1436 3878 1511 3949 illia.
1543 3878 1656 3967 legati

100 3985 150 4058 ad
171 3986 284 4058 &dan
314 3989 529 4078 apostoliam
559 4012 616 4084 pro
646 3995 863 4067 aonlrurndo
893 3995 1022 4068 leaders
1052 3997 1140 4068 inter
1169 3997 1304 4070 Paloura
1332 4001 1367 4070 at
1390 3998 1566 4070 brueilaroa
1588 3999 1655 4070 iata

788 4116 975 4190 mittuntur.

209 4357 455 4434 Honoraturus
487 4360 690 4434 Karimirns
723 4363 889 4436 Poloniaa
918 4365 995 4438 Rex
1023 4365 1249 4457 Rudolpbnm
1277 4365 1509 4460 apostolieum
1543 4353 1651 4460 Lega-

98 4480 198 4564 tum,
231 4498 332 4550 suum
366 4479 433 4552 iam
468 4501 512 4554 ax
545 4481 686 4554 Thorun
718 4482 754 4556 in
782 4483 1049 4556 Wratislaviam
1081 4485 1418 4578 appropinquantem
1446 4487 1651 4574 dissessum,

99 4601 141 4669 at
158 4597 311 4686 laboras,
341 4619 427 4690 qnos
450 4600 483 4672 in
503 4601 714 4675 eonbeienda
732 4624 816 4694 paea
836 4604 1014 4676 mensibus
1032 4626 1140 4696 propa
1159 4606 1294 4679 dnobus
1313 4607 1522 4698 pertulerat,
1552 4629 1650 4699 praa·

99 4716 293 4804 minturnas,
322 4725 472 4810 quatum·
499 4720 555 4794 illi
583 4729 766 4815 argenteas
785 4725 953 4797 santellas
973 4731 1008 4798 at
1026 4725 1113 4798 duas
1132 4727 1268 4818 pelves,
1299 4727 1571 4820 quadringentos
1591 4729 1651 4800 ilo·

98 4858 206 4910 renos
234 4837 269 4910 in
298 4861 398 4929 anro,
428 4846 578 4933 quatuor
604 4843 754 4935 piearios
782 4845 967 4918 deauratos
984 4844 1026 4934 ³),
1060 4855 1177 4920 vastas
1210 4847 1424 4939 multiplicas
1462 4848 1652 4920 sabellinas

98 4962 140 5031 et
167 4959 401 5048 mardnrinas,
430 4983 584 5054 purpura
611 4965 721 5037 nobili
749 4971 948 5054 contextas,
982 4987 1089 5058 equos
1122 4967 1390 5059 pulcherrimos,
1419 4974 1454 5039 et
1481 4969 1652 5040 nonnulla

99 5077 176 5151 alia
202 5080 386 5172 magnibea
414 5082 503 5154 dona
531 5083 633 5156 iuxta
660 5085 823 5158 maritum
852 5087 1074 5160 transmittit.
1104 5087 1198 5178 Quae
1216 5093 1315 5179 pater
1333 5089 1412 5176 illa,
1433 5110 1497 5160 sua
1516 5088 1579 5160 illa
1597 5109 1651 5160 ea·

98 5199 193 5272 labri
225 5201 395 5273 modestia
428 5203 604 5296 suseipara
636 5211 860 5298 aspernatus,
899 5227 941 5280 ne
973 5207 1042 5280 sibi
1074 5207 1199 5300 probro
1231 5209 1432 5297 baberetur,
1470 5207 1653 5280 humiliter

213 5457 236 5539 ¹)
260 5459 474 5522 Committauda
499 5457 575 5523 t'oa.
599 5459 714 5523 Przaz:
732 5461 756 5542 ²)
779 5462 915 5538 parvenit
937 5458 1000 5524 Ed.
1023 5459 1114 5545 Lips.
1139 5461 1165 5542 ³)
1187 5464 1294 5540 poeula
1316 5463 1457 5524 deaurata
1472 5459 1535 5525 Ed.
1559 5433 1652 5547 Lipr.

126 5610 151 5655 s.
163 5610 260 5661 uram
273 5611 335 5654 maa
348 5613 428 5657 nanu.
443 5613 468 5656 r.
478 5613 506 5655 v.
1366 5629 1370 5638 ·
1443 5598 1479 5652 59
