4052 6286
100 523 233 624 (Α.’11.
253 524 380 625 toto.)
406 541 407 545 ‘
613 551 726 604 treus
751 551 995 606 nuonnomue
1022 535 1137 623 (xm).
1569 533 1640 608 511

99 733 279 822 darentur,
307 733 524 808 differebant.
552 735 607 806 lix
635 735 796 809 omuibus
824 736 949 810 deindo
974 735 1195 810 districtibus
1222 737 1310 810 duos
1332 738 1456 831 legunt
1487 739 1643 829 nuntios,

98 857 308 944 potestatem
335 853 379 926 ad
406 853 692 928 consentiendum
719 855 756 926 in
783 855 977 928 modestum
1006 856 1202 930 subsidium
1220 856 1416 932 habituros.
1445 857 1641 932 111616666-

97 973 163 1063 ris,
192 973 304 1065 prima
329 974 416 1048 iulii
436 975 474 1064 ¹),
503 973 704 1048 Karimirus
722 975 800 1048 Rex
819 975 860 1049 de
879 974 1028 1050 Vielieia
1047 995 1224 1069 egressus,
1252 998 1315 1070 per
1337 977 1540 1068 Gbuuonini,
1562 987 1638 1052 666-

99 1097 241 1186 turaque
269 1096 346 1169 lota
372 1095 409 1168 in
436 1095 529 1168 Kolo
561 1094 737 1187 peruenit:
770 1094 831 1168 ubi
863 1094 969 1168 ulium
1002 1095 1282 1186 subventionem,
1316 1118 1379 1189 pro
1411 1097 1467 1171 die
1495 1098 1643 1173 Snuotne

98 1213 353 1306 llarguretbse,
381 1235 459 1286 oum
487 1214 661 1288 militibus
677 1212 708 1305 ²)
737 1220 908 1288 terrarum
935 1215 1078 1289 blaioris
1105 1213 1289 1306 Poloniae,
1319 1219 1451 1309 parab
1479 1217 1554 1292 illis
1582 1219 1640 1292 de·

98 1353 244 1424 poscens
271 1332 492 1426 suffragium,
522 1334 647 1407 tonuit.
678 1333 732 1407 Ibi
761 1355 898 1426 quoque
925 1356 980 1408 ros
1008 1335 1044 1408 in
1073 1336 1219 1408 alterum
1238 1337 1389 1410 (11661666
1418 1342 1495 1410 6616
1517 1337 1641 1410 diebus
1680 1415 1682 1420 ,

97 1456 178 1524 ante
207 1452 330 1526 Sauoti'
353 1452 536 1526 lliobeelis
564 1454 693 1526 festum
722 1453 758 1526 in
786 1455 904 1527 eodem
932 1455 1007 1527 loeo
1036 1455 1234 1544 tenendam,
1264 1461 1421 1530 extrsota
1448 1463 1513 1530 est.

95 1805 254 1895 lorum
275 1823 392 1896 magne
413 1806 594 1878 innndntin.
618 1805 777 1878 16616166
798 1806 949 1880 l‘olonlne
970 1807 1055 1898 bego
1077 1809 1112 1879 ln
1135 1807 1265 1880 11616661
1287 1811 1518 1894 remorante.
1540 1811 1641 1882 trlbn·

95 1927 166 1996 tnm
189 1943 245 2016 gru
264 1926 429 2000 soluendis
451 1925 625 2015 etinmdiir
646 1925 800 1998 inuititur
827 1927 1018 2000 oirltrtibrr
1039 1927 1202 2014 16666166,
1225 1931 1260 2000 61
1282 1931 1352 2000 tren
1374 1928 1544 2000 dintrlrtrr
1566 1929 1642 2002 obli·

658 2048 728 2135 gre
750 2045 828 2144 ltegi
850 2047 1080 2120 restituuntur.

200 2293 254 2364 lix
281 2292 373 2364 Kolo
405 2291 607 2364 Kanimirus
639 2293 717 2366 Rex
733 2291 763 2382 3)
796 2315 859 2385 666
889 2294 995 2367 661116
1027 2295 1103 2366 1666
1136 2294 1173 2366 in
1205 2292 1424 2386 Eldgostiam
1450 2295 1637 2384 prooessit:

91 2411 158 2484 ubi
184 2411 306 2484 diebus
333 2412 468 2504 aliquot
495 2413 646 2501 exuatis,
675 2412 831 2486 Iobsuue
850 2413 1111 2506 arehiepisoopo
1129 2413 1325 2488 linesuensi
1344 2412 1638 2502 (valetudinarius

91 2532 188 2606 enim
215 2537 290 2604 erat
308 2536 344 2605 et
361 2531 555 2624 paralytisa
582 2531 800 2624 aegritudine
819 2533 984 2606 inlabere
1012 2532 1174 2622 sinistro,
1203 2533 1286 2604 dum
1305 2532 1398 2624 opud
1417 2532 1637 2626 Bidgostiam

91 2656 206 2724 staret
220 2652 263 2740 ⁴),
292 2654 494 2743 pereussos)
523 2651 560 2722 in
587 2651 727 2742 proprio
752 2652 916 2740 remisso,
945 2653 1021 2744 ipse
1048 2674 1127 2726 oum
1154 2651 1300 2726 66616616
1327 2651 1501 2724 Ρ66616116
1524 2657 1560 2725 61
1577 2653 1636 2726 ba-

89 2770 238 2842 ronibus
275 2776 380 2862 etque
414 2770 586 2843 militibus
614 2771 728 2862 Regni
764 2771 801 2844 in
828 2771 1008 2844 Prussiom
1036 2791 1262 2864 processurus
1278 2769 1322 2859 ⁵),
1351 2771 1456 2844 tertia
1482 2771 1537 2845 die
1564 2773 1637 2844 Au·

88 2891 207 2983 gusti,
236 2889 420 2982 Bidgostie
451 2909 628 2982 egressus,
662 2890 844 2965 Elisabeth
877 2885 1013 2984 Regino
1045 2892 1226 2965 licentiata
1254 2895 1289 2963 ot
1316 2890 1352 2961 iu
1380 2891 1638 2982 Nyesoboriem

87 3010 256 3098 remisse,
285 3029 347 3102 666
373 3009 495 3099 Noae,
525 3009 665 3101 1166666,
696 3010 879 3103 Sturgurd,
908 3011 994 3084 feria
1022 3011 1146 3103 quinta
1163 3011 1200 3082 in
1219 3010 1373 3082 erastino
1400 3009 1521 3083 Sanoti
1545 3011 1636 3084 Lau-

88 3129 219 3216 rentii,
247 3128 442 3201 Tertiurum
470 3131 570 3216 bora,
605 3149 683 3201 oum
711 3151 836 3222 magna
862 3131 977 3222 gloria
1008 3135 1044 3203 61
1070 3130 1107 3202 in
1134 3129 1255 3221 populi
1284 3131 1339 3200 sui
1367 3129 1519 3202 maxima
1546 3132 1635 3202 mul·

87 3247 266 3337 titudine,
304 3248 483 3320 divitatem
521 3269 619 3320 suam
655 3248 787 3340 regiam
818 3249 961 3324 Gdanslr
988 3250 1199 3343 ingreditur:
1236 3247 1457 3340 prooessiono
1492 3249 1638 3322 duorum

87 3368 351 3460 episeoporum,
380 3367 499 3440 Isoobi
527 3367 1088 3468 1116116166166616611116666111
1115 3369 1327 3455 dulmensis,
1355 3373 1460 3459 atque
1484 3369 1637 3442 omnium

87 3487 335 3576 ecelesiarum,
369 3487 566 3578 plausuque
598 3493 633 3560 61
665 3487 775 3561 iubilo
807 3489 960 3562 omnium
997 3489 1192 3563 Gdanensis
1226 3487 1382 3560 divitatis
1415 3489 1636 3580 populorum,

86 3607 232 3680 obuiam
257 3607 315 3680 illi
339 3607 383 3678 ad
400 3628 509 3679 unum
537 3606 688 3680 milliure
715 3607 888 3697 euntium,
918 3609 1084 3700 66666166
1112 3613 1166 3680 661
1193 3613 1228 3680 61
1255 3606 1408 3680 omnium
1428 3607 1635 3680 uiotualium

84 3726 291 3818 provisione
310 3726 446 3799 abunde
464 3725 742 3798 administratus.
763 3727 890 3800 Tenuit
908 3732 1025 3800 autom
1043 3748 1104 3818 pro
1119 3726 1175 3799 die
1195 3725 1315 3798 Sanoti
1334 3726 1636 3816 Bartholonreit)

83 3865 199 3918 unum
225 3847 376 3920 diuetnm
403 3847 440 3918 in
468 3845 626 3932 (16166616,
659 3847 805 3920 alterum
835 3867 898 3940 pro
930 3847 986 3920 die
1014 3846 1195 3919 Dominioo
1221 3849 1301 3936 post
1320 3844 1440 3917 Saneti
1467 3845 1634 3937 Egidiil)

83 3966 129 4038 in
158 3966 390 4058 blarienburg.
424 3965 496 4037 Sub
525 3987 593 4056 quo
621 3969 791 4057 tempore,
824 3967 906 4038 dum
939 3967 1044 4040 tertia
1076 3966 1206 4039 mensis
1239 3963 1393 4056 Augusti
1407 3963 1451 4053 8),
1488 3965 1572 4037 luno
1599 3967 1636 4038 iu

84 4087 194 4158 domo
227 4085 350 4158 blurtis
382 4085 508 4158 luisset
540 4085 725 4176 soliorum,
761 4086 815 4157 vis
843 4089 968 4179 magna
995 4086 1174 4172 imbrium,
1208 4105 1385 4176 nunquam
1417 4089 1520 4156 antea
1546 4084 1635 4173 visa,

82 4226 182 4298 quae
208 4207 389 4292 mortales,
419 4225 605 4297 eorumque
632 4209 766 4298 segetes
794 4211 829 4278 et
856 4209 979 4297 peoora
1011 4205 1133 4278 multis
1161 4203 1276 4278 6116611
1307 4203 1552 4292 incommodis,
1581 4225 1633 4278 se·

58 4329 176 4420 'outa
201 4331 270 4412 est,
300 4324 384 4397 adeo
411 4323 565 4411 intensa,
594 4330 634 4395 ut
662 4324 826 4416 oppidum
855 4325 1051 4398 Strudomia
1078 4345 1156 4398 oum
1184 4323 1258 4396 suis
1286 4323 1444 4396 euolesiis
1472 4326 1507 4395 et
1524 4322 1633 4396 domi·

81 4445 176 4532 bus,
213 4445 286 4516 6116
317 4443 545 4516 inundatione
577 4445 780 4536 compleret,
818 4448 853 4515 et
884 4465 996 4536 usquo
1028 4445 1070 4516 ad
1103 4464 1219 4516 muros
1237 4462 1357 4534 66666
1388 4441 1635 4516 draoorienses

80 4570 327 4658 grassaretur:
349 4583 457 4655 equas
476 4562 716 4634 inundationis
736 4563 950 4654 piscinarum
969 4563 1158 4637 adiuvante
1175 4567 1333 4654 ruptura.
1360 4562 1633 4653 Interponebun·

82 4691 152 4756 tur
177 4691 292 4756 autom
321 4683 416 4776 Rege
443 4689 558 4755 stante
585 4681 623 4754 in
651 4681 809 4770 (16166616,
842 4703 904 4774 666
931 4684 1005 4756 dies
1033 4682 1195 4775 triginta,
1229 4702 1291 4773 per
1325 4681 1544 4755 oonsiliarios
1580 4703 1632 4756 66-

79 4804 168 4898 gios
183 4801 214 4891 9)
241 4803 331 4874 varii
359 4803 545 4889 1666161666,
575 4807 611 4873 61
638 4801 842 4895 suffragium
868 4803 1050 4894 peounialo
1081 4823 1142 4894 pro
1171 4801 1348 4874 soluendis
1381 4800 1633 4892 stipendiariis,

80 4945 105 4996 6
129 4921 273 4996 diritate
301 4921 477 4994 Gdeneusi
508 4921 546 4993 iu
565 4943 699 4993 summa
726 4921 875 4995 notabili
905 4923 1099 5014 petebatur.
1129 4921 1222 5012 Quae
1249 4941 1327 4992 oum
1353 4925 1514 4993 reeuseto
1544 4919 1630 4992 inis·-

121 5197 126 5207 ’
200 5193 531 5290 ι116666616Ι6111Ε<16
556 5191 644 5293 [ips.
677 5192 902 5292 ¹)bllilitaribus
933 5197 996 5277 Ed.
1026 5208 1116 5294 Lipa.
1148 5207 1175 5290 ³)
1198 5201 1347 5272 Polonias¹
1368 5199 1432 5272 Rex
1455 5197 1522 5272 Ed.l
1542 5205 1635 5293 Lepi.

82 5314 113 5394 ⁴)
141 5315 218 5376 foret
238 5311 302 5376 Ed.
325 5311 415 5397 Lipe.
448 5312 474 5392 ὅ)
503 5313 648 5389 prooessit
676 5309 855 5395 1161666.
887 5311 914 5392 ⁸)
937 5315 1038 5376 Ssnoti
1060 5309 1277 5374 Bartholomeei
1298 5311 1434 5389 Apostoli
1456 5307 1520 5382 ed.
1544 5309 1634 5394 Dipo

83 5418 113 5497 7)
143 5424 212 5494 6661
233 5416 339 5478 festum
362 5417 462 5478 Ssuoti
484 5406 797 5498 Α661111Εᾶ.ί166.
823 5414 849 5494 ⁸)
872 5417 999 5511 1666611
1021 5417 1069 5476 (116
1091 5411 1153 5478 ed.
1178 5411 1268 5500 Lipe.
1293 5409 1320 5493 ¹)
1343 5413 1434 5492 Regis
1457 5410 1634 5496 1366666.
