4264 6280
415 497 462 568 64
923 515 1040 568 crena·
1062 445 1308 568 nuouncnrue
1336 497 1449 586 (xm).
1686 490 1752 594 (Α.
1774 490 1969 589 [1..1449.)

418 701 652 792 ,diffundens
690 702 726 774 in
763 705 952 794 conspectu
989 701 1054 776 Dei
1081 707 1116 775 et
1143 701 1323 776 hominnm
1359 703 1489 780 honore
1517 699 1593 792 ipso
1621 699 1759 790 dignior
1788 700 1964 774 habearis.

419 823 569 912 ,Datum
588 823 754 896 Fabriani
775 823 1005 896 Gameriensis
1025 823 1219 908 Dioecesis‚
1250 825 1351 894 Anno
1380 821 1639 897 incarnationis
1659 821 1860 894 Dominicae
1883 821 1965 892 llil-

418 943 563 1032 ,lesimo
598 943 940 1036 quadringentesimo
975 943 1240 1036 quadragesimo
1279 963 1386 1030 nono,
1426 941 1556 1033 Quarto
1594 941 1762 1016 calendas
1799 941 1969 1033 Augusti,

419 1063 672 1152 ,Pontificatus
700 1063 813 1136 nostri
840 1085 930 1138 anno
958 1063 1102 1138 tortio“.
1361 1143 1369 1172 κ

518 1183 703 1256 Praelatus
732 1189 849 1258 autem
878 1183 1053 1277 Sbigneus
1082 1184 1277 1256 Cardinalis
1306 1204 1384 1256 cum
1413 1185 1507 1257 omni
1533 1184 1735 1256 humilitate
1754 1189 1788 1257 et
1807 1203 1971 1256 mansue·

414 1304 536 1378 tudine
577 1304 615 1376 in
651 1304 814 1378 lacrimas
850 1306 1044 1392 resolutus,
1082 1304 1238 1398 insignia
1273 1307 1431 1396 praelata
1467 1305 1657 1395 accipiens,
1696 1325 1802 1396 agens
1832 1304 1972 1396 gratias

415 1424 646 1516 omnipotenti
682 1426 753 1497 Deo
782 1429 817 1498 et
844 1446 928 1498 suae
956 1425 1147 1516 Genitrici,
1181 1405 1317 1517 totique
1344 1426 1488 1500 coelesti
1521 1425 1660 1514 Curiae,
1694 1431 1798 1517 atque
1826 1424 1974 1502 Summo

416 1544 580 1618 Pontifici
601 1545 627 1634 ¹)
655 1544 802 1616 Nicolao
831 1545 970 1636 quinto,
1004 1545 1184 1638 dirigendo
1213 1545 1319 1618 verba
1346 1546 1389 1621 ad
1416 1546 1634 1637 praedictum
1662 1545 1853 1618 Iohannem
1881 1545 1972 1616 Dlu-

414 1666 538 1757 gosch,
567 1670 623 1737 est
641 1685 727 1736 usus
750 1666 976 1756 responsione
992 1665 1038 1756 2).
1068 1665 1190 1757 daal)
1219 1666 1397 1756 expedita,
1428 1667 1555 1741 chorus
1582 1667 1787 1740 continuare
1810 1665 1972 1753 Missam,

415 1786 489 1858 alta
516 1806 600 1858 rece
629 1786 845 1858 exclamans:
875 1785 1015 1860 Gratias
1043 1786 1180 1879 agimus
1213 1785 1295 1858 tibi!
1339 1786 1405 1877 (ibi
1438 1787 1529 1860 enim
1562 1786 1752 1862 casualiter
1790 1785 1973 1860 intermis-

417 1927 477 1978 sus
505 1906 573 1978 init
601 1909 741 1995 cantus)
774 1905 903 1998 coepit,
938 1929 1007 1978 non
1042 1907 1118 1983 siue
1150 1908 1341 1983 multorum
1368 1907 1613 1996 admiratione,
1649 1907 1709 1999 qui
1745 1907 1886 1980 divinae
1915 1928 1973 1978 or·

417 2025 589 2098 dinationi
625 2031 751 2100 cuncta
788 2027 969 2120 dirigenti,
1008 2029 1145 2119 placere
1183 2031 1301 2100 actum
1334 2027 1436 2100 ilium
1473 2028 1674 2115 credebant,
1714 2032 1898 2119 postquam
1935 2027 1975 2098 in

417 2146 484 2218 tali
515 2147 589 2220 loco
622 2151 746 2220 cantus
770 2152 805 2220 et
823 2147 997 2222 desineret
1029 2152 1064 2221 et
1096 2147 1276 2240 inciperet.
1311 2147 1431 2223 Finita
1445 2149 1477 2236 ⁴)
1505 2147 1630 2237 Missa,
1660 2169 1765 2239 qnam
1797 2147 1976 2240 Georgius

417 2266 643 2342 Laodicensis
672 2266 855 2360 episcopus
883 2267 1055 2356 cantavit,
1085 2267 1309 2344 Universitus
1337 2268 1576 2342 cracoviensis
1609 2290 1670 2360 per
1699 2289 1866 2361 organum
1894 2268 1974 2341 lla-

417 2387 522 2479 gistri
549 2387 703 2460 Mathiae
732 2388 773 2460 de
801 2388 992 2462 Labisehin
1020 2393 1105 2462 tunc
1131 2389 1309 2478 Rectoris,
1338 2390 1381 2460 ad
1409 2394 1633 2480 conspectum
1661 2389 1817 2462 eiusdem
1849 2388 1975 2462 cardi-

417 2508 510 2580 nalis
539 2507 700 2596 veniens,
729 2507 1000 2600 pulcherrimam
1029 2508 1220 2582 orationem
1248 2529 1363 2582 coram
1392 2529 1431 2581 eo
1459 2509 1598 2597 habuit,
1628 2509 1829 2586 extollendo
1854 2509 1975 2582 virtu·

416 2632 471 2700 tes
499 2649 598 2716 suas,
628 2628 756 2720 quibus
783 2629 821 2700 in
848 2628 1013 2700 universa
1041 2628 1306 2702 christianitate
1334 2628 1481 2702 celebris
1510 2629 1652 2702 habitus
1681 2635 1750 2718 ost,
1781 2635 1817 2704 et
1840 2629 1875 2702 in
1899 2630 1976 2702 fine

416 2748 549 2840 gratias
577 2749 649 2842 egit
676 2749 827 2822 Iohanni
854 2750 1050 2841 Dlugosch‚
1080 2749 1172 2842 quod
1203 2771 1266 2842 pro
1295 2751 1423 2823 honore
1455 2748 1569 2842 Regni
1597 2755 1631 2826 et
1659 2750 1837 2824 Ecclesiae
1855 2749 1974 2821 tideli-

417 2875 471 2942 ter
497 2891 570 2942 rem
597 2869 766 2962 gessisset
794 2875 828 2942 et
856 2871 1029 2962 capellum
1057 2870 1251 2944 attulisset.
1280 2870 1389 2942 Missa
1413 2869 1530 2956 finita,
1559 2869 1721 2942 omnibus
1740 2869 1916 2942 Praelatis
1939 2876 1977 2941 et

418 2989 609 3062 baronibus
637 3011 715 3063 eum
743 2991 1009 3079 comitantibus,
1041 3011 1084 3064 ex
1113 2991 1260 3064 ecelesia
1287 2991 1324 3064 in
1352 2990 1485 3064 curiam
1513 3012 1612 3064 suam
1640 2989 1835 3078 descendit,
1866 2995 1903 3062 et
1930 2989 1976 3061 il-

418 3109 466 3181 lic
494 3129 613 3182 omnes
640 3111 815 3202 praelatos
843 3111 1025 3184 Praelatos
1054 3117 1089 3182 et
1115 3111 1262 3184 barones
1291 3111 1473 3202 splendide
1500 3117 1535 3184 et
1562 3111 1707 3184 comiter
1735 3111 1914 3184 tractavit.

419 3465 581 3556 hungaria
602 3465 734 3552 iterun,
758 3465 962 3538 cenantibus
984 3465 1071 3538 inter
1093 3484 1130 3536 ee
1152 3463 1294 3538 lulunnc
1317 3465 1357 3538 de
1380 3465 1504 3538 fluuiud
1530 3465 1745 3555 guismutcrc
1769 3469 1804 3538 et
1824 3465 1977 3540 lulunne

419 3586 547 3672 dicha,
570 3585 655 3656 bello
677 3586 838 3658 intestino
868 3587 1013 3658 laborare
1036 3588 1159 3676 coepit,
1189 3587 1275 3677 quod
1305 3587 1438 3660 tandem
1467 3603 1565 3678 opera
1587 3586 1774 3660 lolonorum
1797 3589 1850 3660 cst
1870 3588 1978 3664 inter·

419 3709 559 3795 neptun.
583 3705 712 3794 sbignci
736 3706 913 3779 bardinulis
935 3707 970 3779 in
993 3707 1212 3798 componendo
1234 3707 1412 3798 ilungaricc
1435 3707 1523 3780 cirili
1543 3707 1628 3778 bello
1644 3725 1720 3780 curu
1736 3710 1771 3779 et
1786 3707 1978 3780 subcitudu.
2108 3787 2110 3796 ,

524 3955 623 4027 Circa
650 3956 778 4028 festum
805 3955 1071 4046 assumptionis
1104 3957 1232 4028 Beatus
1261 3955 1391 4028 Mariae
1425 3955 1582 4047 Virginis
1611 3954 1813 4047 Hungariae
1840 3956 1975 4048 guber-

419 4081 520 4148 nator
548 4075 722 4148 Iohannes
750 4075 792 4148 de
818 4074 979 4166 Huniad,
1014 4081 1221 4168 congregato
1255 4074 1428 4163 exercitu,
1463 4097 1586 4148 versus
1618 4074 1818 4148 Caesoniam
1846 4082 1977 4150 contra

420 4197 594 4269 Bohemos
622 4199 658 4268 et
684 4195 847 4270 ciuitates
876 4195 945 4268 sibi
971 4197 1122 4270 rebelles
1150 4196 1252 4267 illum
1280 4195 1394 4284 misit,
1428 4197 1603 4286 praefecto
1620 4195 1650 4284 ⁵)
1684 4195 1720 4267 in
1748 4197 1978 4287 capitaneum

420 4317 551 4390 sororio
580 4316 687 4405 subl)
715 4317 886 4388 Cnaklone
899 4316 940 4405 ⁷).
970 4317 1038 4388 Hic
1065 4316 1101 4388 in
1130 4317 1217 4388 villa
1237 4315 1411 4390 Sumusch
1429 4337 1536 4408 prope
1555 4315 1755 4388 Caesoniam
1774 4321 1891 4388 castra
1908 4339 1976 4408 pe-

420 4459 522 4526 nens,
551 4437 732 4529 aliquanto
762 4441 916 4528 ternpore
945 4435 1022 4508 illic
1049 4436 1207 4528 perstitit
1235 4435 1311 4508 eine
1339 4437 1471 4524 fructu,
1501 4435 1609 4510 donec
1637 4437 1812 4508 Iohannes
1841 4436 1978 4511 Gislrra

421 4579 464 4634 ex
492 4558 636 4629 Polonis
664 4561 699 4629 et
726 4557 890 4629 Bohemis
914 4557 1099 4629 collectum
1119 4557 1247 4631 ducens
1268 4555 1478 4644 exercitum,
1508 4556 1665 4645 advenit,
1694 4562 1729 4629 et
1757 4556 1844 4629 feria
1869 4563 1978 4630 senta

421 4682 503 4750 ante
530 4679 658 4750 festum
687 4676 834 4750 Sanctae
862 4677 991 4748 Mariae
1007 4676 1038 4765 8)
1067 4677 1293 4764 Nativitatis,
1323 4698 1423 4749 mane
1450 4697 1639 4769 congressu
1658 4676 1845 4768 campestri
1866 4679 1977 4768 iacto,

529 4899 553 4980 ¹)
574 4901 706 4961 Romano
737 4900 855 4961 Summo
885 4901 1021 4960 Pontifici
1052 4895 1114 4958 Ed.
1147 4895 1236 4982 Lipa.
1269 4897 1294 4974 ⁹)
1318 4899 1374 4960 hac
1404 4900 1605 4976 responsione.
1639 4894 1715 4961 Coa.
1741 4895 1829 4960 Cale.
1857 4895 1978 4962 Oratio

420 5003 606 5089 remensium
628 4999 760 5087 Sbigaei
788 5000 978 5064 Cardiaalis
1000 4999 1255 5064 desiderabunda
1271 4999 1415 5064 evanidus
1440 4993 1539 5063 Codri.
1564 5011 1593 5063 et
1615 5002 1651 5062 ia
1673 5000 1735 5064 Ed.
1759 5000 1870 5086 Lipe.;
1884 5023 1977 5086 repe·

420 5109 509 5170 ritae·
531 5115 636 5169 tamea
659 5106 746 5189 typis
769 5115 906 5168 exarata
928 5105 965 5167 ia
987 5102 1088 5167 libro:
1119 5106 1247 5166 Michala
1274 5105 1537 5180 Wiszniewelriego
1567 5107 1710 5182 Historya
1730 5107 1887 5180 literatnry
1910 5109 1979 5182 pol-

421 5212 507 5289 skiej‚
530 5212 606 5270 Tom
627 5211 680 5269 Ill.
703 5209 834 5269 Krakdw
860 5213 957 5286 1841,
975 5228 1054 5290 pop.
1079 5207 1273 5270 ele-aer.
1298 5207 1326 5286 ³)
1349 5209 1414 5281 Qua
1437 5205 1522 5270 deest
1544 5207 1581 5269 ia
1605 5203 1680 5270 Coa.
1706 5204 1795 5271 Cale.
1819 5205 1849 5291 4)
1873 5210 1980 5270 Finita

420 5320 519 5375 autem
542 5303 604 5375 Ed.
628 5311 721 5395 Lips.
747 5310 773 5391 ⁵)
795 5313 965 5389 praeposito
988 5312 1015 5370 ei
1038 5307 1102 5373 Ea.
1130 5309 1219 5394 Lips.
1251 5309 1276 5390 ⁶)
1302 5313 1433 5373 sororiae
1457 5308 1521 5374 Ea.
1549 5309 1638 5395 Lipa.
1672 5311 1696 5392 ⁷)
1720 5313 1871 5378 Oaalkone
1896 5307 1976 5375 Coa.

422 5415 489 5480 Lis.
513 5417 656 5496 (Thomas
679 5411 819 5496 duckeli).
846 5414 871 5492 Β)
896 5415 1022 5476 Sanctae
1044 5415 1155 5476 Mariae
1177 5415 1309 5490 Virginis
1333 5407 1396 5478 Ed.
1420 5412 1513 5497 Lips.
