4126 6280
116 524 185 626 (Α.
205 525 250 601 D.
272 528 399 628 roso.)
634 555 747 606 111111
773 556 1019 606 nuonncrmus
1047 537 1161 625 (11111).
1596 537 1668 606 227

115 756 220 808 versa
246 737 350 810 blada
370 741 408 827 ¹),
448 741 541 814 circa
577 740 724 814 maiores
763 741 888 813 fluvios
926 740 1213 830 consistentia2),
1247 741 1476 812 inundatione
1504 740 1669 832 perirent,
1802 765 1806 776 ·

114 855 153 927 in
183 857 265 930 aliis
293 859 380 932 locis
408 883 469 952 pro
498 861 620 934 maiori
648 869 747 953 parto
775 862 818 934 ad
846 861 1028 934 interitum
1053 862 1305 954 redigerentur.
1335 863 1483 953 Propter
1502 861 1593 952 quod
1614 883 1667 933 sa-

114 977 213 1050 lubri
240 979 385 1052 consilio
415 979 592 1071 expeditio
621 987 754 1054 aestate
783 980 846 1052 illa
874 981 910 1053 in
938 983 1120 1056 Prussiam
1153 982 1264 1054 dilata
1291 986 1360 1072 est,
1400 1004 1488 1074 quae
1517 981 1669 1055 1111111-

115 1099 269 1172 cultates
296 1101 468 1192 plurimas
497 1102 805 1194 belligerantibus
835 1108 870 1174 ot
897 1103 1098 1176 domesticis
1131 1103 1285 1176 iacturas
1318 1102 1443 1176 nimias
1473 1103 1668 1176 attulisset.

115 1217 187 1291 Sed
216 1241 279 1294 nec
307 1222 383 1293 sola
410 1221 557 1294 Polonia
585 1223 805 1314 apparitione
832 1223 992 1296 Comatae
1020 1223 1143 1298 territa
1171 1229 1240 1312 est,
1274 1224 1405 1296 Romae
1434 1222 1539 1295 etiam
1568 1229 1601 1296 et
1629 1225 1665 1296 in

113 1337 227 1412 Italia
253 1362 315 1431 pro
347 1343 465 1416 eodem
496 1351 649 1435 tempore
677 1344 768 1416 idem
793 1345 850 1416 vel
869 1344 961 1416 alius
990 1345 1147 1417 Cometes
1172 1343 1350 1435 apparuit:
1381 1365 1449 1436 qno
1475 1344 1666 1433 desinente,

113 1464 150 1530 et
180 1460 311 1534 Urbem
339 1469 374 1534 et
402 1465 543 1536 Italiam
570 1465 782 1556 grauissima
809 1465 936 1555 pestis,
966 1487 1035 1556 qua
1061 1463 1166 1536 multi
1198 1463 1395 1555 consumpti
1429 1471 1512 1536 sunt
1540 1472 1667 1538 morta·

112 1579 185 1668 les,
216 1582 358 1656 invasit.
388 1587 430 1658 In
460 1586 563 1658 terris
584 1608 720 1678 quoque
740 1585 1026 1658 cracoviensibus
1047 1585 1137 1657 circa
1161 1586 1301 1656 Krosno
1321 1589 1356 1656 et
1375 1584 1553 1656 Rimanou
1574 1587 1670 1658 lenta

111 1702 229 1792 pestis
261 1703 297 1776 in
330 1712 498 1778 autumno
530 1709 767 1799 grassabatur.
801 1708 870 1778 Pro
904 1707 1022 1779 eodem
1056 1713 1210 1797 tempore
1243 1706 1422 1777 Iohannns
1456 1706 1497 1778 dc
1526 1707 1669 1778 Hnniad

111 1821 232 1915 Regni
260 1825 462 1917 Hungariae
489 1829 702 1920 gubernator
730 1833 840 1900 morte
867 1827 1075 1919 absumptus
1103 1831 1173 1900 est:
1203 1826 1258 1898 uir
1285 1825 1322 1898 in
1342 1826 1448 1898 armis
1467 1831 1501 1898 et
1520 1826 1667 1898 admini-

111 1943 287 2018 stratione
316 1948 503 2033 bellorum,
533 1971 650 2020 eornm
679 1949 883 2040 praecipue,
913 1970 1001 2040 qnae
1021 1953 1141 2020 contra
1169 1948 1299 2020 Tereos
1319 1969 1379 2038 pro
1401 1947 1591 2020 Catholicis
1609 1970 1667 2041 ge-

111 2066 233 2154 rebat,
262 2069 410 2140 celebris
440 2076 474 2143 et
502 2069 620 2162 magni
647 2069 765 2162 pretii.
799 2069 907 2142 Cuius
940 2089 1032 2140 mors
1066 2089 1135 2140 non
1163 2069 1275 2140 solum
1304 2069 1425 2160 Regno
1454 2068 1668 2160 Hungariae,
1790 2132 1794 2138 .

112 2187 175 2258 sed
209 2193 243 2259 et
261 2187 425 2262 universo
454 2191 625 2265 catholico
646 2190 745 2278 Orbi,
775 2212 836 2282 pro
856 2191 920 2262 illa
940 2194 1147 2280 tempestate
1167 2189 1334 2261 damnosa
1354 2187 1437 2260 fuit:
1467 2210 1545 2261 cum
1569 2211 1669 2262 nemo

111 2306 210 2380 iuter
238 2308 420 2402 Principes
448 2319 482 2384 et
509 2313 656 2385 barones
685 2311 888 2406 Huugariae
916 2315 1067 2398 extaret,
1099 2309 1159 2400 qni
1183 2309 1376 2382 animosius
1395 2309 1529 2382 bellum
1548 2315 1669 2382 contre

111 2428 248 2501 ancos
266 2437 413 2522 gereret.
434 2433 642 2504 Duosfilios
662 2432 866 2524 dereliquit:
897 2454 1043 2524 quorum
1071 2453 1162 2503 nnus
1182 2429 1293 2502 maior
1310 2435 1412 2518 natu,
1433 2430 1545 2522 patris
1566 2452 1670 2522 opera

102 2551 331 2641 ¹aemulatus,
369 2556 512 2644 paterno
550 2555 713 2627 thesauro
747 2554 782 2625 in
817 2554 949 2626 milites
981 2553 1118 2626 abunde
1150 2556 1305 2644 erogato,
1340 2573 1408 2624 non
1437 2553 1669 2644 spernendum

110 2670 286 2764 colligens
314 2673 524 2762 exercitum,
553 2675 718 2748 Ladislao
737 2675 827 2767 Regi
845 2674 1065 2767 Hnngariae,
1095 2673 1156 2765 qui
1175 2673 1290 2746 Ulrici
1309 2663 1454 2746 Comitis
1474 2673 1584 2746 Ciliae
1603 2694 1666 2765 gu-

109 2792 319 2866 bernatione
346 2795 547 2887 regebatur,
577 2800 692 2868 castra
719 2796 938 2888 Hungariae,
970 2816 1058 2886 quae
1086 2814 1129 2866 ex
1158 2793 1256 2866 obitu
1283 2793 1395 2886 patris
1423 2792 1460 2866 in
1488 2815 1587 2866 snam
1615 2793 1666 2866 di·

110 2913 247 2986 tionem
273 2915 486 3004 reciderant,
519 2916 712 3009 resignare,
749 2915 948 2988 faventibus
977 2915 1052 2989 eins
1079 2915 1258 3006 proposito
1286 2914 1411 2986 maiori
1438 2919 1538 3005 parto
1566 2915 1665 2986 Hun-

107 3035 233 3126 gariae
256 3035 441 3124 baronum,
468 3040 502 3109 11
521 3036 740 3125 1111111111,
770 3057 813 3108 11
837 3036 1023 3108 Almannis
1050 3035 1277 3129 gubernanda
1304 3035 1607 3108 committerentur
1622 3035 1665 3124 ³),

108 3160 237 3247 aperta
263 3156 457 3229 rebellione
485 3157 670 3230 abnuebat.

108 3513 267 3584 11111111
293 3512 387 3583 initis
410 3512 593 3584 foederibus
616 3512 755 3584 socratis
778 3531 848 3584 cum
871 3512 1039 3584 trucidaris
1054 3512 1094 3583 11
1110 3511 1252 3597 Prosus,
1276 3511 1445 3600 superbam
1460 3511 1666 3599 legationem,

106 3633 292 3724 repetendo
319 3637 439 3705 terram
460 3632 623 3720 Podoliae,
647 3633 689 3704 11
712 3633 904 3704 1111111111
926 3633 1044 3722 llegen
1066 3632 1204 3703 mittunt
1228 3634 1262 3702 ot
1284 3631 1379 3702 noris
1401 3630 1497 3701 robus
1519 3631 1668 3702 student.

218 3883 323 3956 Feria
359 3883 510 3956 secunda
543 3887 623 3955 ante
655 3883 783 3955 testum
820 3879 940 3954 Sancti
973 3879 1108 3972 Egidii,
1141 3885 1265 3972 agente
1302 3880 1398 3972 Rege
1418 3878 1449 3968 4)
1485 3878 1664 3950 Kanimiro

107 4005 315 4092 Lanciciae,
349 4007 520 4076 uerierunt
552 4009 623 4076 tres
655 4002 912 4074 bitbuanorum
945 4000 1078 4089 nuntii,
1112 3999 1339 4092 Thotphil5),
1375 3999 1543 4072 Nicolaus
1571 3998 1664 4090 Nys-

107 4125 286 4200 mirowica
315 4131 350 4197 et
369 4123 545 4216 Ostaphey
563 4124 606 4214 6),
636 4128 671 4195 11
689 4121 829 4196 nemine
848 4123 1088 4195 Praelatorum
1109 4126 1143 4194 et
1161 4121 1346 4208 baronum,
1373 4119 1552 4211 totiusque
1572 4140 1663 4191 com-

106 4245 299 4322 munitatis
331 4243 559 4330 Lithuaniao,
594 4243 774 4316 audientia
806 4244 964 4332 obtenta,
999 4241 1105 4316 etiarn
1137 4263 1284 4332 quorum
1312 4245 1411 4314 erent
1438 4239 1574 4328 nuntii,
1603 4262 1665 4331 per

112 4368 330 4462 legationem
359 4365 518 4438 scabrosa
547 4365 758 4456 expositam,
788 4364 1020 4436 declararunt.
1059 4362 1230 4435 Petebant
1261 4361 1359 4455 ¹euim
1387 4361 1424 4433 in
1452 4359 1591 4452 primis:
1625 4368 1665 4431 ut

108 4493 191 4563 Rex
208 4489 239 4578 7)
267 4485 494 4558 Lithuaniam
521 4486 666 4573 redirct;
695 4485 835 4572 deinde,
865 4497 905 4556 ut
933 4490 1061 4556 terram
1088 4483 1253 4555 Podoliae
1277 4504 1355 4554 cum
1374 4481 1521 4554 caeteris
1541 4481 1662 4552 cohae-

106 4609 254 4696 1111111,
283 4607 435 4680 Ducatni
463 4608 588 4699 Magno
615 4606 827 4678 Lithuaniac
855 4606 1027 4678 redderet:
1058 4604 1346 4696 quemadmodum
1367 4601 1540 4694 corporali
1558 4601 1662 4692 polli-

106 4731 204 4804 citus
233 4733 302 4816 111,
332 4727 546 4800 transiturus
576 4749 619 4799 ex
648 4727 840 4798 Litbuania
859 4727 895 4797 in
917 4725 1098 4798 Poloniam
1126 4747 1188 4816 pro
1217 4723 1440 4815 suscipiendo
1460 4722 1570 4814 regali
1589 4721 1662 4794 dia-

107 4852 264 4938 demate,
293 4849 499 4921 iuramento.
530 4848 628 4939 Quod
656 4847 687 4919 si
706 4849 817 4920 facere
841 4848 1066 4935 detrectaret,
1087 4869 1156 4918 non
1175 4845 1327 4936 amplius
1347 4867 1383 4916 se
1403 4844 1566 4916 iniuriam
1588 4865 1663 4914 eam

106 4972 339 5058 toleraturos,
369 4969 429 5042 sed
457 4968 563 5041 armis
592 4973 720 5041 terram
747 4969 914 5041 Podoliae
942 4973 977 5040 et
1005 4974 1142 5040 caetera
1170 4968 1346 5039 aDuoatu
1371 4966 1495 5056 Magno
1514 4962 1661 5034 11111111-

220 5261 242 5341 ¹)
265 5264 421 5324 universae
443 5263 544 5338 fruges
569 5257 645 5324 Coa.
668 5258 735 5322 Lis.
761 5259 786 5340 q)
811 5262 1005 5322 consistentes
1030 5255 1106 5321 Cod.
1131 5249 1662 5336 111.3)111111111111111Ἐ11.11111.

107 5366 136 5447 ⁴)
159 5367 302 5427 Poloniee
324 5367 406 5442 Rege
428 5362 491 5427 Ed.
514 5362 605 5447 Lips.
630 5363 656 5442 l)
681 5365 864 5440 Theophilus
890 5359 965 5428 Cori.
989 5361 1056 5428 Lis.
1081 5361 1106 5442 Β)
1131 5361 1352 5424 Niemierowicz
1369 5363 1399 5420 et
1417 5358 1561 5436 Ostaffiey
1585 5351 1661 5419 Cod.

109 5468 181 5533 Lis.
206 5467 231 5550 7)
254 5473 287 5530 ut
309 5469 471 5531 Gasimirus
494 5469 556 5529 Rex
579 5470 609 5528 in
631 5465 693 5529 Eut.
727 5464 817 5550 Lipo.
