4046 6278
97 546 168 648 (Α.
187 547 233 623 Β.
253 545 380 648 tcta)
613 567 725 626 ursus
751 567 995 627 unonucnrus
1022 555 1135 645 (xm).
1267 587 1270 594 ⁴
1568 542 1642 630 363

97 755 287 850 steruburg
300 756 484 849 applicuit.
504 755 608 830 Veris
625 755 749 832 delude
768 762 884 844 serta,
904 759 941 831 iu
955 757 1108 832 crastino
1127 751 1276 832 Sanctae
1293 757 1514 847 catherinae,
1535 757 1640 833 Vien-

99 895 182 948 nam
210 876 361 949 latenter
392 875 573 963 accedens,
607 876 856 968 Imperatorem
877 878 903 966 ¹)
935 877 978 951 ds
1011 877 1190 951 obsidione
1223 884 1422 969 erepturus,
1455 883 1576 972 gentes
1603 877 1642 954 ir

102 995 272 1068 suburbia
298 994 512 1068 Viennensis
539 997 701 1086 Immisit,
738 1017 827 1088 quse
859 996 901 1068 ad
932 995 1080 1070 insidias
1111 997 1243 1070 dudum
1270 1003 1496 1090 praeparatas
1523 1003 1642 1091 (capto

97 1113 194 1187 enlm
220 1113 328 1208 Regis
354 1114 589 1208 exploratore,
618 1115 720 1188 illum
740 1135 781 1188 ca
798 1115 854 1189 die
872 1122 1058 1189 uenturum
1076 1115 1352 1208 praesciverant)
1379 1115 1641 1210 praecipitatae,

98 1232 200 1306 mille
217 1232 401 1324 numero²)
428 1235 614 1327 perierant.
634 1234 751 1308 Filius
769 1235 887 1327 regius
906 1234 1124 1323 Victorinus,
1154 1235 1319 1328 oppidum
1340 1233 1545 1310 Ecsinsdori
1559 1253 1639 1310 cou-

94 1351 235 1444 quirere
267 1355 404 1442 voleus,
439 1355 648 1448 quingentos
675 1355 717 1428 de
744 1355 819 1426 suis
846 1355 977 1427 amisit.
1011 1355 1061 1427 Ea
1088 1354 1186 1428 clade
1214 1363 1349 1438 secuta,
1377 1373 1448 1448 pax
1474 1355 1531 1428 his
1558 1373 1637 1428 oen·

95 1471 291 1546 ditionibus
319 1475 496 1546 convenit:
526 1474 741 1548 Viennenses
768 1473 881 1546 tilium
909 1473 1151 1565 Imperatoris,
1180 1474 1477 1563 Maximiliannm,
1498 1489 1637 1566 accepe-
1715 1519 1719 1528 -

93 1596 181 1663 runt
207 1593 244 1664 in
272 1593 475 1681 Dominum,
504 1594 605 1665 cuius
632 1599 772 1666 curator
794 1594 875 1664 Dux
899 1593 1067 1666 ilbertus
1087 1592 1318 1682 coustitutum
1347 1594 1541 1687 Imperator
1559 1595 1637 1668 Vri·

93 1709 235 1784 demens
270 1713 313 1784 ad
351 1733 415 1784 sna
449 1712 545 1785 ablue
579 1713 788 1805 permissus,
826 1713 1025 1804 bellumque
1061 1717 1162 1784 atrox
1196 1717 1233 1785 et
1267 1714 1447 1805 publicum
1483 1735 1592 1808 aeque
1608 1713 1639 1805 8)

96 1831 277 1904 sublatum
314 1833 579 1925 extinctumque
605 1833 717 1906 medie
732 1833 776 1922 ⁴).
814 1831 910 1906 Adeo
941 1831 1121 1905 instabilis
1152 1835 1207 1904 est
1237 1833 1409 1906 hnmanae
1440 1833 1635 1923 felicitatis,

92 1971 165 2042 qna
192 1953 361 2025 hactenus
399 1951 599 2026 IriderIcus
636 1953 830 2044 Imperator
862 1951 1100 2043 splendescere
1132 1951 1332 2042 uidebatur,
1369 1953 1538 2027 conditio:
1576 1953 1638 2046 qui

93 2071 163 2142 etsi
192 2071 336 2144 iufamia
362 2071 532 2160 intectus,
562 2073 696 2145 invidia
724 2078 841 2146 tamen
872 2071 1020 2164 gloriam
1053 2091 1151 2144 suam
1183 2073 1329 2146 moleste
1362 2073 1547 2147 ferentium
1579 2091 1637 2146 ur·

91 2191 242 2283 gebatur
269 2193 442 2278 inscatus;
470 2193 660 2264 maxImum
688 2193 833 2278 etenim,
867 2198 902 2264 et
929 2190 1022 2283 qnod
1048 2191 1085 2263 in
1113 2196 1227 2265 aetate
1254 2191 1411 2284 qnalibet
1437 2197 1554 2286 potest
1579 2207 1635 2266 aa·

92 2309 248 2395 stImeri,
277 2311 436 2382 fortunae
462 2311 653 2384 ludibrium
680 2311 851 2384 Iriderioi
879 2311 1105 2402 Imperatoris
1121 2311 1152 2400 5)
1183 2316 1321 2384 constat
1351 2312 1482 2385 iactum
1510 2311 1635 2385 fuisso:

92 2429 154 2520 qui
184 2433 219 2502 et
245 2430 441 2521 Imperator
467 2435 502 2503 st
529 2433 728 2522 Angustus,
762 2431 914 2522 primum
941 2429 978 2502 in
1006 2429 1197 2503 obsidionis
1229 2431 1410 2524 augustias
1441 2430 1636 2524 periculose

90 2549 260 2622 toleratas
279 2548 458 2636 detrusus,
487 2549 610 2623 deinde
629 2550 727 2624 clade
754 2569 895 2624 suornm
914 2549 1096 2641 perculsus
1115 2549 1350 2639 defensorum,
1378 2551 1422 2624 sd
1441 2559 1635 2624 extremum

91 2690 112 2741 a
138 2668 361 2760 possessione
387 2668 542 2742 Viennae
570 2670 735 2744 excedere
760 2675 901 2742 coactus
929 2673 994 2744 est.

539 3019 750 3132 eunus
785 3015 1015 3131 nenmr
1049 3016 1187 3131 ntea.

89 3263 226 3334 ΙιιιΙιιι
247 3262 287 3333 de
310 3262 416 3334 tenne
439 3263 610 3351 episeopus
632 3259 869 3346 bremetensis,
899 3259 1016 3331 ridens
1036 3260 1071 3331 iu
1093 3275 1193 3330 ιιιιι
1215 3275 1276 3330 ιιι
1302 3257 1456 3350 legatum
1482 3259 1633 3350 aposteli-

90 3399 161 3454 eun
184 3382 266 3452 nihil
288 3381 373 3470 apud
395 3381 513 3470 Iegem
534 3380 785 3469 interpositione
807 3397 863 3469 pre
885 3397 922 3450 re
945 3379 1048 3465 ineu,
1071 3379 1238 3468 prolerre,
1260 3379 1321 3449 luri
1345 3381 1380 3450 et
1395 3379 1447 3450 liti
1463 3377 1633 3451 accedens

345 3501 552 3590 episcopatur
574 3499 796 3571 decedentis
818 3499 877 3568 sub
900 3499 999 3570 cartu
1022 3495 1260 3569 mnditiouiinr
1281 3495 1379 3569 cedit.

194 3746 260 3820 Die
289 3745 381 3819 Solis
408 3744 541 3819 decima
568 3748 669 3819 sexta
695 3744 826 3818 mensis
845 3743 1002 3816 Ianuarii
1016 3743 1047 3832 6)
1076 3742 1298 3831 adveniente,
1326 3741 1443 3814 diaeta
1461 3741 1631 3833 Pyetrhe·

89 3867 225 3940 rienms
252 3865 310 3959 agi
337 3869 458 3956 coepta
485 3868 550 3937 cst.
580 3848 635 3936 hd
659 3883 763 3956 quam
791 3885 869 3936 cum
893 3861 1094 3936 Kanimirus
1122 3862 1199 3935 Rex
1214 3861 1245 3950 7)
1274 3879 1318 3935 ex
1337 3861 1463 3953 oppido
1483 3861 1629 3950 Rauen,

89 3987 126 4058 in
154 4005 224 4078 qno
252 3985 393 4057 Natalis
421 3983 551 4056 Christi
577 3984 652 4056 dies
679 4003 757 4056 cum
784 3983 920 4076 Regina
946 3983 1130 4056 Elisabeth
1143 3980 1176 4070 ⁸)
1204 3985 1383 4074 exegerat,
1413 3984 1447 4053 et
1465 3979 1628 4052 consilia·
1701 4064 1704 4074 Ι

88 4105 133 4178 rii
149 4105 180 4194 9)
209 4106 251 4178 dc
269 4109 365 4176 statu
382 4109 547 4194 utreque,
568 4101 804 4177 scelestastieo
823 4101 987 4174 videlicet
1009 4107 1044 4175 et
1063 4100 1249 4189 saeculari,
1278 4101 1434 4173 Iohanne
1457 4101 1631 4172 duntaxat

89 4225 131 4297 de
159 4222 336 4296 Thancuin
364 4223 555 4295 castellano
586 4221 806 4295 OrsoovIensi
838 4221 957 4294 uenire
989 4221 1218 4308 detrectante,
1251 4237 1375 4292 causas
1403 4224 1520 4292 tamen
1548 4237 1631 4292 snae

89 4343 269 4416 absentiae
295 4361 357 4433 per
383 4343 521 4414 literam
549 4342 764 4429 declarante,
793 4339 1054 4426 convenissent3
1083 4339 1316 4430 Hieronymus
1337 4357 1473 4430 queque
1492 4338 1629 4410 creten-

90 4462 141 4534 ιιι
168 4460 451 4552 archiepiscopus
478 4465 514 4535 et
540 4460 753 4552 apostolicus
781 4459 920 4547 Orator,
955 4479 998 4531 cx
1026 4457 1235 4550 (lupariausi
1262 4458 1469 4549 Bruescuye,
1498 4457 1536 4528 in
1563 4476 1631 4548 qne

89 4580 315 4654 hebdomadis
347 4579 481 4670 aliquot
512 4580 717 4652 immoratus
744 4583 779 4651 et
805 4599 875 4650 non
901 4579 997 4650 ultra
1024 4595 1245 4669 progressus,
1278 4575 1485 4669 Magistrum
1513 4575 1629 4649 druci-

91 4701 242 4772 ierorum
268 4698 501 4788 lucdovicum,
531 4699 762 4791 ordinemque
781 4719 883 4772 snum
902 4703 938 4771 et
955 4697 1128 4770 militares
1146 4697 1326 4786 Prussiae,
1355 4697 1518 4788 ciuesque
1537 4693 1628 4770 (lda-

197 5024 220 5102 1)
243 5027 451 5102 Imperatorem
472 5025 662 5085 Fredcricnm
685 5009 748 5085 Ed.
772 5020 863 5105 Lipa.
895 5020 923 5101 Ω)
945 5039 1065 5082 numero
1095 5017 1180 5082 decet
1205 5018 1243 5080 e'a
1270 5016 1345 5081 Occi.
1371 5014 1458 5081 Calc.
1490 5017 1514 5097 ³)
1536 5033 1631 5093 aeque

91 5133 120 5188 ct
141 5127 263 5204 pulchro
285 5123 348 5188 Ed.
371 5124 460 5209 Lips.
485 5123 511 5205 ⁴)
535 5126 753 5200 extinctumque
775 5130 821 5184 est
842 5119 904 5185 Ed.
927 5119 1018 5204 Dipo.
1042 5120 1069 5200 ιι)
1091 5121 1249 5182 haderico
1267 5121 1440 5198 Imperatori
1456 5117 1519 5181 Ed.
1536 5117 1631 5202 Le'pe.

92 5227 119 5306 ⁶)
141 5229 199 5288 Die
221 5227 298 5289 Solis
324 5227 417 5288 XXII.
439 5229 568 5289 Ianuarii
595 5224 670 5292 (led.
693 5223 802 5288 Praea.
824 5225 882 5286 Die
904 5225 981 5285 som
1003 5223 1096 5284 xvh.
1119 5223 1167 5284 die
1188 5223 1298 5284 mensis
1312 5221 1442 5283 Ianuarii
1457 5217 1520 5281 Ed.
1536 5217 1630 5302 Lips.

93 5328 119 5410 τ)
140 5329 280 5391 Poloulae
301 5330 366 5392 Rex
387 5327 450 5392 Ed.
474 5327 564 5418 hepo.
589 5327 615 5408 ξ’)
637 5327 790 5390 Elisabeth
812 5331 947 5390 consorte
970 5341 1024 5388 sua
1045 5319 1108 5388 md.
1132 5321 1224 5412 hepo.
1248 5321 1280 5403 ο)
1300 5329 1330 5388 et
1351 5323 1518 5386 censbam
1524 5367 1533 5402 ,
1555 5327 1629 5384 trec-

91 5437 183 5494 tstnm
206 5429 267 5495 Ed.
294 5429 387 5518 Le'pa
