4082 6284
388 501 463 571 316
895 517 1008 572 menn
1034 515 1279 570 nuonnornus
1307 499 1421 586 (xru).
1669 491 1736 591 (Α.
1757 491 1801 566 D.
1823 488 1946 588 root.)
1968 513 1971 518 ·

388 705 533 777 Nuntiis
554 727 690 797 quoque
709 705 877 796 praefatis
906 703 1108 778 mandatnm
1127 704 1166 794 ¹),
1195 703 1239 775 ad
1267 703 1518 796 Imperatorem
1551 701 1786 774 Romanorum
1817 699 1945 773 Fride·

387 825 514 912 rieum,
549 827 642 917 apud
672 826 844 898 Viennam
873 846 910 898 se
937 825 1191 912 continentem,
1220 829 1255 897 et
1283 823 1470 915 Georgium
1499 821 1687 895 Bobeniae
1720 823 1855 914 Regem
1885 821 1946 892 de-

388 946 566 1034 seendere,
596 945 780 1038 oensisque
799 945 938 1018 itineris
958 945 1148 1037 expositis,
1177 944 1312 1036 precari
1340 945 1470 1036 Regae,
1500 949 1673 1035 quatenus
1697 942 1873 1036 legationi
1892 961 1948 1014 re·

387 1067 465 1160 gioe
494 1089 557 1139 sua
584 1066 835 1140 intercessione
863 1071 968 1158 atque
995 1087 1059 1160 ope
1088 1065 1335 1160 suffragentur.

391 1423 464 1494 tun
486 1423 521 1495 in
543 1423 704 1517 Prusriau
726 1422 907 1495 kazimirus
936 1422 1007 1494 lter
1033 1421 1222 1496 ttadnoeret
1252 1421 1446 1507 exereitum,
1469 1420 1666 1510 praesidium
1688 1419 1814 1508 regium
1835 1419 1872 1490 iu
1897 1418 1949 1488 ob

391 1543 540 1615 sidentes
563 1561 733 1633 erumpens
755 1544 795 1614 de
819 1543 1028 1634 totenpepel
1051 1546 1086 1613 et
1108 1542 1338 1631 ltortenbnrg,
1368 1560 1430 1615 nee
1450 1560 1516 1614 non
1540 1541 1581 1613 de
1604 1543 1714 1613 outre
1736 1541 1890 1630 lorung,
1913 1557 1950 1610 se

1008 1662 1177 1735 obsidione
1199 1658 1327 1734 bberrt.

496 1914 538 1984 In
567 1908 761 1984 Crueiteros
788 1911 829 1984 de
857 1909 1003 1984 Pressia
1030 1931 1069 1984 eo
1098 1931 1188 1982 enno
1216 1910 1475 2001 expeditionem
1493 1913 1636 1982 aeturus
1654 1908 1862 1982 Karimirus
1884 1909 1950 1980 Po-

392 2033 508 2105 loniae
534 2033 628 2119 Rex,
659 2032 810 2104 Sabbato
838 2036 918 2123 post
944 2033 1073 2104 festum
1101 2029 1223 2103 Sanoti
1251 2029 1418 2102 Iohannis
1446 2029 1647 2122 Baptistae,
1668 2051 1767 2123 ,quae
1794 2029 1869 2102 init
1897 2028 1949 2101 ri-

394 2153 524 2225 eesima
551 2152 699 2244 septima
725 2150 882 2241 Iurrrii2),
911 2153 953 2226 de
981 2152 1147 2225 Oraoovia
1175 2172 1336 2244 egressus
1363 2156 1433 2240 est,
1462 2157 1498 2224 et
1520 2172 1582 2242 per
1599 2151 1787 2243 llyeohoru
1819 2150 1949 2222 Praed-

394 2275 491 2360 boru,
521 2273 717 2364 Pyotrlrow‚
747 2271 963 2360 Leonidam,
983 2271 1135 2363 primum
1154 2271 1191 2343 in
1210 2274 1377 2344 Brnesone
1393 2269 1435 2361 ³),
1465 2271 1589 2345 deinde
1607 2270 1951 2344 luniuladislariam

395 2393 589 2482 oontendit,
619 2397 655 2465 et
681 2392 756 2465 illie
784 2393 902 2484 copias
920 2392 1078 2485 gentium
1098 2413 1256 2481 suarum,
1284 2391 1443 2464 nonnisi
1462 2391 1553 2465 eirea
1572 2391 1844 2484 Assumptionis
1863 2392 1951 2465 San-

396 2520 471 2588 otae
499 2513 630 2585 Mariae
644 2513 675 2602 ⁴)
705 2514 832 2586 festum
860 2514 903 2585 ad
932 2534 1011 2585 eum
1039 2512 1302 2601 convenientes,
1331 2512 1460 2585 anxius
1483 2513 1783 2605 praestolabatur,
1813 2512 1954 2585 dnobus

396 2633 553 2729 oppidio,
572 2633 738 2707 videlieet
757 2633 1031 2726 Sohempepe15)
1060 2639 1094 2706 et
1113 2633 1349 2727 Rostembnrg
1363 2633 1406 2722 ⁶),
1427 2638 1463 2706 et
1481 2633 1585 2706 tertio
1604 2637 1719 2707 eastre
1737 2633 1895 2726 llornng
1910 2635 1951 2721 ⁷),

385 2760 416 2829 'a
443 2753 630 2828 Grueiferis
657 2753 827 2842 obsessis,
856 2753 932 2826 sius
960 2753 1269 2845 interpellantibus
1298 2773 1503 2827 suooursnru
1516 2753 1560 2844 ⁸).
1589 2754 1720 2827 Verum
1747 2754 1820 2826 etsi
1842 2754 1954 2826 Kasi-

397 2876 507 2950 mirus
534 2874 701 2947 Poloniae
729 2874 824 2962 Rex,
859 2874 1011 2947 obsessis
1038 2874 1125 2947 bene
1154 2894 1293 2966 sperare
1320 2874 1444 2963 iussis,
1478 2874 1653 2948 auxilium
1680 2895 1719 2948 se
1744 2875 1953 2967 propediem

397 2997 624 3090 polliceretur
650 2996 822 3067 latorum:
851 2995 1004 3070 obsessis
1031 3001 1148 3068 tamen
1176 2995 1288 3068 omnis
1316 2995 1479 3069 celeritas
1497 2996 1631 3068 tardior
1649 2995 1738 3068 risa.
1768 2995 1953 3088 Quaprop

398 3115 565 3210 terragio
589 3137 658 3188 non
682 3115 896 3208 praestolato
925 3135 1108 3204 snooursu,
1137 3121 1258 3209 gentes
1285 3115 1418 3210 regiae,
1448 3137 1537 3208 quae
1555 3116 1647 3209 apud
1667 3115 1911 3209 Sohempepel
1925 3119 1956 3206 ⁹)

399 3239 436 3311 in
464 3236 637 3329 praesidio
671 3241 785 3325 eraut,
819 3237 910 3308 laeto
943 3236 1098 3329 agmine,
1131 3236 1259 3310 animis
1291 3235 1380 3309 mori
1411 3238 1469 3310 rel
1500 3236 1878 3324 vindemiatione,
1908 3238 1955 3310 ir·

398 3363 506 3431 ruunt
532 3357 570 3430 in
597 3357 812 3446 obsidentes,
841 3377 1035 3450 magnaque
1061 3357 1164 3431 oaede
1192 3357 1301 3446 edita,
1330 3359 1450 3451 fugere
1477 3358 1691 3450 compulsos,
1722 3359 1852 3432 eastris
1879 3379 1955 3431 orn·

399 3479 503 3552 nibus
531 3499 651 3551 eorum
678 3477 878 3569 potiuntur,
908 3477 1120 3570 solvuntque
1148 3477 1379 3566 obsidionem,
1410 3499 1500 3570 quae
1525 3483 1606 3570 post
1633 3499 1765 3570 pannos
1784 3479 1862 3552 dies
1882 3501 1956 3553 ma

401 3599 468 3672 ieri
495 3598 548 3686 ri,
577 3597 769 3689 maiorique
798 3597 957 3671 exercitu
983 3598 1197 3690 reintegrato
1225 3605 1289 3672 est.
1320 3599 1479 3670 Alterius
1507 3599 1627 3690 oppidi
1645 3601 1891 3693 Rostemburg
1909 3601 1957 3674 oi·

404 3719 501 3791 riom
530 3718 713 3810 magister,
742 3718 862 3791 doloso
888 3722 990 3809 paeto
1017 3739 1096 3792 oum
1115 3718 1280 3791 Prnssiae
1307 3719 1475 3812 Magistro
1506 3740 1569 3811 per
1595 3719 1836 3793 internuntios
1862 3727 1959 3810 aeto,

402 3839 503 3932 quasi
532 3838 588 3912 illi
614 3839 809 3910 traditurus
838 3838 1033 3928 ciuitatem,
1062 3839 1154 3912 diem
1182 3839 1413 3912 constituerat
1431 3845 1465 3914 et
1483 3841 1604 3912 horam
1632 3840 1850 3914 tradimeuti.
1882 3843 1960 3934 Quo

402 3959 625 4048 adveniente,
654 3958 746 4032 nibil
774 3959 847 4032 doli
874 3959 1043 4052 Magister
1070 3960 1286 4052 suspicatus,
1316 3960 1528 4034 deditionem
1551 3966 1775 4052 aoeeptorus,
1805 3963 1958 4036 advene-

403 4086 475 4168 rat,
504 4085 539 4153 et
567 4086 647 4151 ante
675 4085 810 4170 portam
839 4079 959 4171 oppidi
986 4101 1006 4151 a
1033 4080 1163 4153 oinium
1196 4080 1363 4173 magistro
1392 4087 1577 4173 exceptus,
1606 4081 1741 4174 ingredi
1770 4081 1959 4157 civitatem

403 4201 621 4292 disponebat.
651 4200 751 4272 Unus
779 4205 897 4272 tamen
925 4221 968 4272 ex
997 4201 1072 4272 suis
1099 4201 1274 4274 militibus
1303 4201 1529 4294 Sliwyonski,
1558 4202 1677 4274 dolum
1696 4201 1796 4274 illioo
1818 4204 1958 4277 conisa

403 4325 499 4408 tans,
527 4319 645 4413 gladio
673 4319 842 4413 magistro
871 4319 1000 4393 oinium
1030 4323 1240 4408 transfosso,
1271 4321 1477 4414 Magistrum
1505 4344 1548 4395 ne
1575 4324 1793 4414 inparatum
1813 4324 1957 4397 sibilu-

403 4463 530 4533 qneurn
558 4440 742 4528 insideret,
771 4440 916 4514 avertit:
953 4442 1207 4534 praecipitique
1235 4444 1334 4535 tuga,
1367 4448 1505 4516 caetera
1536 4443 1671 4516 obsidio
1699 4449 1734 4516 et
1761 4443 1866 4516 illius
1897 4467 1956 4537 op-

403 4561 478 4654 pidi
506 4567 541 4635 et
568 4562 676 4634 eastri
703 4559 851 4654 Mornng
870 4565 915 4652 ¹⁰)
944 4564 1060 4636 soluto
1087 4569 1152 4636 est.
1182 4563 1311 4637 Gentes
1339 4563 1464 4636 deinde
1490 4561 1621 4656 regiae,
1651 4583 1740 4656 qnae
1764 4564 1802 4636 in
1821 4565 1957 4657 praesi-

404 4683 473 4755 diis
492 4687 685 4754 oastrorom
705 4686 740 4753 et
754 4681 939 4754 eivitatum
958 4681 1163 4755 interiorum
1182 4683 1334 4774 partium
1354 4683 1594 4772 morabantur,
1615 4683 1765 4776 aliquali
1783 4687 1957 4774 exercitu,

404 4803 505 4876 ouius
533 4803 706 4875 Iohannes
735 4801 878 4876 Skalslri
906 4804 1082 4876 Bohemns
1111 4805 1192 4874 Dux
1223 4809 1312 4890 erat,
1341 4803 1378 4877 in
1406 4808 1534 4877 terram
1565 4825 1653 4896 quae
1680 4795 1868 4879 Zemlantb
1895 4827 1956 4898 ap·

512 5109 535 5191 ¹)
557 5111 727 5172 mandatum
750 5117 795 5173 est
816 5108 880 5174 Eo.
904 5109 994 5195 Lipo.
1026 5111 1053 5190 ⁸)
1074 5113 1185 5174 mensis
1208 5113 1284 5172 lunii
1308 5107 1372 5174 Eo.
1398 5110 1489 5195 Lips.
1520 5109 1547 5194 ³)
1570 5113 1708 5175 Bmeseie
1740 5107 1817 5176 coa
1845 5111 1957 5178 Pma

405 5214 432 5294 ⁴)
456 5215 585 5276 Sanctae
607 5216 719 5276 Mariae
741 5215 874 5293 Virginis
897 5213 961 5278 Ed.
985 5213 1077 5298 Lips.
1110 5211 1138 5299 ⁵)
1162 5213 1349 5294 Snympelpel
1380 5211 1456 5279 (lod.
1481 5211 1569 5279 Colo.
1596 5218 1752 5295 Sempepel
1775 5214 1840 5280 Ed.
1863 5215 1958 5301 Lips.

406 5319 650 5398 (Sehippenbeil).
683 5317 708 5398 ⁸)
731 5319 947 5396 Rosthembarg
969 5316 1032 5380 Ed.
1058 5317 1146 5402 Lips.
1178 5319 1398 5400 (Rastenburg).
1431 5317 1606 5399 ⁷)Morang
1628 5317 1705 5383 Coo.
1728 5318 1838 5382 Praez.
1860 5319 1958 5402 (moh-

406 5423 543 5503 rungen).
567 5417 594 5505 ⁸)
618 5423 768 5484 auxilium.
791 5419 854 5486 Ed.
878 5420 969 5507 Lips.
993 5421 1020 5502 ⁹)
1043 5407 1197 5501 Sempepel
1221 5419 1284 5484 Ea.
1309 5419 1402 5506 Lipo.
1431 5421 1469 5503 ¹⁰)
1493 5425 1598 5504 Morag
1619 5421 1684 5488 Ed.
1708 5421 1798 5508 Lipa
