4090 6290
387 533 462 614 670
594 563 601 572 ·
895 553 1009 618 ureae
1035 555 1280 610 uuounenrus
1308 535 1422 628 (nrm).
1655 527 1721 632 (Α.
1740 529 1783 607 D.
1800 529 1903 636 leia)

385 741 633 838 multipliciter
660 745 858 834 execratus,
886 741 1081 836 respondit:
1111 765 1148 818 se
1167 743 1324 835 virente,
1353 741 1590 838 guberdeculo
1611 742 1765 817 Ducatns
1781 742 1902 820 Lithua·

385 866 464 941 niae
490 863 589 940 nullo
616 862 728 958 pacto
746 887 783 940 se
809 861 912 940 alteri
940 865 1220 940 commissurum.
1249 867 1299 943 Re
1328 865 1433 940 etiam
1459 865 1537 939 illie
1560 869 1684 959 agente
1702 865 1741 954 ¹),
1770 867 1903 943 renitad

384 987 488 1062 illum
515 983 673 1061 Caesaris
694 985 889 1062 ¹lurcorum
918 987 1111 1060 Mahumeti
1138 987 1300 1077 nuntius,
1332 986 1560 1061 Turcistauus
1575 983 1606 1076 ²)
1634 985 1787 1076 nemine,
1819 990 1904 1065 lher-

384 1113 540 1182 tarorum
569 1107 675 1182 etiam
701 1105 825 1181 nuntie
854 1107 1052 1182 comitatus.
1087 1108 1154 1202 Qui
1181 1129 1325 1202 magnae
1352 1107 1598 1201 importantiae
1626 1105 1836 1199 muneribus,
1865 1113 1905 1184 ri·

384 1229 512 1305 delicet
539 1228 700 1302 scutellis
715 1227 755 1302 'et
772 1227 868 1303 vasis
895 1229 1086 1322 argenteis,
1117 1229 1396 1322 staminibusque
1420 1227 1667 1317 axamentieis,
1693 1227 1906 1308 adameecenir

385 1355 421 1425 et
446 1349 648 1444 purpureis,
677 1369 762 1427 auro
790 1355 836 1424 et
851 1349 982 1422 murice
1010 1349 1174 1439 intextis,
1203 1350 1453 1442 praesentatis,
1483 1350 1625 1444 propria
1643 1347 1748 1425 etiam
1766 1355 1906 1427 11111111-

384 1471 482 1568 garia
509 1492 653 1546 munera
680 1469 864 1560 adiiciens,
891 1469 975 1544 data
999 1469 1146 1546 lieentia
1173 1471 1327 1560 dicendi,
1355 1470 1495 1545 retulit:
1524 1471 1713 1547 Gaesarem
1742 1473 1907 1550 Turcemn

384 1591 429 1668 ad
456 1613 591 1667 omnem
619 1591 809 1666 amicitiem
837 1597 874 1666 et
889 1611 1009 1684 pacem
1029 1613 1107 1666 cum
1126 1591 1306 1666 Karimiro
1325 1591 1494 1668 Poleniae
1514 1593 1630 1688 Rege,
1659 1593 1843 1688 Regnoque
1858 1617 1907 1670 suo

384 1716 420 1788 et
438 1711 718 1807 Principatibue,
746 1713 966 1803 servandam,
995 1714 1197 1788 firmandam
1217 1719 1252 1788 et
1270 1713 1542 1804 inscribendam,
1572 1714 1702 1808 optima
1721 1713 1908 1808 dispositum

384 1839 420 1909 et
447 1835 686 1928 qualificatum
713 1845 805 1925 esee,
834 1855 1000 1929 orareque
1027 1835 1158 1929 Regem
1175 1835 1217 1927 3),
1246 1841 1288 1909 ut
1315 1835 1451 1909 nuntiis
1478 1834 1781 1910 vicissitudinarie
1797 1833 1906 1926 missis,

383 1975 454 2049 pax
481 1960 517 2030 et
543 1956 699 2031 amicitia
726 1958 883 2030 firmetur
910 1957 944 2032 et
971 1955 1185 2030 inscribetur
1207 1957 1394 2047 intereos,
1423 1959 1458 2031 et
1484 1957 1670 2032 habebitur
1684 1957 1716 2048 ⁴)
1743 1977 1804 2050 pro
1828 1959 1909 2050 graui

383 2076 558 2151 communi
584 2078 700 2168 hoste,
730 2077 929 2171 quicunque
956 2076 1105 2152 alterum
1134 2099 1177 2152 ex
1205 2077 1255 2152 eis
1271 2077 1464 2152 invaserit.
1493 2077 1696 2152 Adiuvabat
1713 2078 1803 2152 hanc
1825 2079 1910 2152 Terei

383 2198 610 2292 legationem,
639 2197 745 2275 etiam
771 2221 834 2293 per
861 2201 1047 2293 specialem
1074 2199 1213 2273 literam
1241 2199 1507 2294 ingeminatam,
1535 2201 1785 2274 Thartarorum
1808 2200 1908 2273 Caua·

382 2320 433 2397 ris
451 2319 631 2396 Nardulob
656 2321 818 2420 nuntius,
851 2343 1027 2410 asserens,
1063 2321 1241 2395 Caesarem
1274 2323 1521 2396 Thartarorum
1553 2320 1588 2394 N
1590 2321 1753 2408 ardulab,
1786 2325 1825 2393 ut
1849 2341 1911 2394 enm

384 2441 481 2536 Rege
508 2439 675 2518 Peloniae
702 2441 881 2518 Karimiro
910 2442 1030 2517 foedus
1054 2447 1088 2516 et
1106 2442 1297 2516 amicitiam
1325 2443 1500 2537 iungeret,
1528 2441 1713 2516 induxisse
1728 2441 1772 2532 5).
1801 2442 1908 2516 Ambo·

382 2562 448 2637 bus
467 2559 602 2639 nuntiis
621 2563 836 2656 munificati·
849 2565 1095 2654 remuneratis,
1115 2585 1321 2658 responsum
1339 2569 1393 2639 est
1410 2565 1456 2654 ll:
1486 2563 1536 2637 De
1554 2562 1819 2652 benevolentia,
1838 2563 1908 2637 omi·

383 2683 468 2760 uitia
496 2689 531 2760 et
558 2685 913 2762 loedere-Turenum
941 2685 1097 2762 Caesarie
1125 2691 1263 2780 gratum
1292 2707 1368 2762 esse
1394 2687 1525 2781 Regem
1540 2683 1584 2776 8),
1618 2687 1912 2779 suscepturumque

383 2804 540 2902 singula,
570 2828 659 2902 quae
678 2811 714 2883 et
731 2828 815 2883 roeo
833 2811 869 2882 et
887 2827 1044 2882 sermone
1072 2806 1251 2898 offerebat,
1279 2827 1349 2881 non
1376 2807 1619 2896 abnuiturum,
1648 2809 1684 2880 et
1701 2805 1822 2880 missio
1839 2825 1911 2879 nuu-

382 2927 445 3002 tiie
471 2928 580 3002 latius
609 2949 646 3003 ee
674 2949 778 3022 super
808 2927 865 3002 his
892 2949 1153 3022 responsurum.
1188 2927 1321 3021 Quibus
1354 2927 1406 3002 sie
1440 2925 1632 3020 expeditis,
1666 2932 1702 3000 et
1734 2926 1837 3002 rebus
1864 2927 1911 3000 Li·

382 3049 549 3125 thuaniae
581 3049 768 3140 ordinatis,
803 3049 966 3124 discessit
993 3049 1196 3123 Kanimires
1227 3049 1394 3133 Peleniae
1421 3049 1499 3124 Rex
1527 3071 1570 3123 ex
1599 3049 1770 3125 Brzescna
1797 3047 1912 3123 Retho-

382 3170 506 3262 uicali,
540 3175 575 3246 et
606 3170 704 3246 venit
735 3171 773 3244 in
805 3171 948 3245 Lublin.
986 3171 1058 3244 Ubi
1094 3171 1229 3263 aliquot
1261 3171 1383 3245 diebus
1420 3170 1653 3263 consumptis,
1689 3192 1753 3263 per
1785 3170 1911 3258 Radou,

383 3291 559 3386 Opeenne,
592 3291 796 3385 caeteraque
828 3292 904 3366 leco
935 3292 1033 3365 venit
1064 3292 1101 3364 in
1134 3293 1331 3385 Pyotrlreu,
1369 3291 1702 3383 conventionemque
1733 3293 1914 3384 generalem

382 3405 515 3486 dudum
542 3411 710 3487 indictam
743 3411 819 3486 illic
846 3411 908 3505 pro
937 3415 1025 3487 ieeto
1058 3414 1298 3503 Pentecostes,
1333 3413 1425 3504 quod
1459 3411 1502 3486 in·
1528 3411 1697 3488 decimam
1726 3411 1820 3486 diem
1845 3409 1913 3489 llaii

383 3533 543 3624 cadebat,
572 3556 651 3609 eum
679 3533 839 3608 omnibus
866 3533 970 3609 terrio
998 3533 1123 3611 tenuit.
1626 3559 1631 3566 ·

381 3889 449 3965 l’ax
469 3891 557 3965 inter
578 3891 730 3966 latiirn
751 3892 931 3983 ilungariea
955 3896 989 3966 cl
1012 3893 1220 3966 wladislaum
1242 3891 1411 3966 boiemiae
1433 3891 1538 3984 lieger
1560 3907 1616 3982 par
1633 3891 1778 3964 arbitror
1800 3907 1916 3964 counr-

381 4029 443 4084 nee
464 4013 564 4087 certis
586 4013 644 4088 rub
667 4013 907 4088 conditionibus
930 4033 1000 4088 cun
1023 4015 1179 4087 dedecore
1201 4015 1321 4105 Regum
1345 4018 1379 4086 at
1401 4014 1579 4104 Regnorum
1601 4013 1755 4085 delenire
1780 4012 1915 4086 1111111·

1000 4138 1083 4208 11111
1106 4136 1317 4210 concluditur.

484 4383 632 4457 Interim
660 4383 742 4458 dum
765 4385 850 4458 haec
868 4384 1161 4477 transigerentur,
1190 4407 1252 4477 pre
1271 4381 1453 4457 Dominica
1472 4382 1815 4474 Ramispalmarum,
1843 4401 1916 4474 quae

382 4523 420 4576 ee
448 4525 537 4576 anne
565 4503 601 4576 in
630 4505 883 4596 quindecimam
911 4505 1040 4579 mensis
1069 4505 1187 4578 Martii
1202 4505 1234 4594 9)
1267 4505 1426 4593 cadebat,
1460 4503 1643 4576 conventio
1672 4502 1842 4594 specialis
1867 4522 1916 4594 pre

381 4645 466 4718 pace
492 4623 585 4698 inter
610 4625 780 4699 Mathiam
808 4626 1025 4721 Hungari'ae,
1055 4631 1090 4700 et
1117 4625 1352 4699 Wladielaum
1377 4625 1580 4714 Bohemiae‚
1610 4625 1744 4716 Reges,
1776 4625 1819 4697 ad
1838 4622 1916 4715 paci·

381 4745 554 4819 licendum
582 4746 770 4821 Bohemia'e
796 4747 1060 4842 Regnum‚,agi
1087 4748 1124 4820 in
1152 4744 1296 4820 Brunna
1323 4751 1444 4838 coepta
1467 4750 1531 4820 est.
1566 4745 1620 4817 Ad
1641 4763 1749 4837 quam
1779 4766 1856 4818 cum
1882 4761 1915 4816 cn

380 4871 479 4960 parte
505 4865 658 4943 Mathiae
684 4868 888 4962 Hungariee
914 4869 1038 4963 Regis,
1067 4869 1241 4942 Iohannes
1271 4866 1511 4956 Varadiensis,
1531 4865 1743 4940 Prethasius
1764 4864 1915 4939 Olomun·

488 5181 512 5263 ¹)
535 5183 678 5246 Caeimiro
700 5182 841 5245 Poloniae
862 5183 945 5258 Rege
967 5181 997 5241 in
1019 5181 1183 5257 Bracaezye
1204 5179 1391 5242 Ruthenieali
1413 5182 1520 5256 agente
1542 5172 1605 5238 Ed.
1628 5174 1721 5260 Lipe.
1749 5177 1916 5256 ¹)aneiea·

379 5307 435 5350 nus
458 5285 522 5352 Ed.
546 5285 639 5370 Lipe.
663 5285 691 5365 3)
715 5287 889 5348 Oasimirum
910 5285 1021 5362 Regem
1043 5281 1106 5346 Ed.
1129 5280 1220 5365 Lipe.
1248 5281 1274 5362 ⁴)
1297 5283 1440 5344 habeatur
1458 5278 1525 5342 Ed.
1547 5278 1638 5364 Lupe.
1663 5281 1691 5360 Ι1)
1712 5281 1869 5343 induxisse
1887 5277 1916 5338 11

380 5411 444 5454 eam
467 5393 596 5452 Tereum
618 5387 796 5472 111111.
827 5386 855 5470 ὅ)
880 5390 1040 5450 casimirus
1069 5389 1133 5448 Rex
1155 5389 1296 5448 Poloniae
1317 5388 1471 5464 magnilica
1493 5383 1556 5447 Eu.
1579 5382 1671 5468 Lipa.
1705 5383 1732 5464 ⁷)
1758 5401 1915 5464 responsum

379 5496 438 5556 illis
461 5500 507 5556 eet
527 5491 590 5557 Ee.
615 5491 706 5576 Lipe.
730 5491 755 5572 ⁸)
778 5493 951 5555 Oasimirum
973 5494 1084 5568 Regem
1106 5487 1169 5553 Ed.
1184 5487 1286 5574 Lipe.
1310 5487 1336 5570 9)
1361 5491 1458 5551 Martii
1480 5487 1558 5550 diem
1580 5486 1642 5550 Ed.
1666 5485 1762 5572 Lipe.
