4082 6284
375 533 452 610 312
882 559 996 614 annun
1021 555 1267 614 nuonncnrns
1294 539 1409 632 (xm).
1655 535 1723 640 (Α.
1742 539 1789 615 D.
1810 535 1937 637 1461.)
1966 527 1970 532 ’

376 743 639 832 wenceslaum,
668 740 854 817 immaturo
882 749 1074 834 mortuum,
1104 751 1321 836 susceperat,
1341 746 1540 837 repudiata,
1560 745 1714 841 Hadrigi
1732 749 1810 822 filia
1828 749 1937 820 Adae

376 863 466 936 Basa
494 864 537 936 de
564 864 724 956 Kapauy
743 865 784 954 ι),
813 885 875 956 pro
903 865 1095 938 concubina
1118 866 1299 955 utebatur,
1328 865 1420 957 apud
1438 867 1606 940 Minorem
1625 867 1834 961 Glogoviam
1854 888 1936 940 mo-

373 983 481 1072 ritur,
510 983 610 1058 etin
637 985 785 1058 ecclesia
818 983 1045 1078 Glogoviensi
1078 985 1288 1079 collegiata,
1318 1006 1362 1058 ex
1390 1007 1474 1078 qna,
1508 988 1833 1080 compatiebaris,
1867 987 1937 1061 Ca-

373 1105 517 1177 nonicos
544 1104 709 1193 eiecerat,
739 1105 920 1196 sepelitur.
949 1105 1013 1178 cui
1041 1108 1148 1180 frater
1175 1127 1260 1178 suns
1286 1088 1473 1198 germanus
1491 1107 1677 1198 Nicolaus,
1697 1110 1879 1201 simplicis
1899 1115 1938 1180 et

373 1226 461 1298 recti
488 1225 544 1296 vir
571 1225 722 1318 ingenii,
751 1225 939 1315 successit3
968 1227 1029 1300 sed
1056 1226 1153 1300 illico
1185 1227 1285 1318 gravi
1312 1227 1405 1299 bello
1433 1247 1454 1298 a
1480 1227 1643 1301 Iannssio
1671 1230 1754 1302 olim
1782 1229 1936 1302 Oswan-

375 1344 543 1417 caimensi
559 1343 589 1435 2)
616 1345 729 1435 Duce,
759 1346 819 1438 qni
848 1345 1046 1438 Opaliansis
1079 1347 1237 1419 Ducatus
1269 1347 1523 1420 successionem
1551 1349 1620 1422 sibi
1647 1351 1842 1439 asserebat,
1875 1370 1936 1421 ra·

374 1463 470 1536 tione
499 1463 598 1536 avias
627 1485 725 1555 suae,
755 1466 839 1540 licat
865 1471 1005 1558 praeter
1030 1466 1231 1554 veritatem,
1265 1466 1399 1556 deberi,
1432 1468 1635 1557 lacessitus,
1669 1471 1798 1542 solutis
1826 1470 1936 1542 mille

375 1583 542 1658 videlicet
568 1584 725 1674 florenis,
753 1607 840 1677 quos
869 1607 1067 1659 communes
1095 1586 1221 1660 arbitri
1248 1587 1434 1660 solvendas
1452 1588 1691 1678 decreverant,
1718 1591 1936 1682 pacificatus

376 1709 445 1792 est,
475 1705 694 1797 amplissimo
724 1711 874 1779 vexatus
901 1707 1041 1779 damno:
1071 1727 1149 1779 cnm
1176 1707 1403 1779 ducentarum
1431 1708 1645 1800 etamplius
1672 1709 1841 1782 villarum
1868 1711 1934 1781 ho-

376 1823 495 1897 stilem
522 1824 828 1918 conflagrationem
855 1825 1052 1916 pertulerit.
1080 1826 1227 1900 Petebat
1255 1829 1290 1900 ιι
1317 1826 1487 1920 Georgius
1516 1829 1704 1902 Bohemiae
1731 1830 1812 1902 Rex
1835 1829 1935 1920 Opo-

376 1944 502 2017 liensis
530 1946 705 2034 Donatus,
734 1947 902 2018 velutad
930 1945 984 2034 ιι,
1012 1945 1148 2019 ιιιίοιι
1171 1945 1282 2034 feudi,
1312 1947 1485 2036 devoluti,
1514 1949 1782 2040 possessionem.
1814 1949 1937 2023 Gessit

377 2065 519 2138 tandem
539 2065 720 2157 petitioni,
749 2066 981 2158 Oppaviensis
1000 2066 1120 2158 oppidi
1138 2067 1325 2139 medietate
1344 2071 1379 2139 at
1397 2067 1564 2164 villarum
1583 2069 1625 2141 ad
1645 2069 1745 2141 illam
1764 2076 1934 2161 spectan-

377 2184 484 2273 tium,
514 2207 618 2276 qnam
637 2187 823 2259 Boleslans
841 2185 1040 2277 0poliensis
1057 2185 1087 2277 ³)
1114 2207 1177 2278 pro
1196 2187 1428 2280 quadraginta
1446 2189 1605 2260 millibus
1623 2189 1833 2262 florenorum
1853 2211 1934 2263 coa

377 2311 504 2395 marat,
533 2305 618 2378 item
647 2305 754 2379 castri
782 2315 816 2380 et
843 2305 962 2398 oppidi
989 2307 1217 2398 (taigenholca
1243 2307 1480 2400 resignatione
1499 2328 1519 2379 a
1537 2308 1683 2381 Nicolao
1712 2309 1810 2382 Duco
1837 2309 1935 2401 Ops

377 2425 499 2513 liensl,
528 2426 612 2500 item
640 2425 776 2518 aliquot
802 2428 1030 2500 scutellarum
1050 2427 1093 2502 de
1110 2449 1194 2500 auro
1213 2428 1459 2501 fabricatarum
1485 2429 1671 2504 donatione
1689 2434 1936 2503 commutatus.

694 2877 696 2880 .
824 2780 1036 2893 ANNUS
1073 2780 1305 2892 DOMINI
1340 2781 1473 2896 1461.

378 3022 558 3094 Karinim
580 3021 650 3096 ltax
672 3023 747 3095 dnm
769 3041 789 3096 a
812 3023 937 3096 Sanno
958 3023 1112 3096 ιιιιιιιι
1135 3025 1355 3097 cassationem
1377 3025 1573 3114 provisionis
1594 3025 1635 3096 da
1652 3026 1844 3115 episcopatu
1862 3027 1938 3097 ora·

379 3144 525 3218 acdona
553 3143 669 3216 locabo
699 3144 928 3234 apampaasri
958 3145 1082 3232 ιιιιιι,
1112 3145 1262 3217 otttnme
1290 3163 1356 3216 non
1383 3147 1489 3232 valet,
1519 3163 1591 3216 aun
1618 3163 1689 3217 cun
1719 3147 1833 3218 amisis
1861 3147 1939 3217 aim

1063 3266 1243 3356 proscribit.

482 3513 589 3584 Festo
616 3511 757 3585 Natalis
786 3513 916 3587 Christi
943 3513 1146 3588 Karimirus
1173 3513 1342 3587 Poloniaa
1363 3513 1442 3587 Rex
1460 3514 1553 3606 apud
1571 3512 1771 3587 Lanciciam
1790 3517 1938 3601 exacto,

379 3631 416 3704 in
444 3633 612 3705 Brnescce
626 3632 658 3722 ⁴)
686 3632 901 3724 Guyaviense
928 3657 965 3708 se
993 3656 1071 3708 cum
1091 3633 1185 3706 omni
1203 3633 1370 3706 transfert
1387 3633 1484 3706 curia
1503 3638 1537 3706 ιι
1556 3632 1703 3705 militia:
1732 3633 1938 3724 Ouyavien·

380 3771 453 3824 sem
481 3757 607 3826 terram
636 3758 671 3826 et
698 3754 773 3826 eius
801 3755 951 3827 confinia
977 3755 1020 3827 ab
1042 3753 1224 3826 invasione
1250 3753 1405 3826 hostium
1434 3751 1562 3843 (hiems
1591 3751 1683 3826 anim
1708 3754 1830 3825 valida
1854 3759 1938 3826 erat

381 3876 416 3944 ot
434 3867 585 3944 wislam
605 3893 668 3945 sno
687 3873 817 3966 frigore
835 3875 1082 3966 permeabilem
1102 3875 1257 3962 facerat),
1287 3893 1365 3946 cnm
1385 3873 1511 3945 solatio
1527 3873 1558 3963 5)
1586 3872 1728 3944 Maioris
1747 3873 1939 3962 Poloniae,

381 3991 442 4083 qui
470 4012 588 4064 omnes
616 3991 654 4065 in
681 3994 935 4086 campestribus
968 3994 1094 4068 armati
1121 3995 1360 4080 morabantur,
1389 3993 1607 4066 defensurus.
1635 3991 1783 4064 Moleste
1811 3999 1939 4065 antem

381 4112 511 4200 sarens,
541 4117 662 4185 contra
681 4134 783 4186 sunm
802 4115 1034 4204 nominatum,
1063 4114 1255 4188 Iohannem
1282 4112 1615 4186 wladislaviensem
1634 4111 1856 4204 episcopum,
1882 4115 1937 4185 al·

380 4235 495 4304 tarum
531 4231 607 4305 inre
644 4233 852 4325 apostolico,
889 4235 1055 4308 Iacobum
1087 4231 1329 4327 Svennpenslri
1348 4233 1392 4322 6),
1429 4253 1492 4324 pro
1524 4230 1673 4306 ecclesia
1705 4232 1940 4305 Oracovicnsi

380 4350 561 4442 provisum
589 4373 682 4442 esse,
710 4348 861 4428 diaetam
889 4355 926 4428 in
954 4355 1080 4448 oppido
1107 4354 1293 4446 Ppotrlrov
1319 4373 1381 4443 pro
1408 4351 1465 4425 die
1492 4351 1674 4424 Dominico
1703 4351 1939 4445 Septuagasi·

381 4491 457 4543 mae
484 4469 661 4562 instituit,
690 4495 794 4566 quam
821 4475 961 4548 tandem
993 4476 1031 4548 in
1062 4475 1232 4548 Brcesaze
1247 4473 1290 4563 ⁷),
1319 4472 1566 4546 discessionem
1597 4471 1752 4544 militum
1784 4472 1938 4546 Maioris

382 4591 550 4664 Poloniae
578 4613 622 4665 ax
649 4598 742 4666 terra
769 4593 994 4687 t‘uvcviensi,
1023 4595 1055 4668 si
1081 4595 1157 4686 ipse
1175 4595 1213 4667 iu
1231 4592 1496 4666 conventionem
1518 4591 1833 4684 Ppotrlroviensam
1850 4614 1936 4683 pra·

242 4789 243 4792 .
383 4710 539 4802 cederat,
567 4713 718 4803 veritus,
747 4715 956 4808 transponit.
984 4714 1042 4788 Ibi
1069 4713 1265 4788 (inesnensi
1292 4712 1552 4804 archiepiscopo
1579 4712 1736 4784 Iohanne
1762 4731 1806 4786 ex
1835 4713 1937 4784 vals-

383 4831 506 4905 tudine
533 4834 680 4908 adversa
711 4835 871 4925 absente,
903 4835 1024 4929 paucis
1056 4838 1173 4908 autem
1204 4834 1389 4940 admodum
1415 4853 1461 4906 ιιι
1488 4831 1613 4905 hlaiori
1638 4833 1786 4906 Polonia
1813 4833 1935 4906 consi·

490 5139 513 5224 1)
536 5144 621 5206 Adae
643 5145 758 5207 Bessde
779 5147 817 5207 de
838 5145 965 5223 Knyarii
989 5140 1066 5208 Coa.
1088 5140 1198 5204 Praca.
1220 5142 1306 5204 Adae
1329 5141 1405 5203 Gens
1428 5140 1465 5201 de
1488 5139 1613 5202 Ouiavia
1633 5137 1697 5203 Ed.
1720 5136 1812 5224 Lapa.
1831 5136 1858 5224 ¹)
1877 5138 1934 5202 Os·

382 5248 606 5326 mamimensi
626 5247 690 5310 Ed.
713 5247 805 5332 La'pc.
829 5249 853 5328 ²)
875 5250 945 5308 Dux
968 5247 1157 5325 Oppoliensis
1178 5242 1241 5308 Ed.
1265 5242 1356 5328 Lipa.
1379 5241 1405 5325 4)
1427 5245 1564 5305 Bracscie
1588 5239 1664 5306 Coa.
1687 5241 1796 5306 Praaa.
1821 5243 1846 5324 ὅ)
1863 5262 1933 5304 cnm

383 5351 525 5412 udlitibus
557 5348 622 5414 Ed.
655 5348 739 5436 Dipo
771 5349 799 5433 ο)
831 5351 1000 5415 Sienicnslri
1034 5345 1110 5413 coa.
1143 5345 1255 5412 Przea.
1289 5345 1478 5426 Syennenski
1511 5343 1575 5408 Ed.
1606 5344 1700 5430 Lipa.
1738 5345 1763 5426 ⁷)
1792 5347 1933 5408 Braeseie

386 5449 462 5518 Coc.
485 5450 594 5520 Pasa.
