4152 6270
400 518 453 590 82·
908 539 1021 589 urnae
1047 537 1292 589 uuouaenrus
1320 516 1434 607 (11111).
1682 511 1749 611 (Α.
1769 513 1814 585 D.-
1836 508 1951 610 1451.)

399 726 621 810 adiuvarent,
651 729 686 795 et
705 723 741 794 in
760 722 1019 814 depressionem
1040 728 1211 793 terrarum
1231 721 1373 792 Maioris
1393 720 1559 792 Poloniae
1582 719 1831 792 consentirent.
1861 721 1949 791 Tum

399 846 573 917 Iohannes
601 845 643 915 dc
671 844 822 915 Gaisaov
850 843 1064 914 castellanus
1093 847 1128 914 et
1155 842 1359 932 capitaneus
1393 839 1649 927 cracoviensis,
1683 847 1823 932 sumpta
1851 862 1871 911 a
1899 862 1948 912 re-

399 965 508 1056 liquis
541 965 786 1037 informatione
819 968 853 1035 01
880 963 1068 1034 autoritate
1100 962 1253 1048 dicendi,
1288 962 1323 1032 iu
1358 963 1447 1032 hauc
1480 961 1690 1032 sententiam
1723 961 1950 1052 querentibus

399 1085 595 1176 respondit:
626 1085 769 1156 Summa
797 1105 858 1154 vos
887 1089 921 1155 et
939 1088 1095 1155 vestrum
1125 1083 1318 1173 quemlibet
1346 1083 1448 1154 laude
1472 1085 1507 1154 et
1526 1082 1823 1153 commendatione
1853 1082 1950 1154 deee-

398 1207 475 1293 bat,
505 1205 573 1276 viri
602 1205 741 1296 optimi,
771 1206 935 1276 honorem
955 1203 1139 1296 dignitatis
1159 1203 1419 1290 Cardinalatus,
1449 1201 1599 1292 Sbiguoo
1619 1202 1840 1274 Oracoviensi
1859 1202 1950 1292 epis-

401 1347 485 1416 copo
509 1347 529 1396 a
548 1325 662 1396 tribus
683 1324 837 1396 Summis
858 1323 1089 1396 Pontificibus
1109 1323 1278 1412 delatum,
1299 1322 1479 1414 prosequi,
1504 1345 1573 1393 non
1591 1321 1737 1408 iniuria,
1766 1343 1835 1392 non
1859 1343 1950 1393 mur-

400 1466 515 1532 mure,
544 1466 613 1516 non
642 1446 799 1535 querela,
830 1450 863 1516 et
890 1444 1042 1535 primum
1071 1444 1107 1515 in
1127 1445 1237 1516 Deum
1256 1444 1447 1536 gratiarum
1478 1443 1652 1515 celebrare
1676 1443 1864 1530 actionem,
1895 1443 1951 1515 de·

401 1566 482 1637 inde
517 1571 550 1637 et
583 1565 653 1656 ipsi
686 1565 837 1656 Sbigneo
871 1564 1047 1636 Cardinali
1067 1565 1093 1652 ¹)
1126 1564 1253 1656 gaudio
1286 1569 1320 1636 01
1347 1563 1563 1656 gratitudine
1596 1563 1687 1634 affici
1719 1563 1893 1654 singulari
1908 1561 1951 1651 ²),

401 1686 493 1777 quod
524 1685 597 1756 suis
626 1685 819 1756 virtutibus
848 1690 882 1757 01
910 1685 1046 1756 meritis
1074 1685 1235 1775 Regnum
1256 1688 1412 1756 nostrum
1434 1683 1617 1775 splendore
1636 1683 1820 1769 immenso,
1851 1704 1952 1773 quem

400 1811 520 1878 noster
549 1806 602 1876 001
631 1827 809 1896 nunquam
838 1811 917 1876 ante
946 1805 1097 1892 viderat,
1137 1805 1328 1892 ornaverit,
1364 1811 1404 1875 ut
1432 1804 1578 1876 caeteris
1607 1803 1739 1895 Regnis
1767 1802 1952 1874 catholicis

401 1927 459 1999 101
487 1925 682 2017 superiores
711 1928 767 1998 vel
795 1927 958 2016 aequales
987 1925 1179 1996 videamur.
1210 1926 1248 1996 Si
1277 1925 1368 1996 euim
1389 1925 1475 1995 iusti
1495 1945 1609 1995 rerum
1629 1924 1874 1996 aestimatores
1895 1944 1951 1994 su-

401 2067 495 2133 mus,
529 2069 597 2117 101
632 2047 667 2118 11
700 2045 837 2117 ultimis
869 2046 1012 2116 laudum
1046 2045 1159 2137 Regni
1191 2046 1304 2116 nostri
1337 2045 1588 2135 promotionem
1622 2051 1656 2114 01
1684 2043 1952 2134 amplitudinem

402 2167 496 2238 hanc
523 2166 796 2238 numerabimus.
825 2165 1012 2236 instabant
1032 2165 1121 2236 enim
1142 2166 1234 2256 apud
1255 2165 1416 2236 Summos
1436 2164 1641 2250 Pontifices,
1668 2163 1865 2254 superiores
1885 2165 1953 2236 Re·

400 2307 461 2378 ges
489 2287 617 2374 nostri,
646 2287 752 2358 huius
781 2287 894 2378 Regni
923 2285 1148 2376 pontificibus
1181 2305 1242 2376 pro
1271 2286 1349 2372 illa,
1387 2291 1421 2356 et
1450 2289 1611 2375 sumptus
1645 2283 1850 2356 effundendo
1880 2305 1950 2356 ma-

401 2407 532 2495 ximoe,
561 2407 669 2499 potiri
697 2407 790 2478 10110
818 2406 1068 2496 nequiverunt,
1097 2407 1186 2477 hanc
1211 2408 1282 2477 Deo
1302 2405 1449 2496 optimo,
1479 2411 1598 2476 nostro
1626 2405 1848 2478 Oraoovieusi
1868 2427 1952 2497 pou-

401 2527 489 2599 tifioi
523 2528 690 2620 Sbigne0,
725 2527 863 2599 laudem
895 2531 1114 2614 reservante,
1149 2525 1225 2616 qui,
1260 2527 1352 2617 quod
1380 2525 1472 2596 nulli
1500 2547 1653 2616 unquam
1681 2526 1813 2618 legitur
1841 2527 1952 2598 conti-

402 2648 514 2739 gisse,
544 2648 692 2719 utribus
723 2648 876 2719 Summis
904 2647 1136 2719 Pontificibus
1156 2647 1359 2738 designatus
1379 2647 1591 2734 Cardinalis,
1621 2647 1657 2717 in
1678 2647 1860 2738 fastigium
1881 2653 1952 2719 tam

404 2769 497 2840 01100
521 2769 723 2860 dignitatis
757 2769 856 2838 nullo
889 2768 984 2859 regio
1019 2775 1079 2837 aut
1112 2768 1262 2838 humano
1296 2767 1438 2838 adiutus
1477 2767 1657 2859 suffragio,
1701 2773 1836 2840 tractus
1874 2789 1952 2840 con-

403 2889 554 2976 scendit,
584 2893 624 2959 11
653 2909 695 2959 ex
716 2910 791 2960 eras
820 2888 978 2960 nationes
1006 2893 1040 2959 et
1068 2887 1202 2958 vicinos
1230 2888 1378 2978 populos
1408 2887 1558 2959 felicitas
1586 2887 1672 2960 11000
1696 2893 1817 2960 nostra
1836 2889 1880 2959 ad
1899 2889 1952 2960 in·

400 3007 532 3079 vidium
560 3008 803 3094 concitaverit,
834 3011 873 3078 ut
902 3029 1026 3080 nomen
1055 3013 1212 3079 nostrum
1241 3008 1334 3098 apud
1362 3009 1444 3079 illas
1473 3012 1507 3079 01
1535 3008 1707 3080 celebrius
1731 3013 1766 3079 01
1789 3009 1953 3080 formido·

402 3127 513 3198 losius
539 3129 597 3200 sit.
627 3127 721 3219 Quae
740 3133 873 3200 mentes
894 3133 1029 3200 vestras
1050 3128 1161 3220 caligo
1181 3129 1351 3216 detineat,
1381 3149 1442 3198 vos
1462 3127 1532 3219 ipsi
1552 3128 1729 3200 discutite.
1759 3129 1840 3200 Non
1860 3134 1955 3201 caret

402 3257 526 3340 magno
559 3249 741 3334 dedecore,
776 3269 838 3320 nec
872 3249 962 3339 apud
996 3249 1153 3320 homines
1186 3249 1375 3340 prudentes
1409 3253 1570 3321 versatur
1598 3249 1672 3321 sine
1702 3249 1954 3341 suggillatione

401 3373 522 3440 nostra
555 3375 589 3440 et
621 3368 795 3440 communi
829 3368 989 3440 irrisione
1022 3369 1106 3440 haec
1139 3369 1274 3458 fabula,
1310 3369 1401 3460 quod
1435 3369 1471 3440 in
1499 3369 1711 3460 acceptanda
1743 3375 1779 3441 et
1806 3375 1955 3461 utroque

401 3488 543 3560 brachio
572 3489 831 3580 complectenda
859 3489 1030 3580 dignitate
1059 3489 1278 3580 amplissima
1308 3490 1597 3582 tergiversamur,
1627 3493 1662 3592 01
1682 3489 1784 3580 quasi
1804 3490 1953 3581 quadam

402 3608 598 3680 mordemur
626 3615 660 3681 et
688 3610 848 3701 angimur
876 3608 1026 3697 invidia,
1056 3614 1191 3680 utnon
1221 3611 1309 3681 falso
1337 3610 1523 3682 memoriae
1542 3609 1719 3700 proditum
1748 3611 1812 3696 sit,
1842 3615 1953 3682 caete·

401 3749 460 3800 ras
488 3729 647 3802 nationes
671 3729 865 3816 mendacio,
896 3729 1075 3821 superbia,
1105 3730 1200 3818 dolo,
1230 3731 1380 3821 rapinis,
1414 3736 1569 3802 nostram
1602 3729 1738 3802 invidia
1765 3731 1953 3802 abundare.

402 3849 504 3920 Nihil
533 3849 728 3922 Guesnensi
762 3851 944 3939 ecclesiae,
978 3851 1069 3922 nihil
1103 3873 1165 3923 suo
1198 3853 1484 3944 metropolitano,
1518 3852 1732 3924 dectraetum
1765 3857 1836 3940 001,
1865 3851 1956 3924 nihil

402 3968 638 4059 depressionis
666 3970 830 4056 accessit,
861 3993 958 4042 suam
988 3971 1050 4042 illa
1071 3973 1332 4059 excellentiam,
1364 3995 1464 4044 01111111
1485 3973 1606 4060 decus,
1635 3993 1705 4043 nou
1724 3972 1856 4044 amisit.
1886 3972 1954 4044 Ne·

405 4109 471 4180 que
500 4089 714 4162 Gnesneneis
746 4091 1028 4182 archiepiscopus
1067 4092 1108 4162 ad
1138 4091 1432 4180 00111110110113)
1471 4093 1538 4164 sibi
1571 4092 1742 4184 imponat,
1777 4093 1809 4164 si
1841 4095 1956 4166 locum

403 4209 601 4282 inferiorem
631 4215 748 4282 tenere
777 4217 931 4303 cogatur.
960 4211 1041 4284 Non
1069 4213 1125 4284 illi
1153 4214 1239 4284 baee
1267 4213 1505 4284 tantummodo
1530 4212 1783 4304 irrefragabilis
1803 4215 1956 4298 sanctim

402 4330 463 4402 sed
491 4338 525 4402 et
553 4330 811 4416 boloniensem,
846 4333 1164 4423 Magantinensem,
1199 4333 1468 4424 Lugdunensem
1501 4338 1535 4405 et
1568 4355 1794 4425 quoscunque
1827 4333 1865 4406 in
1903 4355 1956 4406 ca·

401 4451 533 4522 thelica
560 4451 719 4523 Ecclesia
739 4451 913 4522 Primatcs
941 4452 1030 4544 ligat
1058 4457 1092 4525 et
1120 4453 1346 4544 constringit,
1376 4458 1416 4524 ut
1443 4455 1612 4527 honorare
1632 4455 1879 4527 Gurdinalatus
1898 4475 1956 4526 ex·

402 4570 618 4658 callentium,
648 4576 682 4642 01
710 4572 779 4643 sibi
807 4577 878 4642 tam
897 4573 990 4660 1000,
1020 4595 1123 4663 quam
1144 4594 1300 4645 sermone
1320 4574 1452 4645 deferre
1472 4579 1668 4646 teneantur.
1701 4574 1755 4646 Ab
1776 4575 1871 4646 omni
1891 4575 1956 4647 ita-

403 4712 470 4782 que
499 4691 628 4762 0001010
658 4695 693 4762 01
720 4692 825 4781 culpa
853 4712 915 4763 nos
945 4692 1189 4763 existimamus
1218 4715 1323 4783 puros
1352 4699 1386 4765 et
1415 4693 1594 4780 innoxios,
1625 4693 1656 4765 01
1683 4694 1799 4766 virum
1819 4701 1854 4767 et
1872 4715 1956 4786 pon·

401 4812 530 4883 tificem
558 4815 733 4899 nostrum,
762 4811 900 4902 privato
928 4811 1033 4884 etiam
1061 4811 1161 4884 uobis
1190 4813 1373 4885 colendum
1402 4813 1533 4900 officio,
1563 4835 1783 4902 veneramur,
1814 4817 1956 4888 eandem

402 4931 679 5020 venerationem,
709 4932 971 5024 circumscripto
1000 4933 1094 5004 omni
1123 4933 1233 5005 livore
1253 4939 1287 5006 01
1306 4933 1455 5022 1111110,
1485 4934 1795 5022 Wladislavieusi,
1825 4937 1956 5007 Poena·

401 5051 533 5140 110101,
563 5053 740 5141 Ρ1000101,
770 5053 1049 5141 Ρ10011110110101,
1079 5054 1295 5141 Chelmensi,
1326 5055 1518 5146 episeopis,
1548 5055 1757 5146 impensuri,
1787 5057 1820 5129 01
1838 5061 1957 5128 100110

510 5324 532 5404 ¹)
559 5326 708 5386 Cardineli
732 5333 762 5387 01
784 5328 923 5404 episcopo
947 5327 1136 5388 0100011οη01
1158 5325 1221 5388 Ed.
1247 5324 1336 5410 Lips.
1362 5326 1388 5407 ⁹)
1411 5329 1554 5404 gratulari
1577 5347 1631 5390 vos
1654 5330 1846 5406 singulariter
1873 5349 1957 5408 opor·

401 5431 483 5493 tabat
508 5425 583 5492 Coo.
609 5427 676 5492 Lc'e.
701 5428 728 5512 ³)
753 5432 791 5490 ad
814 5432 951 5491 iniuriam
976 5417 1052 5493 dod.
1076 5429 1185 5493 Przez.
