<?xml version="1.0" encoding="UTF-8"?>
<!DOCTYPE html PUBLIC "-//W3C//DTD XHTML 1.0 Transitional//EN"
    "http://www.w3.org/TR/xhtml1/DTD/xhtml1-transitional.dtd">
<html xmlns="http://www.w3.org/1999/xhtml" xml:lang="en" lang="en">
 <head>
  <title>
</title>
<meta http-equiv="Content-Type" content="text/html;charset=utf-8" />
  <meta name='ocr-system' content='tesseract 3.04.00' />
  <meta name='ocr-capabilities' content='ocr_page ocr_carea ocr_par ocr_line ocrx_word'/>
</head>
<body>
  <div class='ocr_page' id='page_1' title='image "./operaomnia06paulgoog_0465.png"; bbox 0 0 4052 6286; ppageno 0'>
   <div class='ocr_carea' id='block_1_1' title="bbox 59 557 1606 665">
    <p class='ocr_par' dir='ltr' id='par_1_1' title="bbox 59 557 1606 665">
     <span class='ocr_line' id='line_1_1' title="bbox 59 557 1606 665; baseline -0.003 -22"><span class='ocrx_word' id='word_1_1' title='bbox 59 563 126 664; x_wconf 86' lang='grc' dir='ltr'>(Α.</span> <span class='ocrx_word' id='word_1_2' title='bbox 144 564 195 641; x_wconf 83' lang='lat' dir='ltr'>D.</span> <span class='ocrx_word' id='word_1_3' title='bbox 213 563 341 665; x_wconf 78' lang='lat' dir='ltr'>icoc.)</span> <span class='ocrx_word' id='word_1_4' title='bbox 573 587 687 640; x_wconf 81' lang='lat' dir='ltr'>creua</span> <span class='ocrx_word' id='word_1_5' title='bbox 713 585 957 641; x_wconf 81' lang='lat' dir='ltr'>nuonncnnus</span> <span class='ocrx_word' id='word_1_6' title='bbox 982 570 1099 659; x_wconf 85' lang='lat' dir='ltr'>(xm).</span> <span class='ocrx_word' id='word_1_7' title='bbox 1527 557 1606 640; x_wconf 77' lang='lat'>453</span> 
     </span>
    </p>
   </div>
   <div class='ocr_carea' id='block_1_2' title="bbox 62 771 1622 868">
    <p class='ocr_par' dir='ltr' id='par_1_2' title="bbox 62 771 1622 868">
     <span class='ocr_line' id='line_1_2' title="bbox 62 771 1622 868; baseline -0.003 -19"><span class='ocrx_word' id='word_1_8' title='bbox 62 775 171 850; x_wconf 91' lang='lat' dir='ltr'>sione.</span> <span class='ocrx_word' id='word_1_9' title='bbox 201 774 296 866; x_wconf 73' lang='lat' dir='ltr'>Quae</span> <span class='ocrx_word' id='word_1_10' title='bbox 322 772 550 846; x_wconf 86' lang='lat' dir='ltr'>inflammatio</span> <span class='ocrx_word' id='word_1_11' title='bbox 569 773 597 863; x_wconf 94' lang='lat'><strong>¹)</strong></span> <span class='ocrx_word' id='word_1_12' title='bbox 624 771 695 847; x_wconf 93' lang='lat' dir='ltr'>nisi</span> <span class='ocrx_word' id='word_1_13' title='bbox 722 773 987 863; x_wconf 85' lang='lat' dir='ltr'>intervenisset,</span> <span class='ocrx_word' id='word_1_14' title='bbox 1015 795 1085 846; x_wconf 89' lang='lat' dir='ltr'>non</span> <span class='ocrx_word' id='word_1_15' title='bbox 1111 771 1226 866; x_wconf 92' lang='lat' dir='ltr'>prius,</span> <span class='ocrx_word' id='word_1_16' title='bbox 1259 794 1362 864; x_wconf 90' lang='lat' dir='ltr'>quam</span> <span class='ocrx_word' id='word_1_17' title='bbox 1390 771 1622 868; x_wconf 29' lang='lat' dir='ltr'>consumptis,</span> 
     </span>
    </p>
   </div>
   <div class='ocr_carea' id='block_1_3' title="bbox 60 873 1727 986">
    <p class='ocr_par' dir='ltr' id='par_1_3' title="bbox 60 873 1727 986">
     <span class='ocr_line' id='line_1_3' title="bbox 60 873 1727 986; baseline -0.004 -17"><span class='ocrx_word' id='word_1_18' title='bbox 60 895 292 984; x_wconf 84' lang='lat' dir='ltr'>victualibus,</span> <span class='ocrx_word' id='word_1_19' title='bbox 321 894 399 986; x_wconf 88' lang='lat' dir='ltr'>ipsa</span> <span class='ocrx_word' id='word_1_20' title='bbox 427 892 495 966; x_wconf 90' lang='lat' dir='ltr'>sibi</span> <span class='ocrx_word' id='word_1_21' title='bbox 523 893 626 966; x_wconf 84' lang='lat' dir='ltr'>famis</span> <span class='ocrx_word' id='word_1_22' title='bbox 641 891 672 983; x_wconf 77' lang='lat'>²)</span> <span class='ocrx_word' id='word_1_23' title='bbox 699 893 924 982; x_wconf 89' lang='lat' dir='ltr'>necessitate,</span> <span class='ocrx_word' id='word_1_24' title='bbox 954 897 989 966; x_wconf 93' lang='lat' dir='ltr'>et</span> <span class='ocrx_word' id='word_1_25' title='bbox 1016 915 1084 965; x_wconf 92' lang='lat' dir='ltr'>non</span> <span class='ocrx_word' id='word_1_26' title='bbox 1111 892 1216 967; x_wconf 86' lang='lat' dir='ltr'>aliter</span> <span class='ocrx_word' id='word_1_27' title='bbox 1232 892 1411 966; x_wconf 76' lang='lat' dir='ltr'>¹traditum</span> <span class='ocrx_word' id='word_1_28' title='bbox 1434 873 1607 984; x_wconf 77' lang='lat' dir='ltr'>iridhop-</span> <span class='ocrx_word' id='word_1_29' title='bbox 1726 927 1727 931; x_wconf 34' lang='lat'><strong>¹</strong></span> 
     </span>
    </p>
   </div>
   <div class='ocr_carea' id='block_1_4' title="bbox 61 997 1656 4580">
    <p class='ocr_par' dir='ltr' id='par_1_4' title="bbox 61 997 1656 4580">
     <span class='ocr_line' id='line_1_4' title="bbox 61 997 1656 1106; baseline -0.001 -16"><span class='ocrx_word' id='word_1_30' title='bbox 61 1017 197 1090; x_wconf 81' lang='lat' dir='ltr'>niceam</span> <span class='ocrx_word' id='word_1_31' title='bbox 215 1014 450 1088; x_wconf 78' lang='lat' dir='ltr'><strong>destinabant.</strong></span> <span class='ocrx_word' id='word_1_32' title='bbox 480 1013 576 1086; x_wconf 78' lang='lat' dir='ltr'>Tunc</span> <span class='ocrx_word' id='word_1_33' title='bbox 594 1012 686 1086; x_wconf 89' lang='lat' dir='ltr'>enim</span> <span class='ocrx_word' id='word_1_34' title='bbox 705 1017 739 1086; x_wconf 90' lang='lat' dir='ltr'>et</span> <span class='ocrx_word' id='word_1_35' title='bbox 757 1013 976 1106; x_wconf 82' lang='lat' dir='ltr'>captiuitatis</span> <span class='ocrx_word' id='word_1_36' title='bbox 997 997 1192 1086; x_wconf 56' lang='lat' dir='ltr'>&#39;ludibrium</span> <span class='ocrx_word' id='word_1_37' title='bbox 1210 1015 1245 1086; x_wconf 89' lang='lat' dir='ltr'>et</span> <span class='ocrx_word' id='word_1_38' title='bbox 1265 1013 1483 1085; x_wconf 89' lang='lat' dir='ltr'>fortunarum</span> <span class='ocrx_word' id='word_1_39' title='bbox 1502 1012 1606 1085; x_wconf 92' lang='lat' dir='ltr'>amis·</span> <span class='ocrx_word' id='word_1_40' title='bbox 1634 1079 1656 1090; x_wconf 89' lang='grc'>..</span> 
     </span>
     <span class='ocr_line' id='line_1_5' title="bbox 63 1131 1609 1222; baseline -0.003 -13"><span class='ocrx_word' id='word_1_41' title='bbox 63 1136 199 1209; x_wconf 90' lang='lat' dir='ltr'>sionem</span> <span class='ocrx_word' id='word_1_42' title='bbox 231 1133 353 1222; x_wconf 81' lang='lat' dir='ltr'>ueriti,</span> <span class='ocrx_word' id='word_1_43' title='bbox 387 1133 469 1206; x_wconf 90' lang='lat' dir='ltr'>dum</span> <span class='ocrx_word' id='word_1_44' title='bbox 501 1133 742 1206; x_wconf 90' lang='lat' dir='ltr'>renuntiatum</span> <span class='ocrx_word' id='word_1_45' title='bbox 777 1133 828 1206; x_wconf 92' lang='lat' dir='ltr'>eis</span> <span class='ocrx_word' id='word_1_46' title='bbox 861 1135 951 1207; x_wconf 86' lang='lat' dir='ltr'>foret</span> <span class='ocrx_word' id='word_1_47' title='bbox 965 1131 1009 1222; x_wconf 80' lang='grc'>3),</span> <span class='ocrx_word' id='word_1_48' title='bbox 1041 1133 1176 1205; x_wconf 90' lang='lat' dir='ltr'>nullum</span> <span class='ocrx_word' id='word_1_49' title='bbox 1214 1132 1252 1205; x_wconf 90' lang='lat' dir='ltr'>in</span> <span class='ocrx_word' id='word_1_50' title='bbox 1285 1133 1425 1206; x_wconf 87' lang='lat' dir='ltr'>ferenda</span> <span class='ocrx_word' id='word_1_51' title='bbox 1457 1131 1609 1207; x_wconf 81' lang='lat' dir='ltr'>obsessis</span> 
     </span>
     <span class='ocr_line' id='line_1_6' title="bbox 63 1251 1606 1348; baseline -0.003 -20"><span class='ocrx_word' id='word_1_52' title='bbox 63 1277 126 1348; x_wconf 92' lang='lat' dir='ltr'>ope</span> <span class='ocrx_word' id='word_1_53' title='bbox 145 1275 244 1347; x_wconf 92' lang='lat' dir='ltr'>spem</span> <span class='ocrx_word' id='word_1_54' title='bbox 262 1253 456 1327; x_wconf 90' lang='lat' dir='ltr'>habendam</span> <span class='ocrx_word' id='word_1_55' title='bbox 475 1253 547 1326; x_wconf 85' lang='lat' dir='ltr'>lore</span> <span class='ocrx_word' id='word_1_56' title='bbox 561 1251 604 1342; x_wconf 82' lang='lat'>¹),</span> <span class='ocrx_word' id='word_1_57' title='bbox 633 1251 794 1326; x_wconf 89' lang='lat' dir='ltr'>Ulricnm</span> <span class='ocrx_word' id='word_1_58' title='bbox 813 1251 1026 1346; x_wconf 82' lang='lat' dir='ltr'>Eysenouen</span> <span class='ocrx_word' id='word_1_59' title='bbox 1041 1251 1072 1342; x_wconf 76' lang='grc'>5)</span> <span class='ocrx_word' id='word_1_60' title='bbox 1095 1273 1259 1346; x_wconf 88' lang='lat' dir='ltr'>magnum</span> <span class='ocrx_word' id='word_1_61' title='bbox 1277 1251 1606 1340; x_wconf 70' lang='lat' dir='ltr'>commendatorem,</span> 
     </span>
     <span class='ocr_line' id='line_1_7' title="bbox 63 1371 1606 1466; baseline -0.003 -17"><span class='ocrx_word' id='word_1_62' title='bbox 63 1376 255 1450; x_wconf 75' lang='lat' dir='ltr'>Iohannem</span> <span class='ocrx_word' id='word_1_63' title='bbox 282 1374 325 1446; x_wconf 91' lang='lat' dir='ltr'>de</span> <span class='ocrx_word' id='word_1_64' title='bbox 353 1374 415 1445; x_wconf 84' lang='lat' dir='ltr'>Zel</span> <span class='ocrx_word' id='word_1_65' title='bbox 442 1377 477 1446; x_wconf 89' lang='lat' dir='ltr'>et</span> <span class='ocrx_word' id='word_1_66' title='bbox 504 1373 693 1445; x_wconf 89' lang='lat' dir='ltr'>nonnullos</span> <span class='ocrx_word' id='word_1_67' title='bbox 721 1372 810 1445; x_wconf 92' lang='lat' dir='ltr'>alios</span> <span class='ocrx_word' id='word_1_68' title='bbox 837 1374 879 1446; x_wconf 91' lang='lat' dir='ltr'>de</span> <span class='ocrx_word' id='word_1_69' title='bbox 907 1373 1033 1466; x_wconf 91' lang='lat' dir='ltr'>oppido</span> <span class='ocrx_word' id='word_1_70' title='bbox 1060 1371 1215 1446; x_wconf 91' lang='lat' dir='ltr'>dedendo</span> <span class='ocrx_word' id='word_1_71' title='bbox 1242 1371 1384 1445; x_wconf 90' lang='lat' dir='ltr'>nuntios</span> <span class='ocrx_word' id='word_1_72' title='bbox 1412 1377 1448 1446; x_wconf 91' lang='lat' dir='ltr'>et</span> <span class='ocrx_word' id='word_1_73' title='bbox 1475 1371 1606 1464; x_wconf 91' lang='lat' dir='ltr'>capita-</span> 
     </span>
     <span class='ocr_line' id='line_1_8' title="bbox 64 1489 1606 1588; baseline -0.003 -18"><span class='ocrx_word' id='word_1_74' title='bbox 64 1515 146 1570; x_wconf 91' lang='lat' dir='ltr'>neos</span> <span class='ocrx_word' id='word_1_75' title='bbox 172 1493 289 1588; x_wconf 89' lang='lat' dir='ltr'>regios</span> <span class='ocrx_word' id='word_1_76' title='bbox 317 1492 478 1566; x_wconf 89' lang='lat' dir='ltr'>mittunt:</span> <span class='ocrx_word' id='word_1_77' title='bbox 508 1491 568 1584; x_wconf 91' lang='lat' dir='ltr'>qui</span> <span class='ocrx_word' id='word_1_78' title='bbox 584 1492 615 1582; x_wconf 82' lang='lat'><strong>¹)</strong></span> <span class='ocrx_word' id='word_1_79' title='bbox 643 1492 832 1566; x_wconf 76' lang='lat' dir='ltr'>deditionis</span> <span class='ocrx_word' id='word_1_80' title='bbox 859 1493 1119 1567; x_wconf 87' lang='lat' dir='ltr'>conditionibus</span> <span class='ocrx_word' id='word_1_81' title='bbox 1147 1489 1365 1585; x_wconf 88' lang='lat' dir='ltr'>compositis,</span> <span class='ocrx_word' id='word_1_82' title='bbox 1395 1492 1523 1584; x_wconf 89' lang='lat' dir='ltr'>quibus</span> <span class='ocrx_word' id='word_1_83' title='bbox 1550 1513 1606 1566; x_wconf 90' lang='lat' dir='ltr'>ea·</span> 
     </span>
     <span class='ocr_line' id='line_1_9' title="bbox 65 1611 1607 1705; baseline -0.003 -17"><span class='ocrx_word' id='word_1_84' title='bbox 65 1615 228 1702; x_wconf 87' lang='lat' dir='ltr'>rebatur,</span> <span class='ocrx_word' id='word_1_85' title='bbox 256 1617 297 1685; x_wconf 90' lang='lat' dir='ltr'>ut</span> <span class='ocrx_word' id='word_1_86' title='bbox 324 1612 475 1686; x_wconf 89' lang='lat' dir='ltr'>obsessis</span> <span class='ocrx_word' id='word_1_87' title='bbox 503 1611 754 1700; x_wconf 89' lang='lat' dir='ltr'>incolumibus,</span> <span class='ocrx_word' id='word_1_88' title='bbox 784 1633 862 1685; x_wconf 88' lang='lat' dir='ltr'>oum</span> <span class='ocrx_word' id='word_1_89' title='bbox 890 1613 1040 1686; x_wconf 82' lang='lat' dir='ltr'>fortunis</span> <span class='ocrx_word' id='word_1_90' title='bbox 1068 1617 1104 1686; x_wconf 87' lang='lat' dir='ltr'>et</span> <span class='ocrx_word' id='word_1_91' title='bbox 1130 1614 1234 1686; x_wconf 90' lang='lat' dir='ltr'>rebus</span> <span class='ocrx_word' id='word_1_92' title='bbox 1261 1613 1421 1686; x_wconf 92' lang='lat' dir='ltr'>omnibus</span> <span class='ocrx_word' id='word_1_93' title='bbox 1443 1612 1607 1705; x_wconf 92' lang='lat' dir='ltr'>propriis,</span> 
     </span>
     <span class='ocr_line' id='line_1_10' title="bbox 64 1716 1608 1826; baseline -0.001 -19"><span class='ocrx_word' id='word_1_94' title='bbox 64 1734 199 1808; x_wconf 91' lang='lat' dir='ltr'>relictis</span> <span class='ocrx_word' id='word_1_95' title='bbox 227 1716 387 1806; x_wconf 91' lang='lat' dir='ltr'>omnibns</span> <span class='ocrx_word' id='word_1_96' title='bbox 415 1731 585 1805; x_wconf 87' lang='lat' dir='ltr'>machinis</span> <span class='ocrx_word' id='word_1_97' title='bbox 613 1735 648 1804; x_wconf 88' lang='lat' dir='ltr'>et</span> <span class='ocrx_word' id='word_1_98' title='bbox 675 1731 853 1822; x_wconf 90' lang='lat' dir='ltr'>operibus,</span> <span class='ocrx_word' id='word_1_99' title='bbox 887 1733 982 1806; x_wconf 90' lang='lat' dir='ltr'>abire</span> <span class='ocrx_word' id='word_1_100' title='bbox 1010 1732 1130 1821; x_wconf 91' lang='lat' dir='ltr'>liceat,</span> <span class='ocrx_word' id='word_1_101' title='bbox 1159 1737 1195 1806; x_wconf 89' lang='lat' dir='ltr'>et</span> <span class='ocrx_word' id='word_1_102' title='bbox 1217 1733 1255 1806; x_wconf 93' lang='lat' dir='ltr'>in</span> <span class='ocrx_word' id='word_1_103' title='bbox 1273 1733 1405 1826; x_wconf 89' lang='lat' dir='ltr'>Regem</span> <span class='ocrx_word' id='word_1_104' title='bbox 1431 1732 1608 1821; x_wconf 88' lang='lat' dir='ltr'>Poloniee,</span> 
     </span>
     <span class='ocr_line' id='line_1_11' title="bbox 66 1851 1611 1948; baseline -0.003 -19"><span class='ocrx_word' id='word_1_105' title='bbox 66 1855 296 1948; x_wconf 91' lang='lat' dir='ltr'>Regnumque</span> <span class='ocrx_word' id='word_1_106' title='bbox 323 1873 425 1926; x_wconf 90' lang='lat' dir='ltr'>snum</span> <span class='ocrx_word' id='word_1_107' title='bbox 452 1872 514 1944; x_wconf 92' lang='lat' dir='ltr'>pro</span> <span class='ocrx_word' id='word_1_108' title='bbox 541 1851 728 1925; x_wconf 73' lang='lat' dir='ltr'>cruciferis</span> <span class='ocrx_word' id='word_1_109' title='bbox 755 1873 933 1944; x_wconf 88' lang='lat' dir='ltr'>nunquam</span> <span class='ocrx_word' id='word_1_110' title='bbox 962 1852 1154 1926; x_wconf 88' lang='lat' dir='ltr'>machinari</span> <span class='ocrx_word' id='word_1_111' title='bbox 1181 1852 1344 1942; x_wconf 90' lang='lat' dir='ltr'>hostilia,</span> <span class='ocrx_word' id='word_1_112' title='bbox 1374 1851 1501 1926; x_wconf 88' lang='lat' dir='ltr'>solutis</span> <span class='ocrx_word' id='word_1_113' title='bbox 1528 1851 1611 1925; x_wconf 90' lang='lat' dir='ltr'>hinc</span> 
     </span>
     <span class='ocr_line' id='line_1_12' title="bbox 67 1970 1610 2066; baseline -0.001 -20"><span class='ocrx_word' id='word_1_114' title='bbox 67 1975 145 2047; x_wconf 93' lang='lat' dir='ltr'>inde</span> <span class='ocrx_word' id='word_1_115' title='bbox 173 1995 195 2045; x_wconf 89' lang='lat' dir='ltr'>a</span> <span class='ocrx_word' id='word_1_116' title='bbox 220 1977 320 2064; x_wconf 91' lang='lat' dir='ltr'>parte</span> <span class='ocrx_word' id='word_1_117' title='bbox 347 1975 494 2064; x_wconf 75' lang='lat' dir='ltr'>utroquo</span> <span class='ocrx_word' id='word_1_118' title='bbox 521 1970 671 2062; x_wconf 87' lang='lat' dir='ltr'>captivis</span> <span class='ocrx_word' id='word_1_119' title='bbox 704 1970 780 2062; x_wconf 84' lang='lat' dir='ltr'>(nbi</span> <span class='ocrx_word' id='word_1_120' title='bbox 808 1971 914 2046; x_wconf 88' lang='lat' dir='ltr'>etiam</span> <span class='ocrx_word' id='word_1_121' title='bbox 941 1972 1103 2046; x_wconf 90' lang='lat' dir='ltr'>liberatio</span> <span class='ocrx_word' id='word_1_122' title='bbox 1131 1973 1236 2046; x_wconf 91' lang='lat' dir='ltr'>Pauli</span> <span class='ocrx_word' id='word_1_123' title='bbox 1262 1971 1482 2066; x_wconf 79' lang='lat' dir='ltr'>Iasspenslri‚</span> <span class='ocrx_word' id='word_1_124' title='bbox 1511 1971 1610 2046; x_wconf 90' lang='lat' dir='ltr'>Petri</span> 
     </span>
     <span class='ocr_line' id='line_1_13' title="bbox 67 2090 1609 2186; baseline -0.002 -19"><span class='ocrx_word' id='word_1_125' title='bbox 67 2094 216 2168; x_wconf 85' lang='lat' dir='ltr'>Schorcn</span> <span class='ocrx_word' id='word_1_126' title='bbox 244 2097 280 2165; x_wconf 89' lang='lat' dir='ltr'>et</span> <span class='ocrx_word' id='word_1_127' title='bbox 306 2090 489 2166; x_wconf 88' lang='lat' dir='ltr'>Laurentii</span> <span class='ocrx_word' id='word_1_128' title='bbox 516 2091 690 2180; x_wconf 86' lang='lat' dir='ltr'>Schrank,</span> <span class='ocrx_word' id='word_1_129' title='bbox 720 2112 806 2183; x_wconf 90' lang='lat' dir='ltr'>quos</span> <span class='ocrx_word' id='word_1_130' title='bbox 825 2092 862 2164; x_wconf 92' lang='lat' dir='ltr'>in</span> <span class='ocrx_word' id='word_1_131' title='bbox 880 2093 968 2164; x_wconf 90' lang='lat' dir='ltr'>dura</span> <span class='ocrx_word' id='word_1_132' title='bbox 994 2092 1142 2167; x_wconf 88' lang='lat' dir='ltr'>carceris</span> <span class='ocrx_word' id='word_1_133' title='bbox 1160 2093 1367 2186; x_wconf 82' lang='lat' dir='ltr'>captivitate</span> <span class='ocrx_word' id='word_1_134' title='bbox 1385 2092 1539 2167; x_wconf 86' lang='lat' dir='ltr'>vinculis</span> <span class='ocrx_word' id='word_1_135' title='bbox 1558 2093 1609 2165; x_wconf 89' lang='lat' dir='ltr'>al-</span> 
     </span>
     <span class='ocr_line' id='line_1_14' title="bbox 67 2194 1609 2306; baseline 0 -20"><span class='ocrx_word' id='word_1_136' title='bbox 67 2213 213 2306; x_wconf 89' lang='lat' dir='ltr'>ligatos,</span> <span class='ocrx_word' id='word_1_137' title='bbox 241 2233 351 2304; x_wconf 90' lang='lat' dir='ltr'>nsque</span> <span class='ocrx_word' id='word_1_138' title='bbox 370 2212 414 2284; x_wconf 93' lang='lat' dir='ltr'>ad</span> <span class='ocrx_word' id='word_1_139' title='bbox 432 2194 648 2285; x_wconf 85' lang='lat' dir='ltr'>obsidionem</span> <span class='ocrx_word' id='word_1_140' title='bbox 667 2210 881 2303; x_wconf 80' lang='lat' dir='ltr'>dhoynioeae</span> <span class='ocrx_word' id='word_1_141' title='bbox 899 2213 1137 2301; x_wconf 75' lang='lat' dir='ltr'>detinuerant,</span> <span class='ocrx_word' id='word_1_142' title='bbox 1167 2217 1288 2287; x_wconf 88' lang='lat' dir='ltr'>secuta</span> <span class='ocrx_word' id='word_1_143' title='bbox 1306 2215 1387 2303; x_wconf 91' lang='lat' dir='ltr'>est),</span> <span class='ocrx_word' id='word_1_144' title='bbox 1416 2213 1473 2287; x_wconf 91' lang='lat' dir='ltr'>die</span> <span class='ocrx_word' id='word_1_145' title='bbox 1489 2213 1519 2303; x_wconf 90' lang='lat'>⁷)</span> <span class='ocrx_word' id='word_1_146' title='bbox 1547 2213 1609 2286; x_wconf 81' lang='lat' dir='ltr'>So·</span> 
     </span>
     <span class='ocr_line' id='line_1_15' title="bbox 68 2330 1608 2428; baseline -0.001 -22"><span class='ocrx_word' id='word_1_147' title='bbox 68 2333 129 2422; x_wconf 92' lang='lat' dir='ltr'>lis,</span> <span class='ocrx_word' id='word_1_148' title='bbox 157 2331 327 2406; x_wconf 84' lang='lat' dir='ltr'>uicesima</span> <span class='ocrx_word' id='word_1_149' title='bbox 353 2336 477 2404; x_wconf 81' lang='lat' dir='ltr'>octava</span> <span class='ocrx_word' id='word_1_150' title='bbox 504 2331 718 2423; x_wconf 85' lang='lat' dir='ltr'>Septembris</span> <span class='ocrx_word' id='word_1_151' title='bbox 733 2330 777 2420; x_wconf 81' lang='grc'>8),</span> <span class='ocrx_word' id='word_1_152' title='bbox 806 2332 843 2404; x_wconf 94' lang='lat' dir='ltr'>in</span> <span class='ocrx_word' id='word_1_153' title='bbox 870 2355 993 2406; x_wconf 89' lang='lat' dir='ltr'>manns</span> <span class='ocrx_word' id='word_1_154' title='bbox 1021 2332 1280 2425; x_wconf 87' lang='lat' dir='ltr'>capitaneorum</span> <span class='ocrx_word' id='word_1_155' title='bbox 1307 2333 1482 2427; x_wconf 91' lang='lat' dir='ltr'>regiorum</span> <span class='ocrx_word' id='word_1_156' title='bbox 1509 2331 1608 2428; x_wconf 86' lang='lat' dir='ltr'>oppi-</span> 
     </span>
     <span class='ocr_line' id='line_1_16' title="bbox 68 2450 1611 2544; baseline -0.001 -20"><span class='ocrx_word' id='word_1_157' title='bbox 68 2453 166 2540; x_wconf 89' lang='lat' dir='ltr'>dum,</span> <span class='ocrx_word' id='word_1_158' title='bbox 196 2450 393 2539; x_wconf 87' lang='lat' dir='ltr'>machines,</span> <span class='ocrx_word' id='word_1_159' title='bbox 423 2451 627 2524; x_wconf 84' lang='lat' dir='ltr'>bombardae</span> <span class='ocrx_word' id='word_1_160' title='bbox 663 2455 698 2524; x_wconf 89' lang='lat' dir='ltr'>et</span> <span class='ocrx_word' id='word_1_161' title='bbox 733 2451 910 2542; x_wconf 91' lang='lat' dir='ltr'>quaelibet</span> <span class='ocrx_word' id='word_1_162' title='bbox 946 2453 1050 2544; x_wconf 90' lang='lat' dir='ltr'>cper&#39;a</span> <span class='ocrx_word' id='word_1_163' title='bbox 1085 2453 1236 2540; x_wconf 92' lang='lat' dir='ltr'>dedunt,</span> <span class='ocrx_word' id='word_1_164' title='bbox 1274 2458 1310 2526; x_wconf 92' lang='lat' dir='ltr'>et</span> <span class='ocrx_word' id='word_1_165' title='bbox 1344 2454 1381 2526; x_wconf 92' lang='lat' dir='ltr'>in</span> <span class='ocrx_word' id='word_1_166' title='bbox 1417 2450 1611 2526; x_wconf 92' lang='lat' dir='ltr'>continenti</span> 
     </span>
     <span class='ocr_line' id='line_1_17' title="bbox 69 2570 1611 2665; baseline 0 -21"><span class='ocrx_word' id='word_1_167' title='bbox 69 2571 223 2644; x_wconf 88' lang='lat' dir='ltr'>ascensis</span> <span class='ocrx_word' id='word_1_168' title='bbox 250 2571 366 2662; x_wconf 91' lang='lat' dir='ltr'>equis,</span> <span class='ocrx_word' id='word_1_169' title='bbox 395 2591 520 2664; x_wconf 89' lang='lat' dir='ltr'>magna</span> <span class='ocrx_word' id='word_1_170' title='bbox 547 2571 775 2644; x_wconf 90' lang='lat' dir='ltr'>multitudine</span> <span class='ocrx_word' id='word_1_171' title='bbox 802 2573 1024 2646; x_wconf 88' lang='lat' dir='ltr'>lacrimarum</span> <span class='ocrx_word' id='word_1_172' title='bbox 1052 2572 1193 2662; x_wconf 85' lang='lat' dir='ltr'>suffusi,</span> <span class='ocrx_word' id='word_1_173' title='bbox 1222 2573 1260 2644; x_wconf 93' lang='lat' dir='ltr'>in</span> <span class='ocrx_word' id='word_1_174' title='bbox 1278 2577 1385 2665; x_wconf 89' lang='lat' dir='ltr'>capnt</span> <span class='ocrx_word' id='word_1_175' title='bbox 1402 2570 1611 2645; x_wconf 83' lang='lat' dir='ltr'>Almanniae</span> 
     </span>
     <span class='ocr_line' id='line_1_18' title="bbox 69 2677 1609 2784; baseline 0 -20"><span class='ocrx_word' id='word_1_176' title='bbox 69 2691 287 2783; x_wconf 86' lang='lat' dir='ltr'>Principum,</span> <span class='ocrx_word' id='word_1_177' title='bbox 316 2690 377 2782; x_wconf 91' lang='lat' dir='ltr'>qui</span> <span class='ocrx_word' id='word_1_178' title='bbox 404 2690 456 2764; x_wconf 91' lang='lat' dir='ltr'>eis</span> <span class='ocrx_word' id='word_1_179' title='bbox 482 2689 654 2782; x_wconf 90' lang='lat' dir='ltr'>promissa</span> <span class='ocrx_word' id='word_1_180' title='bbox 680 2713 749 2764; x_wconf 93' lang='lat' dir='ltr'>non</span> <span class='ocrx_word' id='word_1_181' title='bbox 777 2693 932 2764; x_wconf 88' lang='lat' dir='ltr'>tulerant</span> <span class='ocrx_word' id='word_1_182' title='bbox 958 2693 1109 2780; x_wconf 89' lang='lat' dir='ltr'>auxilia,</span> <span class='ocrx_word' id='word_1_183' title='bbox 1137 2691 1321 2784; x_wconf 87' lang='lat' dir='ltr'>imprecati</span> <span class='ocrx_word' id='word_1_184' title='bbox 1339 2677 1504 2779; x_wconf 81' lang='lat' dir='ltr'>hostilia,</span> <span class='ocrx_word' id='word_1_185' title='bbox 1529 2689 1609 2764; x_wconf 85' lang='lat' dir='ltr'>offe·</span> 
     </span>
     <span class='ocr_line' id='line_1_19' title="bbox 69 2809 1611 2904; baseline -0.001 -20"><span class='ocrx_word' id='word_1_186' title='bbox 69 2815 183 2886; x_wconf 90' lang='lat' dir='ltr'>rentes</span> <span class='ocrx_word' id='word_1_187' title='bbox 211 2831 249 2884; x_wconf 90' lang='lat' dir='ltr'>se</span> <span class='ocrx_word' id='word_1_188' title='bbox 277 2809 382 2884; x_wconf 86' lang='lat' dir='ltr'>etiem</span> <span class='ocrx_word' id='word_1_189' title='bbox 409 2810 446 2883; x_wconf 90' lang='lat' dir='ltr'>in</span> <span class='ocrx_word' id='word_1_190' title='bbox 473 2831 592 2883; x_wconf 91' lang='lat' dir='ltr'>eorum</span> <span class='ocrx_word' id='word_1_191' title='bbox 624 2811 872 2884; x_wconf 84' lang='lat' dir='ltr'>exterminium</span> <span class='ocrx_word' id='word_1_192' title='bbox 906 2811 1106 2885; x_wconf 86' lang='lat' dir='ltr'>voluntaria</span> <span class='ocrx_word' id='word_1_193' title='bbox 1137 2811 1319 2904; x_wconf 83' lang='lat' dir='ltr'>suffragia,</span> <span class='ocrx_word' id='word_1_194' title='bbox 1353 2811 1385 2883; x_wconf 93' lang='lat' dir='ltr'>si</span> <span class='ocrx_word' id='word_1_195' title='bbox 1417 2811 1497 2903; x_wconf 90' lang='lat' dir='ltr'>quis</span> <span class='ocrx_word' id='word_1_196' title='bbox 1529 2809 1611 2883; x_wconf 92' lang='lat' dir='ltr'>illos</span> 
     </span>
     <span class='ocr_line' id='line_1_20' title="bbox 69 2929 1611 3025; baseline -0.003 -20"><span class='ocrx_word' id='word_1_197' title='bbox 69 2931 236 3024; x_wconf 87' lang='lat' dir='ltr'>impetere</span> <span class='ocrx_word' id='word_1_198' title='bbox 253 2929 456 3019; x_wconf 81' lang='lat' dir='ltr'>contendet,</span> <span class='ocrx_word' id='word_1_199' title='bbox 485 2931 636 3019; x_wconf 88' lang='lat' dir='ltr'>laturos,</span> <span class='ocrx_word' id='word_1_200' title='bbox 666 2931 792 3023; x_wconf 92' lang='lat' dir='ltr'>oppido</span> <span class='ocrx_word' id='word_1_201' title='bbox 812 2932 996 3006; x_wconf 90' lang='lat' dir='ltr'>excedunt.</span> <span class='ocrx_word' id='word_1_202' title='bbox 1025 2933 1072 3005; x_wconf 87' lang='lat' dir='ltr'>Rt</span> <span class='ocrx_word' id='word_1_203' title='bbox 1089 2933 1126 3006; x_wconf 91' lang='lat' dir='ltr'>in</span> <span class='ocrx_word' id='word_1_204' title='bbox 1145 2931 1310 3007; x_wconf 82' lang='lat' dir='ltr'>uerticem</span> <span class='ocrx_word' id='word_1_205' title='bbox 1328 2929 1611 3025; x_wconf 84' lang='lat' dir='ltr'>propinquiorem</span> 
     </span>
     <span class='ocr_line' id='line_1_21' title="bbox 69 3049 1612 3144; baseline -0.001 -19"><span class='ocrx_word' id='word_1_206' title='bbox 69 3050 259 3144; x_wconf 89' lang='lat' dir='ltr'>pergendo,</span> <span class='ocrx_word' id='word_1_207' title='bbox 287 3049 494 3142; x_wconf 89' lang='lat' dir='ltr'>aliquandiu</span> <span class='ocrx_word' id='word_1_208' title='bbox 520 3049 614 3124; x_wconf 81' lang='lat' dir='ltr'>uersi</span> <span class='ocrx_word' id='word_1_209' title='bbox 642 3053 754 3124; x_wconf 85' lang='lat' dir='ltr'>fronte</span> <span class='ocrx_word' id='word_1_210' title='bbox 772 3051 810 3124; x_wconf 93' lang='lat' dir='ltr'>in</span> <span class='ocrx_word' id='word_1_211' title='bbox 828 3052 1012 3144; x_wconf 88' lang='lat' dir='ltr'>oppidum,</span> <span class='ocrx_word' id='word_1_212' title='bbox 1042 3073 1126 3126; x_wconf 88' lang='lat' dir='ltr'>suae</span> <span class='ocrx_word' id='word_1_213' title='bbox 1152 3051 1425 3126; x_wconf 73' lang='lat' dir='ltr'>mutabilitatem</span> <span class='ocrx_word' id='word_1_214' title='bbox 1453 3051 1612 3123; x_wconf 88' lang='lat' dir='ltr'>fortunae</span> 
     </span>
     <span class='ocr_line' id='line_1_22' title="bbox 71 3169 1610 3264; baseline -0.001 -20"><span class='ocrx_word' id='word_1_215' title='bbox 71 3169 281 3264; x_wconf 86' lang='lat' dir='ltr'>speculando</span> <span class='ocrx_word' id='word_1_216' title='bbox 295 3169 339 3259; x_wconf 76' lang='lat'>¹¹),</span> <span class='ocrx_word' id='word_1_217' title='bbox 367 3169 487 3244; x_wconf 90' lang='lat' dir='ltr'>urbem</span> <span class='ocrx_word' id='word_1_218' title='bbox 515 3169 684 3261; x_wconf 87' lang='lat' dir='ltr'>execrati,</span> <span class='ocrx_word' id='word_1_219' title='bbox 713 3171 852 3246; x_wconf 88' lang='lat' dir='ltr'>tandem</span> <span class='ocrx_word' id='word_1_220' title='bbox 871 3175 965 3262; x_wconf 88' lang='lat' dir='ltr'>tuto,</span> <span class='ocrx_word' id='word_1_221' title='bbox 994 3171 1268 3246; x_wconf 88' lang='lat' dir='ltr'>conducentibus</span> <span class='ocrx_word' id='word_1_222' title='bbox 1287 3192 1345 3246; x_wconf 90' lang='lat' dir='ltr'>cos</span> <span class='ocrx_word' id='word_1_223' title='bbox 1364 3169 1539 3244; x_wconf 86' lang='lat' dir='ltr'>militibus</span> <span class='ocrx_word' id='word_1_224' title='bbox 1557 3189 1610 3243; x_wconf 91' lang='lat' dir='ltr'>re·</span> 
     </span>
     <span class='ocr_line' id='line_1_23' title="bbox 71 3289 1610 3385; baseline -0.001 -23"><span class='ocrx_word' id='word_1_225' title='bbox 71 3290 153 3384; x_wconf 85' lang='lat' dir='ltr'>giis,</span> <span class='ocrx_word' id='word_1_226' title='bbox 182 3289 221 3362; x_wconf 94' lang='lat' dir='ltr'>in</span> <span class='ocrx_word' id='word_1_227' title='bbox 254 3289 425 3382; x_wconf 88' lang='lat' dir='ltr'>Lemhcrg</span> <span class='ocrx_word' id='word_1_228' title='bbox 450 3289 674 3382; x_wconf 84' lang='lat' dir='ltr'>perveniunt:</span> <span class='ocrx_word' id='word_1_229' title='bbox 703 3291 745 3364; x_wconf 91' lang='lat' dir='ltr'>de</span> <span class='ocrx_word' id='word_1_230' title='bbox 773 3312 843 3383; x_wconf 90' lang='lat' dir='ltr'>qna</span> <span class='ocrx_word' id='word_1_231' title='bbox 870 3295 904 3365; x_wconf 90' lang='lat' dir='ltr'>et</span> <span class='ocrx_word' id='word_1_232' title='bbox 932 3291 1071 3367; x_wconf 87' lang='lat' dir='ltr'>Bithou</span> <span class='ocrx_word' id='word_1_233' title='bbox 1097 3296 1178 3385; x_wconf 93' lang='lat' dir='ltr'>post</span> <span class='ocrx_word' id='word_1_234' title='bbox 1196 3291 1272 3364; x_wconf 92' lang='lat' dir='ltr'>dies</span> <span class='ocrx_word' id='word_1_235' title='bbox 1291 3289 1488 3384; x_wconf 91' lang='lat' dir='ltr'>quindecim</span> <span class='ocrx_word' id='word_1_236' title='bbox 1515 3289 1610 3363; x_wconf 89' lang='lat' dir='ltr'>Hen-</span> 
     </span>
     <span class='ocr_line' id='line_1_24' title="bbox 70 3408 1612 3502; baseline -0.001 -19"><span class='ocrx_word' id='word_1_237' title='bbox 70 3409 139 3483; x_wconf 91' lang='lat' dir='ltr'>rioo</span> <span class='ocrx_word' id='word_1_238' title='bbox 167 3408 260 3481; x_wconf 89' lang='lat' dir='ltr'>Dnci</span> <span class='ocrx_word' id='word_1_239' title='bbox 288 3408 483 3500; x_wconf 84' lang='lat' dir='ltr'>Stolpensi,</span> <span class='ocrx_word' id='word_1_240' title='bbox 515 3409 666 3502; x_wconf 75' lang='lat' dir='ltr'>receptis</span> <span class='ocrx_word' id='word_1_241' title='bbox 693 3410 736 3484; x_wconf 91' lang='lat' dir='ltr'>ab</span> <span class='ocrx_word' id='word_1_242' title='bbox 764 3431 803 3484; x_wconf 91' lang='lat' dir='ltr'>eo</span> <span class='ocrx_word' id='word_1_243' title='bbox 831 3415 907 3484; x_wconf 87' lang='lat' dir='ltr'>octo</span> <span class='ocrx_word' id='word_1_244' title='bbox 935 3411 1095 3485; x_wconf 89' lang='lat' dir='ltr'>millibus</span> <span class='ocrx_word' id='word_1_245' title='bbox 1121 3411 1346 3500; x_wconf 90' lang='lat' dir='ltr'>florenorum,</span> <span class='ocrx_word' id='word_1_246' title='bbox 1380 3415 1416 3483; x_wconf 91' lang='lat' dir='ltr'>et</span> <span class='ocrx_word' id='word_1_247' title='bbox 1441 3408 1612 3482; x_wconf 79' lang='lat' dir='ltr'>relaxetis</span> 
     </span>
     <span class='ocr_line' id='line_1_25' title="bbox 73 3527 1613 3623; baseline -0.001 -21"><span class='ocrx_word' id='word_1_248' title='bbox 73 3529 180 3618; x_wconf 76' lang='lat'><strong>01¹⁰)</strong></span> <span class='ocrx_word' id='word_1_249' title='bbox 207 3531 310 3621; x_wconf 88' lang='lat' dir='ltr'>paeto</span> <span class='ocrx_word' id='word_1_250' title='bbox 338 3527 489 3620; x_wconf 83' lang='lat' dir='ltr'>captivis</span> <span class='ocrx_word' id='word_1_251' title='bbox 508 3549 626 3603; x_wconf 89' lang='lat' dir='ltr'>eornm</span> <span class='ocrx_word' id='word_1_252' title='bbox 654 3529 848 3618; x_wconf 91' lang='lat' dir='ltr'>nobilibus,</span> <span class='ocrx_word' id='word_1_253' title='bbox 877 3551 964 3623; x_wconf 91' lang='lat' dir='ltr'>quos</span> <span class='ocrx_word' id='word_1_254' title='bbox 983 3531 1020 3604; x_wconf 91' lang='lat' dir='ltr'>in</span> <span class='ocrx_word' id='word_1_255' title='bbox 1038 3531 1212 3623; x_wconf 87' lang='lat' dir='ltr'>frequenti</span> <span class='ocrx_word' id='word_1_256' title='bbox 1229 3551 1388 3620; x_wconf 88' lang='lat' dir='ltr'>numero,</span> <span class='ocrx_word' id='word_1_257' title='bbox 1417 3528 1613 3602; x_wconf 88' lang='lat' dir='ltr'>dimicando</span> 
     </span>
     <span class='ocr_line' id='line_1_26' title="bbox 74 3647 1612 3742; baseline -0.001 -20"><span class='ocrx_word' id='word_1_258' title='bbox 74 3653 225 3742; x_wconf 89' lang='lat' dir='ltr'>ceperat,</span> <span class='ocrx_word' id='word_1_259' title='bbox 254 3649 442 3738; x_wconf 88' lang='lat' dir='ltr'>excedunt,</span> <span class='ocrx_word' id='word_1_260' title='bbox 470 3649 509 3722; x_wconf 91' lang='lat' dir='ltr'>in</span> <span class='ocrx_word' id='word_1_261' title='bbox 535 3649 744 3742; x_wconf 91' lang='lat' dir='ltr'>propriaque</span> <span class='ocrx_word' id='word_1_262' title='bbox 762 3655 798 3724; x_wconf 90' lang='lat' dir='ltr'>et</span> <span class='ocrx_word' id='word_1_263' title='bbox 815 3649 852 3723; x_wconf 91' lang='lat' dir='ltr'>in</span> <span class='ocrx_word' id='word_1_264' title='bbox 871 3649 987 3724; x_wconf 81' lang='lat' dir='ltr'>uarias</span> <span class='ocrx_word' id='word_1_265' title='bbox 1006 3670 1084 3723; x_wconf 87' lang='lat' dir='ltr'>cres</span> <span class='ocrx_word' id='word_1_266' title='bbox 1102 3650 1318 3724; x_wconf 90' lang='lat' dir='ltr'>dilabuntur.</span> <span class='ocrx_word' id='word_1_267' title='bbox 1347 3649 1547 3723; x_wconf 86' lang='lat' dir='ltr'>Kanimirus</span> <span class='ocrx_word' id='word_1_268' title='bbox 1567 3647 1612 3738; x_wconf 89' lang='lat'>¹¹)</span> 
     </span>
     <span class='ocr_line' id='line_1_27' title="bbox 73 3766 1612 3862; baseline -0.001 -20"><span class='ocrx_word' id='word_1_269' title='bbox 73 3769 164 3859; x_wconf 87' lang='lat' dir='ltr'>Rex,</span> <span class='ocrx_word' id='word_1_270' title='bbox 197 3768 388 3842; x_wconf 88' lang='lat' dir='ltr'>deditionis</span> <span class='ocrx_word' id='word_1_271' title='bbox 406 3766 451 3860; x_wconf 80' lang='lat'><strong>¹²)</strong></span> <span class='ocrx_word' id='word_1_272' title='bbox 482 3768 640 3843; x_wconf 83' lang='lat' dir='ltr'>nouitate</span> <span class='ocrx_word' id='word_1_273' title='bbox 671 3774 828 3862; x_wconf 89' lang='lat' dir='ltr'>accepta,</span> <span class='ocrx_word' id='word_1_274' title='bbox 861 3770 898 3843; x_wconf 92' lang='lat' dir='ltr'>in</span> <span class='ocrx_word' id='word_1_275' title='bbox 929 3771 1077 3862; x_wconf 82' lang='lat' dir='ltr'>hymnos</span> <span class='ocrx_word' id='word_1_276' title='bbox 1104 3775 1140 3844; x_wconf 88' lang='lat' dir='ltr'>et</span> <span class='ocrx_word' id='word_1_277' title='bbox 1166 3769 1442 3862; x_wconf 74' lang='lat' dir='ltr'>supplicationes</span> <span class='ocrx_word' id='word_1_278' title='bbox 1473 3767 1612 3840; x_wconf 85' lang='lat' dir='ltr'>divinas</span> 
     </span>
     <span class='ocr_line' id='line_1_28' title="bbox 73 3887 1613 3983; baseline -0.001 -21"><span class='ocrx_word' id='word_1_279' title='bbox 73 3888 247 3981; x_wconf 91' lang='lat' dir='ltr'>prorupit,</span> <span class='ocrx_word' id='word_1_280' title='bbox 276 3893 312 3960; x_wconf 88' lang='lat' dir='ltr'>et</span> <span class='ocrx_word' id='word_1_281' title='bbox 338 3887 522 3981; x_wconf 91' lang='lat' dir='ltr'>oppidanis</span> <span class='ocrx_word' id='word_1_282' title='bbox 553 3888 745 3962; x_wconf 89' lang='lat' dir='ltr'>Iohannem</span> <span class='ocrx_word' id='word_1_283' title='bbox 777 3891 976 3963; x_wconf 86' lang='lat' dir='ltr'>Pnsohharn</span> <span class='ocrx_word' id='word_1_284' title='bbox 1008 3891 1201 3964; x_wconf 91' lang='lat' dir='ltr'>Bohemum</span> <span class='ocrx_word' id='word_1_285' title='bbox 1233 3889 1423 3983; x_wconf 81' lang='lat' dir='ltr'>(insignem</span> <span class='ocrx_word' id='word_1_286' title='bbox 1455 3888 1547 3962; x_wconf 92' lang='lat' dir='ltr'>enim</span> <span class='ocrx_word' id='word_1_287' title='bbox 1578 3892 1613 3962; x_wconf 92' lang='lat' dir='ltr'>ot</span> 
     </span>
     <span class='ocr_line' id='line_1_29' title="bbox 73 4007 1612 4102; baseline 0 -20"><span class='ocrx_word' id='word_1_288' title='bbox 73 4030 132 4101; x_wconf 93' lang='lat' dir='ltr'>pro</span> <span class='ocrx_word' id='word_1_289' title='bbox 159 4007 375 4100; x_wconf 79' lang='lat' dir='ltr'>Ohoynicnae</span> <span class='ocrx_word' id='word_1_290' title='bbox 402 4012 438 4081; x_wconf 92' lang='lat' dir='ltr'>et</span> <span class='ocrx_word' id='word_1_291' title='bbox 464 4028 526 4101; x_wconf 87' lang='lat' dir='ltr'>pro</span> <span class='ocrx_word' id='word_1_292' title='bbox 554 4009 722 4102; x_wconf 85' lang='lat' dir='ltr'>Stargard</span> <span class='ocrx_word' id='word_1_293' title='bbox 748 4009 1005 4102; x_wconf 86' lang='lat' dir='ltr'>conquisitione</span> <span class='ocrx_word' id='word_1_294' title='bbox 1031 4007 1214 4083; x_wconf 84' lang='lat' dir='ltr'>constabat</span> <span class='ocrx_word' id='word_1_295' title='bbox 1240 4009 1344 4083; x_wconf 91' lang='lat' dir='ltr'>illum</span> <span class='ocrx_word' id='word_1_296' title='bbox 1364 4029 1513 4082; x_wconf 89' lang='lat' dir='ltr'>narasse</span> <span class='ocrx_word' id='word_1_297' title='bbox 1532 4028 1612 4100; x_wconf 90' lang='lat' dir='ltr'>ope·</span> 
     </span>
     <span class='ocr_line' id='line_1_30' title="bbox 74 4126 1613 4221; baseline 0 -21"><span class='ocrx_word' id='word_1_298' title='bbox 74 4133 161 4218; x_wconf 88' lang='lat' dir='ltr'>rem)</span> <span class='ocrx_word' id='word_1_299' title='bbox 188 4149 252 4220; x_wconf 95' lang='lat' dir='ltr'>pro</span> <span class='ocrx_word' id='word_1_300' title='bbox 279 4126 460 4218; x_wconf 86' lang='lat' dir='ltr'>capitaneo</span> <span class='ocrx_word' id='word_1_301' title='bbox 487 4128 665 4219; x_wconf 86' lang='lat' dir='ltr'>praefecit.</span> <span class='ocrx_word' id='word_1_302' title='bbox 694 4128 881 4203; x_wconf 82' lang='lat' dir='ltr'>Exercitus</span> <span class='ocrx_word' id='word_1_303' title='bbox 901 4129 1012 4202; x_wconf 92' lang='lat' dir='ltr'>omnis</span> <span class='ocrx_word' id='word_1_304' title='bbox 1031 4133 1103 4202; x_wconf 93' lang='lat' dir='ltr'>tam</span> <span class='ocrx_word' id='word_1_305' title='bbox 1122 4149 1166 4202; x_wconf 93' lang='lat' dir='ltr'>ex</span> <span class='ocrx_word' id='word_1_306' title='bbox 1184 4129 1404 4204; x_wconf 74' lang='lat' dir='ltr'>eduensibus</span> <span class='ocrx_word' id='word_1_307' title='bbox 1423 4127 1480 4219; x_wconf 82' lang='lat'><strong>¹³),</strong></span> <span class='ocrx_word' id='word_1_308' title='bbox 1509 4149 1613 4221; x_wconf 89' lang='lat' dir='ltr'>quam</span> 
     </span>
     <span class='ocr_line' id='line_1_31' title="bbox 75 4245 1613 4343; baseline 0 -22"><span class='ocrx_word' id='word_1_309' title='bbox 75 4269 116 4322; x_wconf 88' lang='lat' dir='ltr'>cx</span> <span class='ocrx_word' id='word_1_310' title='bbox 142 4245 365 4320; x_wconf 91' lang='lat' dir='ltr'>mercenariis</span> <span class='ocrx_word' id='word_1_311' title='bbox 397 4245 589 4336; x_wconf 90' lang='lat' dir='ltr'>militibus,</span> <span class='ocrx_word' id='word_1_312' title='bbox 618 4268 639 4320; x_wconf 92' lang='lat' dir='ltr'>e</span> <span class='ocrx_word' id='word_1_313' title='bbox 665 4247 861 4340; x_wconf 77' lang='lat' dir='ltr'>(ihoynicee</span> <span class='ocrx_word' id='word_1_314' title='bbox 891 4249 1004 4322; x_wconf 84' lang='lat' dir='ltr'>uictor</span> <span class='ocrx_word' id='word_1_315' title='bbox 1030 4249 1073 4321; x_wconf 94' lang='lat' dir='ltr'>ad</span> <span class='ocrx_word' id='word_1_316' title='bbox 1100 4247 1230 4343; x_wconf 82' lang='lat' dir='ltr'>Regem</span> <span class='ocrx_word' id='word_1_317' title='bbox 1249 4249 1294 4339; x_wconf 88' lang='lat'><strong>¹⁴)</strong></span> <span class='ocrx_word' id='word_1_318' title='bbox 1325 4248 1363 4322; x_wconf 95' lang='lat' dir='ltr'>in</span> <span class='ocrx_word' id='word_1_319' title='bbox 1390 4249 1530 4322; x_wconf 83' lang='lat' dir='ltr'>Thorun</span> <span class='ocrx_word' id='word_1_320' title='bbox 1560 4269 1613 4321; x_wconf 92' lang='lat' dir='ltr'>re·</span> 
     </span>
     <span class='ocr_line' id='line_1_32' title="bbox 76 4365 1615 4462; baseline 0.001 -24"><span class='ocrx_word' id='word_1_321' title='bbox 76 4387 211 4456; x_wconf 82' lang='lat' dir='ltr'>uersus,</span> <span class='ocrx_word' id='word_1_322' title='bbox 240 4385 352 4457; x_wconf 87' lang='lat' dir='ltr'>usqne</span> <span class='ocrx_word' id='word_1_323' title='bbox 379 4385 447 4456; x_wconf 91' lang='lat' dir='ltr'>qno</span> <span class='ocrx_word' id='word_1_324' title='bbox 473 4365 570 4457; x_wconf 86' lang='lat' dir='ltr'>pacis</span> <span class='ocrx_word' id='word_1_325' title='bbox 593 4367 766 4441; x_wconf 90' lang='lat' dir='ltr'>durabant</span> <span class='ocrx_word' id='word_1_326' title='bbox 788 4371 960 4442; x_wconf 88' lang='lat' dir='ltr'>tractatus</span> <span class='ocrx_word' id='word_1_327' title='bbox 992 4389 1071 4442; x_wconf 88' lang='lat' dir='ltr'>eum</span> <span class='ocrx_word' id='word_1_328' title='bbox 1103 4369 1214 4462; x_wconf 83' lang='lat' dir='ltr'>Rege,</span> <span class='ocrx_word' id='word_1_329' title='bbox 1248 4368 1393 4458; x_wconf 89' lang='lat' dir='ltr'>mansit,</span> <span class='ocrx_word' id='word_1_330' title='bbox 1426 4368 1470 4441; x_wconf 91' lang='lat' dir='ltr'>ad</span> <span class='ocrx_word' id='word_1_331' title='bbox 1497 4389 1615 4442; x_wconf 81' lang='lat' dir='ltr'>ueram</span> 
     </span>
     <span class='ocr_line' id='line_1_33' title="bbox 70 4484 1210 4580; baseline -0.001 -19"><span class='ocrx_word' id='word_1_332' title='bbox 70 4487 276 4561; x_wconf 88' lang='lat' dir='ltr'>meritorum</span> <span class='ocrx_word' id='word_1_333' title='bbox 303 4484 580 4559; x_wconf 89' lang='lat' dir='ltr'>aestimationem</span> <span class='ocrx_word' id='word_1_334' title='bbox 608 4507 628 4558; x_wconf 87' lang='lat' dir='ltr'>a</span> <span class='ocrx_word' id='word_1_335' title='bbox 654 4485 833 4560; x_wconf 84' lang='lat' dir='ltr'>Kenimiro</span> <span class='ocrx_word' id='word_1_336' title='bbox 861 4488 956 4580; x_wconf 83' lang='lat' dir='ltr'>Rege</span> <span class='ocrx_word' id='word_1_337' title='bbox 982 4487 1210 4580; x_wconf 88' lang='lat' dir='ltr'>praemiatus.</span> 
     </span>
    </p>
   </div>
   <div class='ocr_carea' id='block_1_5' title="bbox 80 4806 1618 5307">
    <p class='ocr_par' dir='ltr' id='par_1_5' title="bbox 80 4806 1618 5307">
     <span class='ocr_line' id='line_1_34' title="bbox 182 4806 1616 4896; baseline 0 -22"><span class='ocrx_word' id='word_1_338' title='bbox 182 4811 206 4893; x_wconf 88' lang='lat'>¹)</span> <span class='ocrx_word' id='word_1_339' title='bbox 228 4813 418 4874; x_wconf 88' lang='lat' dir='ltr'>inflammatio</span> <span class='ocrx_word' id='word_1_340' title='bbox 441 4809 526 4875; x_wconf 80' lang='lat' dir='ltr'>deest</span> <span class='ocrx_word' id='word_1_341' title='bbox 546 4809 583 4874; x_wconf 81' lang='lat' dir='ltr'>ic</span> <span class='ocrx_word' id='word_1_342' title='bbox 607 4806 682 4875; x_wconf 78' lang='lat' dir='ltr'>Coo.</span> <span class='ocrx_word' id='word_1_343' title='bbox 708 4806 796 4874; x_wconf 81' lang='lat' dir='ltr'>Colo.</span> <span class='ocrx_word' id='word_1_344' title='bbox 821 4807 848 4892; x_wconf 82' lang='lat'><strong>¹)</strong></span> <span class='ocrx_word' id='word_1_345' title='bbox 871 4811 1009 4875; x_wconf 87' lang='lat' dir='ltr'>videlicet</span> <span class='ocrx_word' id='word_1_346' title='bbox 1022 4813 1108 4874; x_wconf 83' lang='lat' dir='ltr'>tamis</span> <span class='ocrx_word' id='word_1_347' title='bbox 1123 4807 1188 4874; x_wconf 80' lang='lat' dir='ltr'>Ed.</span> <span class='ocrx_word' id='word_1_348' title='bbox 1204 4808 1294 4896; x_wconf 77' lang='lat' dir='ltr'>Lipr.</span> <span class='ocrx_word' id='word_1_349' title='bbox 1312 4809 1337 4892; x_wconf 74' lang='lat'>⁸)</span> <span class='ocrx_word' id='word_1_350' title='bbox 1352 4817 1432 4874; x_wconf 87' lang='lat' dir='ltr'>esset</span> <span class='ocrx_word' id='word_1_351' title='bbox 1446 4808 1508 4874; x_wconf 77' lang='lat' dir='ltr'>Ee.</span> <span class='ocrx_word' id='word_1_352' title='bbox 1525 4807 1616 4895; x_wconf 77' lang='lat' dir='ltr'>La&#39;pa</span> 
     </span>
     <span class='ocr_line' id='line_1_35' title="bbox 81 4911 1618 5004; baseline 0 -26"><span class='ocrx_word' id='word_1_353' title='bbox 81 4915 106 4996; x_wconf 88' lang='lat'>¹)</span> <span class='ocrx_word' id='word_1_354' title='bbox 127 4936 192 4979; x_wconf 88' lang='lat' dir='ltr'>esse</span> <span class='ocrx_word' id='word_1_355' title='bbox 213 4914 277 4978; x_wconf 81' lang='lat' dir='ltr'>Ed.</span> <span class='ocrx_word' id='word_1_356' title='bbox 300 4914 390 4999; x_wconf 77' lang='lat' dir='ltr'>Dipo.</span> <span class='ocrx_word' id='word_1_357' title='bbox 416 4913 441 4996; x_wconf 81' lang='lat'><strong>¹)</strong></span> <span class='ocrx_word' id='word_1_358' title='bbox 465 4917 665 4993; x_wconf 83' lang='lat' dir='ltr'>Byssenowen</span> <span class='ocrx_word' id='word_1_359' title='bbox 688 4912 751 4978; x_wconf 85' lang='lat' dir='ltr'>Ed.</span> <span class='ocrx_word' id='word_1_360' title='bbox 775 4911 864 5000; x_wconf 82' lang='lat' dir='ltr'>Lipa.</span> <span class='ocrx_word' id='word_1_361' title='bbox 896 4912 924 4998; x_wconf 81' lang='lat'>⁶)</span> <span class='ocrx_word' id='word_1_362' title='bbox 947 4915 1031 4990; x_wconf 77' lang='lat' dir='ltr'>Quae</span> <span class='ocrx_word' id='word_1_363' title='bbox 1052 4917 1163 5004; x_wconf 86' lang='lat' dir='ltr'>deditio</span> <span class='ocrx_word' id='word_1_364' title='bbox 1185 4913 1249 4978; x_wconf 83' lang='lat' dir='ltr'>Ed.</span> <span class='ocrx_word' id='word_1_365' title='bbox 1272 4912 1363 4998; x_wconf 75' lang='lat' dir='ltr'>lopo.</span> <span class='ocrx_word' id='word_1_366' title='bbox 1393 4913 1418 4994; x_wconf 88' lang='lat'>⁷)</span> <span class='ocrx_word' id='word_1_367' title='bbox 1440 4915 1618 4978; x_wconf 79' lang='lat' dir='ltr'>Dicentem</span> 
     </span>
     <span class='ocr_line' id='line_1_36' title="bbox 80 5012 1617 5104; baseline -0.001 -23"><span class='ocrx_word' id='word_1_368' title='bbox 80 5015 140 5082; x_wconf 84' lang='lat' dir='ltr'>Ed.</span> <span class='ocrx_word' id='word_1_369' title='bbox 166 5017 254 5104; x_wconf 78' lang='lat' dir='ltr'>Lipa.</span> <span class='ocrx_word' id='word_1_370' title='bbox 281 5019 306 5096; x_wconf 83' lang='lat'>¹³)</span> <span class='ocrx_word' id='word_1_371' title='bbox 329 5020 439 5080; x_wconf 89' lang='lat' dir='ltr'>mensis</span> <span class='ocrx_word' id='word_1_372' title='bbox 461 5017 642 5097; x_wconf 80' lang='lat' dir='ltr'>Septembris</span> <span class='ocrx_word' id='word_1_373' title='bbox 664 5013 727 5078; x_wconf 78' lang='lat' dir='ltr'>Ed.</span> <span class='ocrx_word' id='word_1_374' title='bbox 752 5013 843 5101; x_wconf 66' lang='lat' dir='ltr'>lips.</span> <span class='ocrx_word' id='word_1_375' title='bbox 868 5015 894 5098; x_wconf 79' lang='lat'><strong>¹)</strong></span> <span class='ocrx_word' id='word_1_376' title='bbox 917 5019 1085 5096; x_wconf 82' lang='lat' dir='ltr'>spectaculo</span> <span class='ocrx_word' id='word_1_377' title='bbox 1108 5014 1171 5080; x_wconf 83' lang='lat' dir='ltr'>Ed.</span> <span class='ocrx_word' id='word_1_378' title='bbox 1194 5015 1288 5101; x_wconf 74' lang='lat' dir='ltr'>Dipo.</span> <span class='ocrx_word' id='word_1_379' title='bbox 1319 5015 1358 5094; x_wconf 88' lang='lat'>¹⁰)</span> <span class='ocrx_word' id='word_1_380' title='bbox 1382 5017 1419 5078; x_wconf 90' lang='lat' dir='ltr'>de</span> <span class='ocrx_word' id='word_1_381' title='bbox 1440 5012 1504 5079; x_wconf 77' lang='lat' dir='ltr'>Eo.</span> <span class='ocrx_word' id='word_1_382' title='bbox 1526 5013 1617 5100; x_wconf 68' lang='lat' dir='ltr'>Im&#39;pr.</span> 
     </span>
     <span class='ocr_line' id='line_1_37' title="bbox 85 5111 1616 5204; baseline -0.001 -21"><span class='ocrx_word' id='word_1_383' title='bbox 85 5118 119 5200; x_wconf 90' lang='lat'>¹¹)</span> <span class='ocrx_word' id='word_1_384' title='bbox 143 5121 302 5184; x_wconf 79' lang='lat' dir='ltr'>Gasimirus</span> <span class='ocrx_word' id='word_1_385' title='bbox 324 5127 422 5183; x_wconf 89' lang='lat' dir='ltr'>autom</span> <span class='ocrx_word' id='word_1_386' title='bbox 444 5119 506 5183; x_wconf 82' lang='lat' dir='ltr'>Ed.</span> <span class='ocrx_word' id='word_1_387' title='bbox 530 5117 620 5203; x_wconf 81' lang='lat' dir='ltr'>Le&#39;pa</span> <span class='ocrx_word' id='word_1_388' title='bbox 649 5117 688 5199; x_wconf 83' lang='lat'>¹¹)</span> <span class='ocrx_word' id='word_1_389' title='bbox 711 5119 871 5182; x_wconf 87' lang='lat' dir='ltr'>deditionis</span> <span class='ocrx_word' id='word_1_390' title='bbox 893 5121 1079 5199; x_wconf 80' lang='lat' dir='ltr'>Ohoyniceae</span> <span class='ocrx_word' id='word_1_391' title='bbox 1100 5117 1163 5184; x_wconf 83' lang='lat' dir='ltr'>Ed.</span> <span class='ocrx_word' id='word_1_392' title='bbox 1188 5117 1277 5204; x_wconf 76' lang='lat' dir='ltr'>Lipr.</span> <span class='ocrx_word' id='word_1_393' title='bbox 1305 5115 1344 5200; x_wconf 82' lang='lat'><strong>¹⁸)</strong></span> <span class='ocrx_word' id='word_1_394' title='bbox 1369 5137 1406 5181; x_wconf 86' lang='lat' dir='ltr'>ex</span> <span class='ocrx_word' id='word_1_395' title='bbox 1423 5117 1538 5182; x_wconf 76' lang='lat' dir='ltr'>huticis</span> <span class='ocrx_word' id='word_1_396' title='bbox 1552 5111 1616 5181; x_wconf 69' lang='lat' dir='ltr'>Ed</span> 
     </span>
     <span class='ocr_line' id='line_1_38' title="bbox 80 5218 827 5307; baseline 0.003 -22"><span class='ocrx_word' id='word_1_397' title='bbox 80 5219 167 5306; x_wconf 80' lang='lat' dir='ltr'>Le&#39;pe.</span> <span class='ocrx_word' id='word_1_398' title='bbox 194 5220 233 5304; x_wconf 85' lang='lat'><strong>¹⁴)</strong></span> <span class='ocrx_word' id='word_1_399' title='bbox 256 5224 296 5286; x_wconf 82' lang='lat' dir='ltr'>ed</span> <span class='ocrx_word' id='word_1_400' title='bbox 317 5224 491 5288; x_wconf 81' lang='lat' dir='ltr'>Gaoimirum</span> <span class='ocrx_word' id='word_1_401' title='bbox 513 5223 624 5301; x_wconf 87' lang='lat' dir='ltr'>Regem</span> <span class='ocrx_word' id='word_1_402' title='bbox 646 5218 710 5286; x_wconf 82' lang='lat' dir='ltr'>Ed.</span> <span class='ocrx_word' id='word_1_403' title='bbox 736 5219 827 5307; x_wconf 80' lang='lat' dir='ltr'>Lipr.</span> 
     </span>
    </p>
   </div>
   <div class='ocr_carea' id='block_1_6' title="bbox 0 0 2055 6276">
    <p class='ocr_par' dir='ltr' id='par_1_6' title="bbox 0 0 2055 6276">
     <span class='ocr_line' id='line_1_39' title="bbox 0 0 2055 6276; baseline 0 0"><span class='ocrx_word' id='word_1_404' title='bbox 0 0 2055 6276; x_wconf 95' lang='lat' dir='ltr'> </span> 
     </span>
    </p>
   </div>
  </div>
 </body>
</html>
