4052 6286
82 565 151 668 (Α.
168 563 217 642 D.
236 563 365 666 acci.)
517 639 520 648 ,
599 589 713 643 nmen
737 519 985 642 nnonncmrus
1012 570 1127 660 (xm).
1559 567 1635 645 leo

77 796 175 864 rnrn,
207 773 447 867 stipendiariis
479 772 620 847 Ordinis
652 774 695 847 ob
726 778 889 868 negatam
925 773 1137 847 solutionem
1167 773 1383 866 iurantibus,
1416 775 1461 848 ad
1492 775 1629 850 bollum

80 899 241 989 spectare
266 895 462 983 uideretur,
490 915 632 968 necesse
658 915 796 987 quoqne
822 895 968 968 haberet
994 893 1092 982 Rex,
1121 881 1224 966 iuxta
1251 889 1391 987 foedus,
1418 895 1512 970 tueri
1536 895 1636 970 Ordi-

82 1037 181 1105 nom,
211 1016 243 1088 si
270 1035 290 1088 a
317 1014 559 1108 stipendiariis
586 1015 832 1088 lacesseretur:
860 1035 988 1107 magna
1005 1013 1145 1087 medem
1164 1013 1368 1088 nuntiorum
1385 1016 1562 1109 regiorum
1579 1031 1636 1089 so·

79 1135 269 1210 licitadine
286 1140 323 1210 ot
338 1135 530 1226 industrie,
559 1134 778 1224 (idanenses,
807 1133 1039 1228 lllbingenses
1066 1139 1102 1208 et
1129 1133 1391 1225 Thornnensea,
1422 1136 1637 1210 addendum

81 1256 268 1330 duodecim
298 1255 414 1330 millia
444 1255 668 1344 florenorum,
701 1274 765 1328 sex
797 1254 938 1347 quidem
972 1273 1036 1347 pro
1072 1255 1163 1327 festo
1190 1253 1452 1330 Purifioationis
1484 1257 1634 1330 munao

82 1377 216 1451 Manae
235 1378 274 1468 1),
304 1375 375 1449 alia
400 1397 483 1450 vero
511 1395 574 1450 sex
600 1375 741 1450 residue
759 1374 797 1448 in
815 1374 951 1448 duabus
977 1379 1059 1466 post
1076 1374 1248 1448 Pasohem
1264 1373 1295 1466 1)
1322 1376 1565 1466 hebdomadis,
1598 1396 1637 1449 se

81 1497 170 1571 licet
196 1515 314 1591 aegre,
343 1496 572 1586 submittunt,
601 1517 642 1569 ac
669 1495 721 1569 sic
746 1499 782 1568 et
809 1493 933 1568 Ordini
965 1493 1106 1586 sponsio
1138 1493 1285 1586 impleta
1311 1500 1381 1586 est,
1415 1496 1637 1590 stipendiarii

82 1617 229 1692 Ordinis
256 1616 365 1690 soluti
392 1621 427 1690 et
452 1616 586 1690 bellum
614 1635 756 1708 serpens
783 1611 980 1689 extinctum
996 1611 1039 1704 3).

81 1972 272 2063 manem
294 1969 490 2061 vopevom
515 1969 688 2042 bucolico
709 1985 767 2059 por
788 1969 982 2041 [admirare
1003 1969 1123 2058 lagon
1145 1969 1353 2059 drumm,
1379 1969 1534 2042 ruffio·
1551 1970 1637 2043 Ιιιι·

82 2093 198 2182 μείω
219 2092 352 2182 lom,
374 2089 542 2180 larendep
561 2090 596 2162 ln
610 2089 827 2180 discipulum
850 2089 1021 2162 bebelina
1043 2088 1244 2163 erubuero
1266 2092 1453 2178 mntem,
1472 2091 1637 2182 pungar.

192 2337 318 2412 nribus
345 2337 389 2412 de
415 2335 665 2429 Woyewodatn
696 2333 909 2426 boldariae,
943 2334 1109 2411 videlicet
1136 2336 1335 2430 Stephano,
1368 2339 1473 2412 Petro
1505 2344 1541 2412 et
1567 2335 1634 2411 Be·

82 2461 216 2553 rendep
231 2459 275 2550 ⁴),
303 2457 405 2530 annis
433 2457 568 2550 aliquot
595 2456 902 2546 contendentibus,
930 2461 967 2530 et
994 2477 1032 2531 se
1059 2457 1102 2530 de
1127 2455 1290 2550 prosapie
1316 2457 1520 2550 Principum
1546 2457 1634 2530 llol-

83 2580 227 2669 daviac,
256 2583 292 2653 et
319 2577 498 2671 signanter
524 2577 735 2667 Alexandri,
764 2575 985 2651 descendisse
1003 2576 1275 2667 disserentibus,
1303 2577 1522 2670 Stephanus,
1550 2597 1635 2670 quo·

83 2701 184 2774 niam
209 2705 306 2789 astu,
334 2698 545 2787 factivitato,
574 2697 714 2791 ingenio
742 2701 778 2771 et
796 2697 957 2786 solertia,
985 2697 1142 2790 rigabat,
1171 2695 1291 2788 facile,
1319 2697 1556 2772 nummariis
1574 2717 1635 2772 ex·

83 2821 215 2909 elusis,
243 2819 336 2912 apud
363 2819 536 2892 Valaohoc
565 2817 719 2892 obtinuit
744 2817 999 2910 Principatnm.
1033 2817 1126 2910 Quos
1157 2817 1263 2892 etiam
1295 2836 1361 2891 sna
1387 2819 1576 2894 seueritate
1604 2825 1639 2893 et

83 2941 244 3030 institia,
263 2939 402 3013 nullum
422 2939 537 3012 scelus
556 2938 693 3032 petiens
713 2939 785 3011 fore
800 2937 832 3027 ὅ)
859 2938 1032 3026 inultum,
1060 2957 1187 3029 pronos
1208 2942 1243 3010 et
1261 2935 1463 3012 obedientes
1480 2939 1519 3012 in
1532 2955 1638 3014 cmne

85 3083 194 3134 annm
220 3059 406 3152 imperinm
434 3058 609 3150 effecerat,
641 3063 678 3132 et
704 3079 774 3131 non
805 3058 979 3132 militares
1010 3058 1111 3130 medo
1138 3061 1174 3131 et
1200 3058 1353 3149 nobiles,
1388 3061 1450 3134 sed
1471 3060 1511 3134 et
1538 3077 1635 3154 egre·

84 3187 164 3255 stes
191 3201 309 3254 omnes
327 3179 365 3252 in
383 3199 480 3252 arma
498 3183 652 3272 cogeret,
681 3179 808 3253 doeens
832 3178 1024 3272 quemlibet
1044 3177 1081 3251 in
1099 3177 1234 3270 patrias
1252 3179 1488 3255 defensionem
1508 3181 1636 3255 temeri.

56 3301 129 3374 ‘Si
159 3315 260 3393 quom
287 3304 459 3394 agrestem
487 3299 714 3393 comperisset
735 3319 806 3372 non
824 3299 1009 3406 habentem
1021 3299 1056 3389 θ)
1084 3297 1249 3393 sagittas,
1277 3315 1396 3374 eroum
1414 3298 1636 3394 etgledinm,

85 3425 154 3494 aut
178 3421 216 3494 in
244 3419 503 3512 expeditionem
521 3419 748 3494 calcariatum
766 3440 836 3493 nou
855 3419 1064 3493 accurrisse:
1092 3419 1224 3512 absque
1241 3421 1319 3494 ulla
1336 3415 1637 3496 commiseratione
1677 3403 1680 3411 ¹

85 3541 207 3634 eapite
234 3539 432 3614 damnabat.
461 3541 565 3614 Hune
591 3545 627 3613 et
653 3539 855 3613 Kaaimirus
884 3539 1052 3613 Poloniae
1079 3540 1156 3612 Rex
1184 3540 1385 3615 Praecidam
1404 3538 1569 3616 Valachis
1588 3543 1637 3616 lc·

85 3663 157 3751 cit,
184 3661 355 3754 neglectis
383 3660 464 3734 aliis
492 3660 644 3751 duobus,
673 3661 778 3734 Petro
797 3665 833 3734 et
850 3659 1042 3752 Berendoy,
1071 3659 1133 3753 qui
1159 3661 1203 3733 ad
1220 3661 1339 3751 iilum,
1367 3661 1463 3741 utin
1482 3661 1638 3755 superio·

84 3783 191 3856 ribus
216 3781 453 3871 narravimus,
480 3781 677 3873 pollicendo
704 3781 873 3874 plurima,
903 3781 934 3854 si
960 3781 1038 3854 Rex
1065 3780 1149 3853 illos
1184 3781 1222 3854 iu
1257 3781 1372 3855 sedem
1414 3779 1638 3856 Valaolricem

85 3901 311 3991 restitueret,
344 3902 582 3994 confugerant.
615 3901 768 3975 llethias
794 3901 914 3994 itaque
941 3901 1145 3994 Hungariae
1171 3901 1265 3992 Rex,
1299 3902 1361 3995 qui
1388 3901 1569 3995 Berendey
1595 3919 1638 3976 ex
1714 3908 1716 3912 ’

85 4022 240 4097 Pelcnie
265 4021 513 4095 discessionem
541 4021 725 4095 facientem
753 4025 971 4114 susceperat,
1000 4025 1035 4093 et
1061 4021 1251 4095 restituere
1276 4021 1379 4094 illum
1401 4021 1439 4094 in
1458 4021 1638 4114 Principa-

85 4149 170 4217 tnm
197 4141 385 4216 Vaiachiae
411 4142 659 4234 spoponderat,
688 4143 833 4216 moleste
861 4137 990 4230 ferens,
1019 4161 1040 4213 c
1065 4141 1245 4234 Stephano
1268 4141 1457 4215 inditione
1483 4142 1593 4236 Regis
1608 4137 1640 4231 7)

86 4262 260 4337 Poloniae
286 4262 516 4352 consistente,
545 4281 583 4336 se
609 4261 787 4336 desertum
814 4266 850 4335 et
867 4266 1105 4354 contemptum
1123 4261 1185 4350 iri,
1213 4267 1421 4355 compagem
1440 4262 1523 4336 lorti
1539 4279 1639 4336 exer·

87 4383 184 4472 citu,
221 4383 402 4474 Borendey
432 4381 565 4456 habens
593 4382 630 4455 in
657 4381 842 4471 comitatu,
875 4385 911 4455 et
936 4381 1169 4454 restituturus
1194 4381 1298 4456 illum
1324 4379 1363 4456 in
1391 4381 1507 4456 sedern
1533 4381 1639 4455 Vela·

88 4503 228 4578 chiram
260 4503 437 4595 Stephano
468 4503 690 4595 propulsato,
727 4502 853 4596 iusque
879 4499 1322 4594 Principatus-Vclachiae
1348 4503 1438 4597 Regi
1464 4507 1501 4576 et
1517 4501 1639 4596 Regno

87 4623 261 4697 Poioniee
287 4628 486 4717 erepturus,
516 4623 608 4697 cirea
630 4621 784 4698 medinm
802 4621 961 4696 Octobris
974 4621 1007 4714 8)
1035 4643 1113 4696 cnm
1131 4622 1273 4715 proprie
1291 4627 1327 4696 et
1344 4621 1555 4697 mercenario
1572 4619 1638 4695 mi⁶

87 4743 160 4817 lits
185 4743 384 4817 Pannoniae
417 4763 597 4838 egressus,
629 4743 780 4818 Iohanni
812 4743 940 4818 Gislrra
966 4742 1009 4816 de
1036 4741 1187 4816 Brendis
1220 4741 1390 4833 Bohemo,
1423 4741 1640 4816 ordinatione

89 4862 272 4938 exercitus
300 4870 339 4936 et
365 4884 450 4937 cura
480 4863 682 4953 commissa,
716 4863 921 4938 Valaehiam
952 4862 1163 4957 ingreditur,
1197 4867 1233 4936 et
1264 4862 1421 4956 alpibus,
1454 4861 1639 4956 siluisque,

204 5155 227 5236 ι)
251 5157 379 5218 sactae
396 5157 511 5218 linrlae
532 5153 665 5232 Virginis
694 5151 763 5218 Ed,
783 5149 873 5238 Dipo.
907 5151 1025 5232 ¹)pect
1045 5151 1152 5215 laam
1174 5152 1308 5215 Paschae
1330 5147 1393 5215 Ed.
1418 5149 1510 5236 [ἣν.
1540 5149 1567 5232 ⁸)
1590 5169 1641 5216 ex·

90 5261 220 5322 tinctum
242 5265 296 5320 est
313 5255 383 5322 did.
407 5257 500 5342 Lipa
531 5255 558 5337 ⁴)
579 5258 737 5320 ‘Emended
758 5253 822 5320 na
844 5251 936 5340 Lipr.
959 5251 996 5339 ¹⁶)
1019 5271 1086 5317 aare
1108 5251 1171 5318 Ed.
1194 5251 1286 5338 Lipa.
1311 5252 1340 5339 ⁸)
1363 5273 1422 5316 nen
1443 5254 1555 5317 babere
1576 5249 1641 5319 lect

91 5359 187 5444 Lipr.
212 5359 238 5441 τ)
261 5361 397 5423 Oasindrl
418 5359 511 5439 licam
531 5357 595 5426 Ed.
618 5358 709 5444 nepo.
732 5359 759 5438 ⁶)
781 5362 893 5423 mentia
913 5358 1052 5422 Octobris
1074 5353 1137 5420 Ed.
1160 5355 1252 5442 Lc'pc.
1282 5375 1284 5378 ·
