4126 6280
410 513 484 584 202
919 533 1032 584 urens
1058 523 1303 584 noonncnrus
1331 513 1446 602 (x111).
1680 507 1747 607 (Α.
1767 507 1813 580 D.
1833 503 1961 604 1455.)

409 719 484 790 illis
518 718 658 809 saepius
692 717 857 809 scriptas,
892 717 928 788 in
957 717 1196 790 testimonium
1225 717 1281 789 sui
1310 717 1469 804 sceleris,
1504 717 1540 788 in
1573 715 1733 788 manibus
1767 716 1804 788 in
1836 717 1961 802 altum,

409 860 477 930 quo
506 840 548 911 ab
579 839 739 910 omnibus
768 838 923 930 conspici
950 843 1110 929 possent,
1145 838 1285 926 erectis,
1315 837 1351 908 in
1380 839 1492 909 forum
1520 837 1696 928 producti,
1724 836 1877 927 primum
1907 857 1961 908 ca·

410 959 484 1051 pite
511 959 666 1031 truncati
699 963 797 1047 sunt,
832 959 956 1030 deinde
990 959 1157 1031 cadauera
1190 958 1352 1031 exanimo
1389 959 1426 1029 in
1454 962 1604 1048 quotuor
1631 963 1749 1048 partes
1786 957 1902 1028 diviso
1923 959 1960 1045 ¹),

409 1081 658 1172 portionesque
686 1080 730 1150 ad
756 1083 875 1171 portas
904 1079 1062 1152 ciuitatis
1092 1100 1298 1170 suspensae,
1327 1078 1470 1170 plurimi
1505 1099 1641 1170 qnoque
1669 1078 1732 1150 alii
1759 1079 1960 1150 Thorunen·

362 1197 364 1202 ’
412 1223 467 1273 ses
497 1201 661 1292 oppidani
690 1206 751 1271 aut
778 1201 895 1292 gladio
924 1200 1046 1288 occisi,
1076 1205 1138 1271 aut
1164 1200 1270 1272 undis
1299 1199 1475 1288 suffocati,
1506 1203 1541 1270 et
1568 1198 1695 1270 civitas
1712 1203 1863 1289 utroquo
1885 1219 1961 1270 sen·

410 1322 485 1393 tina
512 1322 729 1413 proditorum
757 1327 917 1412 purgata.
947 1321 1032 1392 Gom
1061 1321 1180 1411 itaque
1208 1320 1244 1391 in
1272 1321 1370 1392 nullo
1390 1324 1616 1411 prosperatus
1636 1319 1804 1412 Magister
1822 1339 1861 1390 ee
1879 1318 1961 1390 illu-

411 1464 487 1512 sum
518 1441 825 1512 animadvertisset
854 1441 1028 1532 (Andreae
1058 1441 1148 1512 enirn
1177 1441 1219 1512 de
1247 1440 1423 1512 Thancnin
1452 1439 1656 1531 capitaneus
1689 1439 1889 1512 Curlmcneis
1917 1439 1963 1510 ci-

410 1583 470 1633 ros
500 1562 620 1634 Norae
648 1563 805 1648 Thorun,
835 1563 896 1652 qui
925 1562 993 1633 sibi
1022 1561 1103 1634 lidei
1127 1561 1310 1653 ambiguae
1329 1561 1554 1648 ridebantur,
1583 1560 1620 1631 in
1640 1559 1802 1632 Veterem
1821 1560 1964 1630 Thorun

411 1684 662 1771 transferrem,
700 1683 836 1754 Moram
873 1684 1014 1753 Thorun
1051 1683 1125 1754 suis
1157 1682 1337 1774 gentibue,
1371 1703 1414 1754 ne
1442 1681 1526 1772 quid
1554 1681 1688 1752 fraudis
1722 1679 1840 1752 moliri
1870 1680 1964 1752 ciros

411 1803 565 1894 possint,
595 1804 703 1889 locat,
733 1811 767 1874 et
796 1824 895 1874 omne
923 1803 1135 1893 periculum,
1166 1803 1195 1874 ei
1224 1803 1315 1893 quod
1343 1803 1531 1875 condatum
1559 1807 1649 1888 orat,
1679 1801 1744 1872 tali
1763 1801 1966 1892 provisione

412 1929 446 1994 et
466 1945 529 1994 sua
547 1923 733 2014 prudentia
761 1925 917 2011 euertit),
947 1923 1173 2015 regrediendo
1193 1946 1213 1994 a
1231 1925 1372 1994 Thorun
1392 1923 1428 1994 in
1449 1923 1686 2013 Morienburg‚
1716 1923 1837 2013 plures
1857 1922 1966 1993 uillas

413 2045 492 2135 igne
520 2044 685 2115 vastarit.
715 2045 882 2116 Poterant
910 2042 1040 2132 tunc²)
1067 2043 1183 2135 regiae
1211 2049 1349 2135 gentes,
1379 2045 1490 2114 multo
1519 2064 1557 2115 eo
1586 2043 1801 2134 superiores,
1841 2043 1886 2114 ad
1915 2043 1966 2114 iu-

414 2170 506 2234 stum
537 2164 742 2236 descendere
770 2186 847 2236 cum
876 2163 1043 2255 Magistro
1063 2169 1255 2251 certamem
1285 2165 1342 2235 sed
1366 2185 1433 2234 non
1453 2165 1633 2254 persoluta
1651 2163 1827 2254 stipendia
1848 2185 1967 2254 quem·

413 2284 502 2356 libet
529 2285 622 2356 intra
650 2285 801 2376 parietes
830 2285 1066 2356 continebant.

414 2641 481 2712 liuo
504 2641 622 2730 oppido
644 2640 805 2730 dinsberg
827 2641 990 2712 deduntur
1013 2641 1195 2726 (trucilcris,
1219 2641 1353 2711 tertium
1375 2641 1410 2711 in
1432 2641 1496 2711 tide
1518 2640 1616 2728 Regis
1638 2639 1790 2710 Keriniri
1806 2641 1967 2728 persistit

566 2762 727 2833 lohannes
750 2762 853 2834 Koldo
876 2761 1026 2851 oppidum
1049 2761 1226 2850 beraldus
1249 2764 1489 2850 strategemata
1512 2764 1642 2850 captum
1663 2761 1821 2833 incendit.

519 3011 696 3082 Immunes
725 3015 824 3082 erant
843 3011 1024 3084 inferiores
1044 3015 1162 3102 partos
1187 3010 1352 3082 Prussiae
1372 3031 1392 3082 a
1409 3010 1496 3081 belli
1518 3009 1683 3094 stridore,
1713 3009 1763 3081 ibi
1783 3030 1925 3100 quoque
1940 3008 1969 3098 3)

416 3131 502 3204 belli
531 3131 638 3202 vicini
666 3131 827 3223 contagio
855 3133 1025 3222 pervenit.
1062 3132 1138 3202 Duo
1172 3133 1264 3202 enim
1293 3131 1420 3222 oppida
1447 3130 1641 3221 Kinsberg,
1670 3131 1713 3200 ad
1741 3130 1969 3202 rebellionem

417 3252 600 3337 inclinato,
630 3253 798 3343 Magistro
827 3259 861 3324 ct
890 3253 963 3323 suis
992 3257 1110 3342 portas
1139 3253 1301 3342 aperiunt
1329 3257 1364 3324 et
1388 3273 1424 3324 se
1445 3252 1481 3322 in
1500 3255 1708 3342 potestatem
1729 3251 1804 3322 eius
1823 3251 1970 3336 dedunt,

418 3373 578 3460 tertium,
608 3372 698 3462 qnod
727 3371 924 3463 Knipou4)
953 3374 1166 3464 appellatur,
1196 3374 1232 3443 in
1262 3373 1328 3445 lide
1357 3373 1452 3464 regia
1479 3392 1702 3462 permanens,
1730 3371 1899 3462 gentibus
1929 3392 1971 3443 er

418 3494 561 3567 Gdanek
590 3492 708 3563 missis
738 3493 896 3565 aditurum
914 3493 956 3582 ⁵).
986 3494 1137 3584 Reliqua
1157 3493 1224 3564 duo
1243 3493 1389 3565 rebellia
1407 3493 1606 3565 bombardis
1626 3497 1660 3564 et
1680 3492 1865 3564 tormentis
1884 3492 1972 3563 adeo

419 3613 596 3684 concussit
625 3619 659 3684 et
686 3613 829 3700 terruit,
868 3619 908 3684 ut
935 3615 1054 3704 plures
1092 3615 1214 3684 domus
1250 3614 1485 3685 ruinarentur.
1524 3614 1619 3684 Haec
1652 3611 1787 3684 aversio
1821 3613 1972 3683 duorum

421 3735 626 3825 oppidorum
661 3735 774 3806 atide
801 3733 914 3826 regia,
950 3733 1198 3824 stipendiarios
1233 3733 1503 3822 Crucilerorum,
1539 3733 1598 3824 qui
1632 3732 1818 3805 fallacibus
1853 3733 1973 3806 vorbis

422 3855 583 3946 Magistri
612 3854 765 3925 inillam
787 3854 875 3926 diem
898 3855 1076 3945 suspensi,
1106 3855 1345 3928 executionem
1375 3856 1415 3926 de
1443 3854 1653 3944 occupandis
1673 3855 1843 3943 castrisl)
1872 3854 1972 3926 difie-

420 3976 559 4063 rebant,
581 3973 717 4046 meliori
738 3995 798 4065 spe
817 3975 955 4062 refecit,
977 3979 1183 4067 suggerente
1202 3976 1387 4066 Magistro,
1418 3975 1509 4066 quod
1537 3995 1655 4046 omnes
1675 3975 1839 4046 ciuitates
1855 3995 1972 4048 enem-

420 4097 519 4188 plum
539 4096 680 4166 illorum
700 4095 845 4165 duorum
866 4095 1070 4186 oppidorum
1091 4101 1208 4166 essent
1224 4100 1416 4169 secuturae.
1437 4095 1584 4167 Interim
1600 4100 1634 4166 et
1648 4095 1822 4167 Iohannes
1842 4097 1973 4184 Kolda‚

423 4216 587 4307 oppidum
616 4215 814 4306 analdow,
845 4216 1010 4287 simulato
1029 4217 1167 4287 nomino
1191 4217 1487 4289 commendatoris
1507 4215 1749 4308 Mlbingensie‚
1777 4215 1976 4307 ingressus

423 4337 554 4408 rnrrltos
583 4336 830 4427 stipendiarios
865 4337 1116 4409 cruciferorum
1151 4343 1185 4408 ot
1213 4339 1380 4428 populum
1414 4337 1533 4430 oppidi
1564 4335 1757 4424 interiecit,
1792 4340 1827 4408 et
1860 4339 1976 4429 captis

423 4457 620 4547 potioribus
647 4479 791 4529 numero
821 4457 1061 4549 septuaginta,
1092 4458 1182 4528 illud
1210 4459 1376 4530 incendit.
1410 4459 1509 4530 Infra
1536 4457 1610 4530 dies
1639 4457 1855 4548 quindecim,
1888 4480 1975 4550 qua-

424 4585 503 4650 tuor
530 4577 666 4648 ricibus
699 4578 905 4668 particulari
939 4599 1128 4670 congressu
1160 4578 1380 4666 dimicatum,
1417 4583 1452 4650 et
1480 4579 1585 4651 toties
1618 4579 1660 4650 de
1692 4577 1882 4652 Crueileris
1915 4601 1977 4670 per

423 4702 545 4788 gentes
573 4699 687 4790 regias
718 4699 971 4789 triumphatum
1005 4705 1073 4786 est,
1105 4703 1139 4771 et
1167 4699 1272 4771 multi
1300 4721 1343 4772 ex
1372 4698 1499 4772 Ordine
1532 4704 1567 4771 et
1589 4698 1831 4790 stipendiariis
1864 4700 1973 4772 inter·

424 4819 523 4908 fecti,
549 4819 690 4891 ducenti
719 4820 812 4910 eapti
841 4826 941 4908 snut,
965 4825 1006 4893 et
1034 4821 1147 4911 spolia
1175 4819 1349 4893 militibus
1377 4821 1578 4893 distributa.

425 4999 750 5007 -———--—.——-...—..-..
757 5000 837 5008 --—--

535 5091 555 5170 ¹)
581 5099 716 5153 truncate
741 5089 816 5154 Coo.
841 5091 949 5155 Przez.
975 5090 1002 5176 ⁹)
1027 5114 1061 5154 eo
1084 5099 1214 5171 tempore
1239 5089 1314 5156 Cod.
1337 5091 1446 5157 Przez.
1465 5093 1490 5172 ³)
1507 5095 1559 5155 sed
1575 5101 1604 5156 et
1620 5096 1659 5156 ibi
1679 5091 1754 5157 Coei.
1773 5093 1841 5158 Lis.
1859 5093 1883 5170 ⁴)
1901 5093 1971 5154 Kni—

426 5199 489 5276 polt
511 5195 573 5257 Ed.
598 5194 687 5279 Lips.
712 5197 897 5275 (Kneiphol),
925 5196 949 5274 ⁵)
974 5199 1105 5258 adiutum
1129 5204 1183 5258 est.
1210 5196 1271 5256 Eri.
1289 5195 1380 5279 Lips.
1407 5197 1432 5277 ⁰)
1456 5201 1560 5259 castris
1582 5201 1718 5275 Magistri
1742 5197 1805 5260 Ed.
1836 5197 1926 5281 Lips.
