4046 6278
63 532 139 632 (Α.
161 534 206 608 D.
226 533 353 630 1464.)
587 557 699 611 amna
725 557 969 611 nnooaonrns
998 542 1110 630 (x111).

351 853 405 924 lio
426 853 511 944 rapa
533 854 675 928 arumde
697 857 837 941 nonno,
860 854 977 928 laulnx
999 856 1160 930 socundus
1182 857 1339 930 rnooedlt.

176 1098 262 1171 Pius
289 1099 386 1192 Papa
416 1100 606 1189 secundus,
640 1102 722 1173 dum
749 1101 787 1172 in
813 1103 972 1191 Ancona,
1007 1123 1111 1194 qnam
1138 1104 1180 1175 de
1208 1123 1326 1176 mense
1358 1102 1446 1176 Iulii
1466 1103 1504 1192 ¹),
1532 1125 1611 1195 pro·

63 1222 257 1292 secuturus
294 1219 552 1310 expeditionem
579 1226 615 1294 et
641 1220 843 1313 passagium
878 1227 998 1294 eontra
1033 1223 1200 1311 lurcum,
1237 1223 1445 1312 intrauerat,
1483 1229 1614 1316 ageret,

64 1343 199 1429 quarta
233 1337 367 1412 decima
401 1340 531 1412 mensis
568 1340 722 1432 Augusti
759 1339 921 1429 moritur,
961 1346 997 1413 et
1027 1342 1161 1414 relatus
1198 1341 1360 1431 Romam,
1399 1341 1436 1414 in
1469 1341 1616 1416 ecclesia

62 1457 193 1531 Sancti
224 1458 321 1532 Petri
354 1459 537 1551 sepelitur:
572 1460 654 1532 dum
677 1480 786 1532 annos
815 1480 877 1533 sex
905 1460 942 1532 in
971 1460 1112 1533 Summo
1141 1461 1327 1534 Pontificio
1356 1461 1543 1554 exegisset.
1572 1462 1616 1534 In

64 1577 332 1666 camelorum,
361 1578 561 1652 Gordinales
589 1579 752 1652 conclaue
779 1579 871 1670 apud
900 1579 1067 1652 Sanctum
1095 1580 1239 1653 Petrum
1266 1581 1433 1674 ingressi,
1467 1582 1611 1654 Petrum

65 1697 171 1770 tituli
191 1696 310 1772 Sancti
329 1699 437 1772 Marci
455 1698 701 1790 Presbyterum
724 1698 958 1788 cardinalem,
987 1719 1116 1793 genere
1143 1699 1330 1790 Venatum,
1359 1699 1510 1793 Eugenii
1529 1699 1612 1772 olim

66 1817 189 1907 quarti
221 1837 409 1892 exserere
439 1823 616 1910 nepotem,
649 1818 863 1891 unanimiter
894 1818 932 1890 in
958 1819 1088 1910 Papam
1120 1819 1272 1912 eligunt,
1306 1819 1368 1912 qui
1400 1820 1533 1892 Paulus
1562 1840 1613 1892 se·

65 1936 205 2010 cundns
232 1938 432 2029 appellatus
459 1943 529 2028 est,
558 1938 596 2010 in
614 1938 670 2011 die
689 1937 927 2011 Exaltationis
946 1937 1094 2012 Sanctae
1112 1939 1248 2028 Crucis,
1269 1939 1306 2010 in
1325 1939 1473 2013 eeclesia
1492 1938 1613 2012 Sancti

65 2055 170 2128 Petri
197 2061 431 2131 consecratus.

60 2408 179 2500 oppid
195 2410 291 2482 love
306 2409 516 2482 conburatur
530 2426 587 2500 per
601 2409 737 2502 l‘olonoe
751 2410 890 2496 obadia
907 2410 1023 2482 lucili
1039 2427 1116 2482 uero
1129 2413 1164 2483 ot
1176 2410 1304 2484 ladlou
1316 2413 1426 2484 cerm
1440 2410 1612 2483 deduntur.

53 2703 56 2707 -
173 2655 341 2748 Serpente
372 2655 494 2729 dietim
525 2655 563 2729 in
595 2655 760 2748 oppidum
792 2656 983 2748 Brneeoape
1014 2655 1216 2746 infectione,
1253 2656 1455 2730 Kaaimirns
1488 2658 1566 2730 Rex
1581 2655 1612 2747 ²)

60 2776 149 2848 inde
177 2776 373 2864 discedens,
408 2776 445 2848 in
475 2776 680 2850 Klodauam
712 2775 825 2849 uenit:
858 2776 919 2848 ubi
935 2774 966 2864 ³)
994 2798 1073 2849 cnm
1100 2776 1236 2869 Regina
1264 2777 1446 2850 Elisabeth
1474 2776 1610 2868 aliquot

59 2896 293 2968 hebdomadis
325 2896 546 2984 immoratus,
579 2917 642 2988 per
668 2895 867 2970 Lanciciam
895 2895 932 2967 in
959 2896 1154 2987 Pyotrkow,
1188 2896 1226 2969 in
1253 2896 1309 2968 die
1337 2895 1484 2970 Sanctae
1516 2896 1610 2968 Hed-

59 3015 159 3108 uigis
186 3014 343 3088 advenit:
371 3015 433 3088 nbi
460 3020 494 3089 et
521 3015 672 3090 diaetam
698 3016 895 3107 generalem
923 3015 1047 3088 diebus
1066 3015 1264 3107 quindecim
1288 3015 1418 3104 tenuit,
1448 3015 1512 3088 sub
1532 3016 1608 3107 qui·

57 3136 131 3208 bus
158 3135 351 3227 negotium,
379 3135 552 3208 Ducatom
579 3135 755 3208 Maeoniae
782 3135 1001 3228 contingens,
1031 3139 1103 3208 tam
1131 3155 1209 3208 cnm
1236 3135 1389 3208 ilonrado
1413 3134 1604 3209 Warsoho·

53 3255 196 3343 -viensi,
233 3275 337 3346 quam
365 3254 518 3328 Conrado
555 3253 792 3328 Olesnnieensi
818 3254 975 3328 Ducibus
989 3255 1034 3344 ⁴),
1071 3254 1133 3346 qui
1159 3255 1259 3328 ambo
1286 3255 1519 3346 personaliter
1548 3256 1607 3330 ad·

53 3379 250 3464 renerent,
279 3374 490 3448 ventilatum
519 3379 583 3449 est.
611 3375 698 3448 Post
724 3374 895 3466 plurimos
923 3379 1040 3448 antem
1067 3378 1240 3448 tractatus
1269 3375 1306 3448 in
1334 3395 1374 3448 ea
1401 3376 1479 3468 ipsa
1497 3396 1534 3448 re
1552 3375 1606 3448 in-

61 3495 271 3586 terpositos,
300 3495 382 3568 dum
411 3515 516 3568 causa
542 3494 778 3568 transactione
805 3494 999 3584 amicabili,
1029 3515 1116 3586 quae
1144 3494 1362 3586 frequentius
1389 3499 1525 3568 tentata
1543 3501 1608 3584 est,

62 3614 300 3688 consummari
331 3614 507 3706 nequiret,
544 3614 734 3688 transactio
767 3635 848 3688 uero
876 3614 1053 3688 iudicialis
1080 3613 1243 3706 plurimis
1277 3615 1363 3688 dura
1395 3620 1431 3688 et
1462 3615 1610 3688 molesta

62 3735 259 3823 uideretur,
292 3735 425 3808 bellum
457 3734 562 3808 etiam
594 3734 837 3822 domesticum,
872 3735 963 3826 qnod
990 3734 1130 3825 proprio
1157 3734 1330 3826 Principi,
1365 3733 1396 3806 si
1424 3754 1486 3824 pro
1514 3734 1609 3827 Rege

64 3859 103 3930 et
130 3855 251 3946 Regno
277 3855 542 3946 pronuntiatum
571 3855 675 3942 foret,
703 3855 740 3926 in
768 3851 1060 3946 expugnationem
1084 3853 1191 3927 castri
1209 3859 1245 3926 et
1263 3852 1420 3926 civitatis
1443 3831 1606 3926 Plocnen·

64 3974 118 4047 sis
145 3973 352 4047 mouendum
380 3974 484 4062 foret,
518 3995 635 4048 secum
667 3974 825 4063 trahens,
862 3994 940 4047 cum
972 3973 1126 4046 conrado
1154 3973 1294 4065 quidem
1321 3973 1607 4047 Warsohoriensi

62 4095 102 4166 in
130 4093 280 4166 diaetam
306 4114 418 4185 usque
445 4093 551 4166 aliam
576 4095 787 4187 generalem,
817 4113 896 4165 cnm
923 4093 1077 4166 Conrado
1105 4112 1185 4166 uero
1214 4091 1451 4167 Olesnnicensi
1482 4092 1526 4165 ad
1557 4093 1605 4163 f-

64 4219 162 4286 etum
188 4214 430 4300 Pentecostes,
460 4213 629 4286 dilatione
658 4233 829 4304 suspensa
857 4216 926 4284 est:
956 4213 1131 4304 adquam
1159 4212 1264 4284 etiam
1291 4211 1402 4303 pestis
1429 4211 1467 4284 in
1493 4212 1604 4304 pluri·

64 4334 133 4406 bns
151 4332 237 4406 locis
256 4331 399 4405 Maioris
425 4331 609 4420 Poloniae,
638 4331 804 4406 uidelicet
821 4331 1012 4420 Poenania,
1041 4331 1225 4404 Wschoue
1239 4330 1270 4420 5)
1297 4336 1333 4404 et
1359 4331 1440 4404 aliis
1459 4329 1604 4404 circnm-

64 4452 260 4526 iacentibus
293 4451 455 4526 ferociter
485 4453 661 4542 saeuiens,
693 4453 731 4525 in
756 4451 1027 4544 Pyotrlrouiensi
1059 4472 1140 4525 vero
1173 4451 1315 4543 oppido,
1349 4450 1419 4523 ianr
1450 4455 1535 4523 tunc
1562 4471 1606 4524 ex

65 4572 218 4646 aduentu
249 4576 322 4644 tam
353 4572 600 4645 nonnullorum
632 4571 926 4660 consiliariorum,
959 4593 1003 4645 ex
1030 4570 1118 4644 locis
1145 4571 1287 4645 infectis
1311 4569 1604 4660 conuenientium,

65 4712 170 4784 quam
196 4691 424 4780 curiensium,
458 4712 503 4764 ex
530 4691 709 4766 obsidione
737 4691 856 4783 oppidi
882 4691 917 4763 N
920 4712 1007 4780 oue,
1036 4691 1098 4766 ubi
1123 4691 1235 4784 pestis
1263 4690 1396 4780 valida,
1425 4709 1514 4782 quae
1535 4694 1604 4763 ter-

63 4833 124 4884 ras
149 4811 388 4900 Pomeraniae‚
417 4811 635 4885 dulmensem
655 4815 690 4884 et
706 4810 873 4885 Prussiae
891 4813 1084 4904 premebat,
1113 4813 1196 4886 illos
1223 4814 1429 4900 vexaverat,
1456 4810 1603 4885 redeun-

65 4932 173 5020 tium,
201 4930 460 5023 aliqnantnlum
486 4931 656 5024 gliscens,
685 4932 880 5022 faciendam
907 4931 1122 5025 impellebat.
1152 4932 1220 5005 Sed
1247 4951 1311 5004 neo
1334 4931 1533 5004 consultum
1551 4928 1603 5002 ri-

66 5051 227 5139 debatur,
254 5050 407 5142 plurima
432 5051 527 5124 bella
554 5073 748 5138 assumere,
776 5051 989 5126 Prothenioo
1016 5053 1110 5126 bello
1136 5051 1290 5125 nondum
1309 5050 1482 5144 quietato,
1512 5049 1604 5142 quod

172 5322 194 5403 ¹)
216 5325 291 5386 Iulio
313 5321 376 5386 Ed.
400 5321 493 5407 lo'pra
518 5321 543 5403 π)
566 5324 708 5386 Poloniae
728 5323 793 5385 Rex
814 5319 877 5386 Ed.
900 5320 991 5407 Lipe.
1016 5322 1042 5403 ³)
1065 5325 1116 5386 ubi
1138 5321 1223 5388 decet
1236 5323 1273 5387 ira
1294 5320 1369 5387 dod.
1397 5319 1485 5386 Ouio.
1502 5318 1528 5397 ⁴)
1544 5322 1604 5382 Du-

66 5428 148 5490 cibus
170 5423 254 5489 daert
274 5425 311 5490 ia
335 5421 411 5490 Cod.
436 5421 524 5500 Calo.
558 5421 585 5508 ὓ)
609 5425 733 5488 Schema
763 5421 838 5488 Cori.
869 5422 978 5490 Praea.
1001 5425 1183 5490 Varsobouia
1211 5423 1274 5489 ne.
1305 5423 1396 5508 Lipo.

90 5575 427 5625 dampnaremur.
439 5576 467 5616 u.
1397 5557 1430 5611 51
