4052 6286
398 556 472 628 506
901 575 1014 628 nmmr
1039 575 1284 630 nnenncurus
1311 559 1424 647 (xm).
1657 554 1727 654 (Α
1747 553 1795 628 Ι).
1812 552 1942 652 m.)

391 873 530 948 latura
551 873 731 963 burgariae
753 873 823 946 llax
841 875 969 948 ntum
983 875 1211 964 captivitatem
1226 891 1318 946 man
1330 875 1366 946 in
1381 874 1515 964 daerglo
1530 874 1701 947 Balomos
1722 875 1831 964 llagr,
1856 891 1942 946 ιιι·

394 995 463 1067 otta
485 997 685 1084 conparate,
707 993 824 1066 bellun
847 998 957 1066 navat
972 997 1007 1066 at
1021 992 1215 1066 uvarum
1237 994 1337 1066 illum
1359 993 1486 1084 llarrgll
1508 995 1593 1084 apud
1613 993 1765 1084 oppidu
1780 994 1944 1066 nerlu

847 1113 1049 1186 mallerev
1070 1113 1151 1186 dura
1172 1113 1340 1185 obsidione
1363 1118 1482 1187 uetat.

496 1361 647 1435 Mathias
676 1361 816 1435 interim
844 1361 1046 1454 Hungariae
1073 1362 1150 1435 Rex
1186 1365 1289 1435 vetus
1324 1361 1458 1449 edium,
1492 1362 1583 1452 qued
1610 1362 1647 1433 in
1674 1361 1873 1453 Georgium
1905 1363 1944 1432 eb

393 1482 685 1574 depactatieuem,
721 1503 790 1573 qua
818 1480 889 1567 illi,
923 1480 1164 1553 vindicaturus
1192 1502 1229 1554 se
1258 1482 1294 1553 in
1322 1481 1537 1568 libertatem,
1572 1481 1802 1572 septuaginta
1829 1480 1944 1552 millia

393 1600 598 1674 florenorum
625 1622 694 1673 nno
721 1601 777 1674 die
805 1601 1036 1692 persolverat,
1065 1605 1101 1674 et
1127 1601 1220 1694 qued
1246 1621 1307 1693 per
1334 1601 1541 1674 affinitatem
1570 1601 1695 1689 (filiam
1716 1601 1814 1674 enim
1836 1599 1942 1674 Geor·

392 1721 442 1813 gii
468 1719 505 1793 in
533 1739 677 1795 uxerem
704 1724 899 1812 acceperat)
928 1720 1133 1794 credebatur
1159 1721 1370 1808 extinctum,
1400 1720 1570 1794 Friderici
1597 1741 1736 1812 queque
1765 1720 1943 1793 Romane

391 1861 469 1912 rum
497 1840 738 1931 Imperatoris,
768 1839 1001 1914 confoederati
1028 1839 1100 1926 sui,
1131 1839 1371 1931 frequentibus
1399 1840 1533 1912 nuntiis
1558 1840 1673 1931 ipsum
1692 1841 1737 1912 ad
1757 1841 1796 1912 id
1815 1841 1943 1912 exher-

392 1958 518 2045 tantis,
547 1959 711 2032 iniuriam
740 1965 902 2052 satagens
929 1959 1044 2031 ultum
1071 1959 1132 2047 iri,
1172 1959 1461 2050 requisitionibus
1497 1961 1642 2051 insuper
1672 1960 1889 2051 apostolicis
1914 1967 1945 2032 et

392 2079 552 2170 precibus
580 2080 756 2152 Prothasii
784 2079 1068 2153 Olomnncaeusis
1101 2077 1272 2171 episcopi,
1307 2078 1503 2152 Zdenkenis
1534 2079 1801 2171 Kenepaiealri,
1832 2084 1944 2152 casta

393 2219 579 2290 rerumque
606 2198 795 2272 Bohemiae
827 2199 1076 2273 catholicorum
1103 2199 1288 2286 baronum,
1323 2198 1384 2290 qui
1411 2219 1432 2270 a
1458 2198 1606 2290 Georgia
1639 2199 1944 2290 opprimebantur,

355 2407 358 2412 ¹
392 2339 596 2410 persuasus,
630 2319 822 2392 exercitum
851 2339 894 2391 ex
922 2317 1131 2392 mercenarie
1164 2317 1293 2405 milite,
1326 2317 1476 2406 Peleue,
1510 2317 1664 2390 Boione
1692 2324 1728 2390 et
1756 2318 1942 2411 Hungare,

392 2439 592 2525 collectum,
621 2437 797 2527 curribus,
826 2437 1040 2528 bombardis,
1069 2437 1285 2530 eaeterisque
1312 2437 1450 2510 bellicis
1474 2437 1702 2529 apparatibus
1723 2439 1946 2512 sufficienter

391 2559 617 2646 instructum,
646 2557 683 2630 iu
709 2559 891 2630 Austriam
917 2557 1151 2650 personaliter
1177 2562 1373 2649 premeret,
1402 2562 1437 2630 et
1464 2556 1557 2630 circa
1584 2558 1751 2649 oppidum
1773 2558 1945 2630 lustriae

392 2678 488 2750 Lavi
507 2680 547 2766 ¹),
576 2697 682 2770 prope
709 2677 838 2750 flumen
865 2675 999 2770 Dya2),
1028 2677 1066 2749 in
1093 2679 1169 2750 lece
1195 2677 1403 2768 paludinese
1432 2681 1467 2748 et
1489 2677 1591 2768 aquis
1620 2683 1736 2769 septe,
1767 2678 1878 2750 illum
1897 2679 1943 2749 le

393 2802 465 2869 cat:
503 2796 678 2870 Menariae
705 2801 741 2870 et
769 2797 956 2870 Bohemiae
982 2796 1109 2869 exinde
1135 2795 1268 2868 bellum
1296 2795 1478 2883 illaturus,
1507 2795 1727 2870 Zdenlvenem
1757 2797 1943 2888 Keuepni-

392 2916 471 2989 caki
498 2937 576 2988 enm
612 2917 777 2989 trecentis
813 2916 1007 3009 equitibus,
1045 2920 1080 2990 et
1116 2915 1357 3003 Caesarianae,
1386 2916 1576 3007 pluresque
1607 2916 1696 2988 alies
1724 2917 1942 2989 Polenemm

395 3039 429 3107 et
456 3037 687 3110 Bohemorum
714 3036 847 3108 milites
875 3036 959 3109 belli
986 3035 1134 3128 parites,
1168 3035 1300 3108 habeus
1333 3055 1467 3123 secum,
1501 3055 1545 3108 ex
1573 3057 1721 3127 querum
1749 3037 1942 3122 sententia,

392 3155 532 3249 singula
559 3155 595 3228 in
622 3156 754 3229 bellum
782 3155 982 3229 huiusmodi
1009 3155 1345 3228 administrabantur
1360 3153 1402 3244 ³).
1441 3154 1611 3247 Georgius
1643 3154 1944 3228 Pesadaebracnlri

391 3274 482 3348 nihil
508 3275 662 3349 Mathiae
680 3276 882 3368 Huugariae
901 3275 1009 3368 Regis
1027 3274 1225 3347 hostilitate
1244 3281 1279 3346 et
1299 3273 1451 3347 adventu
1470 3274 1673 3362 deterritus,
1704 3295 1791 3346 anes
1811 3281 1850 3347 et
1869 3275 1942 3368 ipse

391 3395 428 3466 in
456 3415 551 3467 arma
577 3415 719 3488 cogens,
749 3395 906 3469 exercitu
932 3395 1026 3467 hand
1060 3394 1241 3482 mediocri,
1276 3395 1337 3486 qui
1369 3400 1485 3467 tamen
1511 3395 1592 3485 plus
1620 3394 1740 3485 pedite
1768 3415 1815 3466 ex
1846 3415 1942 3488 agm-

392 3513 521 3602 stibns,
551 3535 653 3606 quam
681 3515 797 3606 equite
825 3535 868 3588 ex
896 3515 1009 3587 milite
1036 3515 1185 3587 refertus
1213 3520 1303 3602 erat,
1333 3515 1420 3587 satis
1448 3513 1609 3587 celeriter
1627 3519 1661 3586 et
1680 3533 1832 3605 prepare
1852 3535 1940 3586 cen·

391 3639 528 3724 parate,
559 3636 657 3707 selus
684 3633 756 3722 illi,
786 3635 946 3726 quamvis
973 3633 1097 3727 mandi
1116 3639 1152 3706 et
1170 3635 1350 3706 excessivo
1370 3653 1510 3726 pressus
1538 3633 1740 3722 abdomine,
1769 3635 1941 3726 praestito

391 3753 537 3841 ducatu,
566 3753 609 3824 ad
628 3753 723 3825 Lavi
741 3754 854 3842 venit,
884 3759 919 3826 et
937 3754 1030 3826 bend
1049 3755 1151 3846 louge
1169 3775 1190 3825 a
1208 3753 1350 3826 stativis
1368 3753 1597 3841 Pannonicis,
1626 3753 1758 3844 Regem
1776 3755 1809 3842 ⁴)
1837 3755 1936 3824 Hun-

390 3871 508 3964 gariae
535 3877 570 3946 et
597 3893 700 3944 suum
728 3874 920 3948 exereitum
947 3873 1172 3964 pabulatione
1199 3868 1456 3963 prohibiturus,
1486 3893 1550 3944 aua
1576 3893 1725 3963 peneus,
1755 3872 1938 3964 quadrigis

392 3997 427 4064 et
454 3991 548 4062 valle
575 3991 815 4064 communivit.
844 3993 999 4084 Quatuer
1014 3991 1045 4080 ⁵)
1073 3992 1286 4082 etamplius
1314 3991 1538 4064 hebdomadis
1567 3991 1603 4062 iu
1631 3997 1703 4062 tam
1730 3992 1939 4083 propinquis

392 4111 517 4182 castris
549 4115 696 4203 uterque
729 4112 904 4185 exercitus
937 4111 1136 4199 considens,
1176 4116 1300 4184 neuter
1332 4109 1368 4183 in
1399 4110 1659 4184 dimicationem
1696 4110 1939 4202 (Hungaricns

392 4229 484 4302 enim
512 4229 706 4321 peditatum
734 4231 975 4319 Bohemicum‚
1005 4230 1214 4303 Bohemicns
1243 4231 1438 4322 equitatum
1466 4228 1708 4322 Hungaricum
1738 4229 1939 4318 verebatur)
2022 4271 2023 4314 ἦ

391 4349 499 4422 venit.
529 4350 738 4424 Bohemicns
770 4357 886 4424 tamen
919 4350 1147 4422 munitionem
1175 4350 1406 4442 propinquam
1434 4347 1644 4436 Marthnica,
1678 4347 1716 4419 in
1745 4369 1816 4440 qna
1842 4371 1937 4440 praa·
2021 4323 2023 4436 J

392 4468 520 4542 sidium
548 4489 591 4542 ex
621 4470 795 4562 frequenti
822 4471 934 4544 milite
962 4470 1151 4564 Hungarus
1179 4471 1371 4558 locaverat,
1400 4467 1603 4561 Hnngarice
1622 4466 1784 4542 exercitu
1803 4469 1935 4560 inspec-
2022 4515 2023 4578 3

391 4594 489 4662 tante
516 4593 550 4660 et
577 4589 808 4682 nequicquam
836 4591 967 4663 ferente
995 4611 1111 4681 opem,
1139 4610 1201 4680 per
1227 4589 1456 4676 deditionem,
1490 4587 1682 4660 violentam
1709 4587 1935 4680 conquisitio·
2021 4585 2023 4672 l

391 4729 469 4781 nem
497 4709 672 4782 deditione
699 4711 791 4782 faeta
818 4709 984 4802 praesidii
1012 4710 1143 4783 milites
1171 4709 1345 4796 aversuri,
1374 4707 1560 4799 conquirit.
1594 4707 1834 4800 Agitabautur
1861 4721 1935 4800 pest

391 4827 475 4900 haec
502 4848 564 4920 per
591 4829 665 4901 diea
694 4829 823 4901 multos
851 4829 892 4902 de
919 4849 1003 4920 paee
1031 4833 1202 4901 tractatus
1229 4827 1390 4920 plurimi,
1421 4831 1455 4900 et
1482 4826 1550 4898 iam
1580 4847 1651 4917 pax
1680 4827 1869 4900 triennalis
1887 4828 1933 4899 in·

394 4954 449 5019 ter
483 4952 669 5040 utrumque
702 4953 921 5022 convenerat.
960 4947 1054 5039 Quae
1086 4968 1183 5036 mex,
1221 4947 1368 5040 Geergie
1405 4951 1533 5033 eastra,
1572 4945 1745 5019 fortalitia
1776 4953 1812 5020 et
1851 4948 1934 5020 bena

391 5088 480 5138 anno
509 5072 685 5140 transacto
713 5066 925 5158 conquisita,
956 5066 1061 5139 iustis
1079 5065 1229 5138 dominis
1249 5067 1368 5140 cedere
1387 5071 1585 5153 recusante,
1614 5071 1715 5156 parte
1736 5071 1852 5138 autem
1872 5068 1931 5138 Be·

394 5248 604 5256 ——-..-—----...-
611 5249 659 5256 ...—
670 5247 804 5258 ..q-.—
2021 5249 2022 5292 1

500 5339 523 5419 ¹)
545 5344 639 5420 aaa)
669 5340 732 5404 aa.
755 5340 845 5425 Lapa.
880 5341 977 5423 (aaa).
1003 5335 1028 5422 ²)
1052 5340 1111 5400 nra
1134 5335 1198 5400 aa.
1214 5335 1310 5421 apr.
1334 5338 1465 5418 (Thaja).
1494 5337 1518 5416 ³)
1541 5337 1848 5398 subministrabantur.
1875 5333 1930 5398 aa
2019 5317 2022 5442 l

393 5440 484 5526 Lipa.
509 5441 535 5523 ⁴)
558 5445 698 5505 Mathiam
720 5445 830 5522 Regem
853 5441 916 5506 Ed.
940 5441 1030 5524 Lipa.
1057 5439 1083 5525 ⁵)
1108 5432 1292 5519 Quapropter
1315 5449 1440 5518 quatuor
1463 5437 1524 5500 Ed.
1548 5436 1643 5522 Lipa.
2019 5449 2021 5486 ἰ
