4082 6284
89 519 161 622 (Α.
180 521 226 596 D.
247 519 363 618 root.)
607 539 720 598 nuens
746 542 991 596 nuenuonrus
1018 522 1134 612 (rrrrr).¹
1565 521 1639 594 333

88 749 167 802 rom
186 749 223 802 se
240 747 468 820 responsuros
486 727 705 820 privilegiet,
725 728 919 820 producens
938 728 977 818 ¹),
1006 727 1088 820 dum
1107 726 1384 819 procuratorium
1399 725 1430 817 ²)
1455 748 1524 800 non
1543 747 1638 798 mon-

90 853 236 936 straret,
269 869 416 940 poenum
448 847 557 922 trium
583 869 776 920 morcarum
802 847 1009 936 incurrisse,
1044 848 1204 922 decretus
1217 845 1264 936 ³):
1294 867 1397 940 quom
1425 869 1504 922 cum
1532 870 1551 920 e
1578 868 1636 920 re·

84 967 196 1060 stigio
222 988 292 1040 non
319 969 486 1056 solueret,
514 968 551 1040 iu
578 989 748 1042 corcerem
776 968 856 1042 duci
883 968 1017 1058 iussus,
1046 988 1169 1060 prope,
1198 967 1268 1042 nisi
1295 969 1373 1042 Rex
1392 967 1629 1054 subuenisset,

86 1088 286 1180 discerptus
313 1093 416 1162 osset.
444 1089 547 1162 Alter
573 1088 697 1162 deinde
716 1087 886 1162 terminus
904 1088 1157 1180 peremptorius
1180 1087 1390 1161 Consulibus
1405 1088 1436 1177 ⁴)
1464 1088 1507 1160 ud
1526 1088 1631 1162 Oete·

89 1229 189 1295 rum,
217 1208 260 1280 od
286 1209 564 1300 respondendum
591 1209 805 1300 assignatus.
834 1208 902 1282 Sed
930 1228 1008 1280 cum
1034 1227 1147 1299 nsque
1174 1207 1293 1280 inille
1312 1213 1567 1300 competerent,
1595 1210 1639 1282 cd

88 1326 311 1419 punitionem
338 1327 465 1420 cepitis
492 1334 528 1400 et
555 1328 766 1402 solutionem
793 1327 888 1400 redii
916 1326 1092 1420 octoginta
1119 1327 1287 1416 millium,
1315 1329 1491 1402 ueteribus
1518 1333 1638 1420 peten-

88 1446 205 1535 tibus,
233 1449 516 1522 condemnentur.
545 1448 712 1522 Pluribus
740 1447 865 1522 deinde
892 1447 1014 1520 diebus
1042 1447 1120 1522 Rex
1137 1445 1179 1534 ⁵),
1208 1447 1362 1538 publicis
1389 1449 1493 1521 rebus
1520 1449 1636 1540 prori-

88 1587 212 1656 surus,
242 1568 427 1642 eonsilium
454 1567 608 1662 ogitcns,
637 1573 672 1642 et
700 1589 736 1640 se
764 1573 869 1659 utque
897 1567 1069 1640 cerarium
1088 1588 1189 1640 suum
1208 1569 1419 1642 exhaustum
1438 1569 1530 1642 bello
1549 1569 1637 1641 Pru·

88 1687 232 1761 thonico
260 1694 473 1777 monstrans,
501 1688 670 1777 obtinuit,
699 1693 740 1762 ut
767 1687 895 1761 iterum
921 1688 1060 1781 gabello
1075 1688 1107 1775 θ)
1135 1685 1340 1762 civitatibus
1359 1693 1395 1762 et
1413 1687 1547 1762 colonis
1571 1690 1637 1762 ier·

87 1811 195 1880 tomes
222 1807 471 1881 indicerentur.

302 2160 455 2234 tonsuris
475 2162 635 2252 biurosoh
658 2162 808 2235 timonio!
831 2163 1054 2234 drocoriensis
1076 2162 1176 2234 cedes
1198 2162 1424 2252 emerguntur.

199 2407 352 2480 Subbcte
379 2412 460 2482 unte
488 2409 616 2480 festum
635 2407 754 2481 Sancti
774 2410 942 2497 Thomas,
971 2407 1173 2482 chimirus
1191 2408 1359 2481 Polonise
1377 2410 1454 2482 Rex
1474 2430 1517 2482 ex
1537 2410 1638 2481 Nouo

88 2527 246 2601 Ciuitate
272 2528 425 2600 Korcnin
452 2528 649 2617 discedens,
680 2529 766 2602 serio
794 2529 945 2602 secunde
963 2529 1164 2603 cracoviam
1183 2527 1342 2602 introvit.
1371 2531 1415 2602 In
1433 2529 1535 2602 cuius
1553 2551 1637 2619 quo·

89 2667 163 2739 que
190 2648 389 2738 praesentis
411 2653 447 2720 et
464 2654 668 2741 conspectu,
697 2649 800 2722 cedes
827 2649 996 2722 Iohonnis
1024 2650 1203 2742 Dlugoseh
1229 2649 1442 2722 canonicalis
1469 2669 1532 2741 per
1559 2649 1637 2722 Stu-

89 2767 247 2842 uisbsum
275 2772 310 2840 et
336 2767 546 2841 Dobesloum
579 2769 622 2841 de
655 2768 888 2842 Kurenwcnki
921 2768 1063 2842 effracto
1094 2775 1130 2842 et
1157 2769 1318 2842 omnibus
1358 2770 1462 2842 rebus
1494 2769 1636 2852 nudate,

90 2886 237 2978 querele
264 2906 401 2978 quoque
429 2907 533 2978 super
559 2887 616 2960 his
647 2888 691 2960 ed
718 2887 938 2962 Konimirum
966 2889 1096 2982 Regem
1123 2889 1256 2976 deluto,
1294 2889 1410 2962 surdis
1438 2893 1494 2979 (ut
1520 2887 1637 2977 siunt)

89 3006 238 3080 curibus
265 3026 286 3077 o
312 3008 407 3100 Rege
434 3013 588 3101 excepto
607 3012 676 3081 est:
706 3007 896 3082 mcioribus
924 3009 1016 3084 enim
1043 3008 1266 3082 contumeliis
1290 3014 1325 3082 et
1349 3009 1502 3100 probris,
1532 3027 1636 3099 quom

91 3127 168 3214 his,
197 3147 287 3219 quae
314 3129 497 3219 perferret,
525 3125 717 3202 Iohannem
744 3129 940 3221 Dlugosoh‚
969 3128 1061 3220 quod
1088 3127 1263 3202 iustitiam
1290 3128 1409 3202 Iocobi
1436 3128 1636 3220 Syennyen·

91 3247 152 3320 'siri
179 3247 333 3339 episcopi
360 3247 600 3322 Crotoniensis
628 3247 769 3320 enixius
796 3248 1038 3340 promerebat,
1067 3248 1211 3341 dignum
1238 3247 1482 3340 respondebat.
1559 3330 1563 3337 ¹

330 3600 397 3672 Per
418 3601 453 3674 in
474 3599 606 3687 busin,
629 3601 794 3687 bononie,
817 3600 961 3687 rmore,
983 3601 1156 3674 Liburnis
1179 3603 1215 3674 ot
1236 3601 1407 3691 sursus.

199 3846 303 3938 Apud
326 3845 508 3934 Russiom‚
534 3846 753 3936 Bohemiem,
782 3848 962 3920 Podoliem
986 3853 1021 3921 et
1044 3847 1270 3921 Lithunniom
1293 3869 1348 3922 res
1372 3869 1411 3921 eo
1430 3870 1521 3921 euno
1540 3849 1636 3941 quie·

91 3973 169 4052 tee;
197 3965 290 4057 apud
317 3966 533 4059 Hungeriem
560 3967 794 4058 praedonibus
820 3968 997 4059 expulsis,
1025 3974 1087 4040 out
1114 3989 1239 4062 magne
1265 3972 1364 4059 purte
1382 3968 1412 4058 ⁷)
1439 3968 1637 4057 trucidetis,

90 4105 165 4178 per
192 4085 304 4158 redire
331 4105 414 4158 curu
439 4085 591 4158 Emerici
608 4088 708 4178 Dyok
727 4087 857 4179 coepit,
886 4088 947 4179 qui
965 4089 1140 4162 industrio
1158 4094 1193 4162 et
1212 4088 1407 4161 sectivitute
1426 4089 1519 4162 inter
1537 4089 1636 4161 Hun-

88 4226 196 4299 geros
223 4205 375 4296 pollens,
404 4225 449 4278 ex
477 4205 660 4279 admodum
688 4207 786 4280 tenui
812 4207 951 4280 homine
978 4209 1015 4281 in
1042 4209 1212 4282 celebrem
1240 4213 1412 4282 erosernt.
1548 4267 1551 4272 r

202 4490 226 4575 ¹)
248 4495 429 4573 producente
452 4490 528 4558 Coei.
557 4493 645 4557 Uolo.
669 4493 694 4575 ³)
718 4497 949 4573 procuratorium
979 4498 1148 4559 mundatum
1170 4495 1233 4559 Ed.
1257 4495 1350 4582 Lips.
1379 4497 1406 4579 θ)
1434 4499 1569 4561 decretus
1592 4503 1639 4559 est

88 4596 156 4662 Ed.
181 4597 272 4680 Lips.
296 4597 322 4678 ⁴)
345 4599 522 4661 Consulibus
544 4599 789 4661 Omooviensibus
812 4597 875 4661 Ec.
907 4597 997 4683 Lips.
1023 4599 1049 4680 ὅ)
1072 4601 1233 4663 Oeeimirus
1254 4600 1319 4663 Rex
1341 4599 1404 4665 Ed.
1428 4599 1518 4684 Lips.
1542 4599 1570 4680 ⁰)
1585 4601 1637 4662 crt-

88 4705 194 4764 butum
217 4698 280 4763 Ed.
304 4699 396 4784 Lips.
422 4698 449 4783 ⁷)
472 4719 581 4779 mogus
602 4721 639 4764 ex
660 4707 747 4781 porte
768 4699 831 4764 Ed.
855 4698 949 4785 Lips.
