4046 6278
47 554 107 656 (Α.
125 553 169 628 D.
189 550 316 652 1405.)
551 573 665 628 nunus
690 570 937 626 nuonnonrus
965 555 1079 645 (xm).
1512 555 1588 630 423

46 763 187 851 tatibus,
214 759 398 854 gentibus,
426 759 598 833 uxoribus
635 764 670 833 et
706 757 800 832 omni
831 758 1010 832 ditissima
1042 753 1257 852 supellectili
1288 761 1424 853 petitus
1460 764 1586 852 iuerat,

44 883 206 978 peruenit.
235 881 341 975 Apud
368 902 471 973 quem
498 867 644 955 eomiter
670 885 706 954 et
731 879 899 973 benigne,
934 885 970 953 et
995 880 1184 972 plusquam
1212 882 1413 957 conveniret
1440 883 1587 957 barbaro

44 1004 143 1098 Regi,
171 1008 374 1096 suseeptus,
404 1001 575 1076 exhibitis
598 1001 709 1075 bullis
728 1006 764 1075 et
782 1001 927 1090 oblatis,
957 1022 1047 1093 quae
1065 1021 1181 1075 seeum
1214 1001 1406 1092 detulerat,
1435 1004 1588 1077 muneri·

43 1128 119 1213 bus,
146 1124 183 1198 in
209 1123 281 1196 uim
308 1123 496 1217 legationis
523 1122 685 1215 exponit:
724 1123 846 1215 quales
879 1125 914 1195 et
941 1127 1091 1214 quantas
1119 1128 1254 1216 strages
1273 1125 1301 1214 ¹)
1337 1124 1542 1198 Mahumeth
1556 1123 1588 1213 ²)

45 1248 226 1321 lurcorum
260 1243 386 1318 Caesar
417 1244 549 1336 absque
581 1245 657 1316 nlla
688 1263 794 1316 eausa
821 1242 1032 1316 Christianis
1059 1242 1237 1335 intulerit,
1272 1260 1375 1336 quam
1404 1244 1585 1337 eopiosum

47 1366 243 1460 sanguinem
282 1365 501 1456 frequentius
535 1363 747 1438 eatholieum
775 1363 905 1437 luderit
933 1369 968 1436 et
995 1364 1140 1438 fundere
1171 1385 1344 1456 nusquam
1374 1365 1580 1454 eessarerit,

45 1493 167 1581 quanta
185 1487 323 1580 Regna,
352 1485 512 1579 regiones
531 1491 566 1559 et
584 1484 755 1578 Imperia,
775 1483 946 1576 dispulsis
966 1489 1003 1557 et
1022 1484 1266 1558 exterminatis
1286 1485 1494 1574 Catholicis,
1523 1507 1586 1578 per

43 1608 107 1681 uim
134 1612 169 1681 et
194 1606 414 1699 tyrannidem
443 1606 680 1698 oeaupauerit:
708 1626 851 1700 rogans,
879 1611 920 1678 ut
948 1625 1150 1697 eompassus
1179 1610 1234 1678 tot
1260 1606 1381 1695 malis,
1410 1623 1499 1698 quae
1526 1628 1585 1699 ge·

41 1728 111 1803 neri
136 1729 286 1801 humano
314 1726 358 1800 ab
386 1727 505 1800 eodem
541 1725 765 1800 Mahumethe
797 1723 1011 1815 inferuntur,
1052 1747 1115 1798 sna
1141 1727 1367 1818 persuasione
1394 1731 1500 1819 atque
1528 1728 1585 1801 de·

44 1849 260 1924 nuntiatione
292 1849 335 1922 ab
363 1847 532 1921 effusione
565 1847 747 1940 sanguinis
779 1852 815 1919 et
847 1846 1074 1939 oeeupatione
1106 1851 1277 1920 terrarum
1309 1845 1587 1920 Christianorum

43 1970 138 2043 illum
165 1973 337 2058 coereeat3
375 1967 501 2060 quodsi
529 1969 687 2042 salubres
715 1989 797 2041 suos
835 1968 989 2041 monitus
1012 1967 1133 2041 audire
1161 1969 1424 2060 contempserit,
1453 1969 1586 2042 bellum
1695 2053 1698 2060 ¹

41 2091 92 2164 illi
116 2091 260 2177 inferre,
290 2093 325 2163 at
351 2089 394 2162 ad
423 2088 498 2164 eius
518 2088 765 2163 exterminium
784 2089 878 2162 vires
897 2089 1134 2181 potentiarum
1155 2109 1296 2162 suarum
1316 2091 1487 2177 eonlerre,
1516 2109 1586 2161 non

44 2215 242 2305 postponat,
261 2209 448 2284 habiturus
466 2209 510 2283 ab
525 2207 771 2302 Omnipotente
790 2209 1014 2303 suffragium,
1035 2213 1071 2283 et
1088 2231 1109 2282 a
1124 2209 1267 2283 Summo
1285 2210 1456 2284 Pontidoe
1474 2211 1586 2283 Paulo

41 2339 72 2406 et
101 2333 315 2424 Imperatore
353 2331 589 2403 Romanorum
625 2330 805 2404 Friderieo
843 2335 1005 2423 sumptus
1041 2330 1257 2404 neeessarios
1292 2331 1330 2404 in
1367 2329 1404 2403 id
1439 2331 1584 2405 bellum.

41 2452 191 2546 lanigeri
228 2457 346 2526 autern
378 2451 626 2524 Thartarornm
650 2451 858 2544 *Imperator
890 2451 1083 2543 plurimum
1116 2472 1221 2544 super
1252 2450 1454 2524 huiusmodi
1489 2453 1584 2545 lega·

41 2575 129 2648 tione
155 2573 391 2661 exhilaratus,
419 2592 493 2645 rem
520 2571 557 2645 in
586 2571 873 2647 deliberationem
901 2572 1047 2662 detulit,
1081 2577 1117 2645 et
1144 2576 1225 2665 post
1251 2572 1486 2646 hebdomadas
1518 2571 1584 2646 ali·

41 2699 120 2787 quot
145 2715 189 2768 ex
219 2693 362 2767 stativis
390 2692 645 2786 campestribus
673 2693 710 2766 in
737 2698 892 2766 nastrum
920 2714 1004 2767 suae
1032 2692 1176 2766 ditionis
1204 2693 1462 2782 firmissimum,
1494 2694 1582 2767 Ker-

43 2817 118 2889 ehsr
136 2815 373 2907 appellatum,
393 2813 599 2902 adueniens,
620 2815 776 2906 praelate
799 2813 1024 2888 Patriarebae
1043 2813 1222 2886 Ludouieo
1240 2815 1496 2906 respondendo,
1525 2814 1584 2886 do-

41 2937 105 3010 lere
131 2957 168 3010 se
195 2935 349 3027 primum
376 2934 419 3007 de
446 2933 622 3022 alodibus,
652 2955 741 3027 quae
764 2933 974 3008 Christianis
994 2956 1056 3027 per
1074 2933 1224 3008 Tereum
1242 2934 1459 3024 inferuntur,
1488 2938 1524 3008 et
1542 2933 1584 3007 de

40 3055 320 3148 occupationibus
343 3059 531 3144 terrarum,
559 3054 656 3127 fideli
675 3054 915 3148 compassione
939 3055 1097 3129 deduxit.
1127 3053 1437 3128 Denuntiationem
1465 3059 1582 3128 autem

39 3177 78 3249 ad
103 3178 255 3249 Turnum
282 3175 437 3264 mittere,
467 3195 510 3248 ne
537 3175 756 3249 Christianos
783 3175 825 3250 de
848 3180 983 3250 caetero
1002 3177 1094 3249 bello
1113 3175 1276 3268 impetat,
1296 3179 1358 3248 aut
1377 3195 1495 3249 eorum
1514 3179 1583 3249 ter·

38 3317 90 3370 ras
116 3301 279 3389 oeoupet,
308 3317 421 3388 neque
440 3317 524 3370 suae
542 3297 752 3386 conditioni,
780 3317 893 3390 neque
918 3297 1084 3389 qualitati
1103 3296 1271 3389 temporis
1290 3295 1487 3370 eonrenire.
1516 3297 1583 3370 De·

38 3418 294 3491 nuntiaturum*
314 3421 430 3490 tamon
446 3415 477 3507 ³)
509 3437 546 3490 se
577 3417 634 3490 illi
671 3419 847 3512 extemplo
883 3418 927 3490 ad
963 3417 1065 3490 illum
1101 3417 1238 3490 nuntiis
1276 3417 1457 3492 mittendis
1472 3418 1516 3508 ⁴),
1544 3423 1586 3491 nt

38 3539 188 3628 abello,
219 3544 292 3610 tam
319 3537 524 3626 Valaehiae,
554 3559 658 3629 quam
685 3539 807 3632 Regno
835 3537 1038 3631 Hungariae
1061 3537 1256 3626 inferendo,
1286 3537 1473 3611 abstineat.
1503 3538 1583 3612 Bel·

38 3658 106 3732 lum
133 3664 269 3747 autem,
298 3679 343 3730 an
370 3658 495 3732 debeat
522 3660 580 3731 uel
607 3680 652 3732 ns
681 3660 792 3733 dureo
819 3659 964 3749 inferre,
992 3679 1061 3731 non
1084 3659 1122 3732 in
1145 3679 1210 3732 sua
1237 3658 1494 3747 tantummodo,
1524 3657 1585 3733 sed

38 3785 70 3853 et
94 3779 131 3852 in
157 3777 332 3852 Karimiri
360 3779 526 3852 Poloniao
553 3779 678 3872 Regis,
713 3801 814 3872 quem
848 3779 979 3852 dudum
1006 3779 1045 3852 in
1072 3779 1192 3852 fratris
1220 3784 1255 3852 et
1281 3778 1423 3852 Domini
1454 3779 1585 3853 aoleret

37 3901 125 3989 loeo,
154 3900 339 3972 uoluntate
367 3899 573 3973 consistere:
598 3891 670 3974 ¹nea
697 3899 803 3974 liuere
831 3899 916 3989 sibi,
950 3920 989 3973 eo
1017 3899 1232 3988 ineonsnlto,
1268 3905 1303 3972 et
1329 3921 1368 3972 re
1395 3921 1512 3974 seeum
1540 3901 1583 3973 ad

36 4021 207 4114 integrum
238 4040 308 4092 non
340 4021 608 4110 eommunieata,
644 4021 681 4093 in
713 4020 886 4094 utramuis
918 4025 1053 4112 partem
1085 4019 1271 4113 quiequam
1303 4020 1385 4094 dare
1411 4021 1582 4114 responsi,

37 4142 93 4216 sed
120 4161 222 4215 omne
250 4140 434 4214 arbitrium
462 4141 624 4214 movendi
651 4161 672 4214 a
700 4163 736 4215 ee
764 4142 874 4215 Turno
906 4141 1010 4231 belli,
1044 4140 1224 4214 Kasimiro
1251 4140 1342 4234 Regi
1368 4142 1582 4233 permittere.

36 4262 79 4334 aa
105 4283 147 4336 ne
175 4262 363 4354 quiequam
390 4261 585 4334 simultatis
612 4261 696 4335 huie
723 4262 924 4335 aestimaret
951 4262 1066 4335 inesse
1092 4281 1276 4354 responso,
1309 4262 1378 4336 iret
1404 4262 1449 4335 ad
1475 4262 1582 4335 Kari-

36 4381 158 4456 mirnm
186 4381 354 4455 Poloniae
381 4382 528 4475 Regem,
557 4387 593 4456 et
620 4381 759 4472 literas,
787 4383 1049 4475 responsionem
1077 4389 1112 4456 et
1131 4383 1348 4455 uoluntatem
1377 4403 1492 4471 suam,
1522 4381 1583 4457 sed

36 4507 69 4576 et
94 4504 219 4576 literas
248 4523 330 4575 suas
356 4523 455 4574 rasas
482 4523 601 4576 seeum
630 4505 750 4591 ferret,
782 4503 824 4576 ab
853 4523 961 4596 eoque
988 4503 1150 4578 morendi
1177 4505 1215 4577 in
1243 4505 1393 4578 Turenm
1419 4504 1506 4578 belli
1524 4505 1582 4579 de·

36 4629 165 4696 aretum
192 4627 342 4715 peteret,
376 4643 414 4696 se
440 4623 541 4696 illius
573 4623 786 4696 ordinationi
817 4623 1026 4716 promittens
1059 4629 1189 4698 extuue
1221 4624 1258 4698 in
1286 4623 1440 4718 siugulis
1468 4629 1581 4698 statu·

34 4765 120 4817 rum.
149 4744 387 4834 Protinusque
415 4748 450 4816 et
478 4743 627 4835 soriptas
655 4744 799 4834 literas,
823 4744 952 4836 quibus
979 4745 1016 4817 id
1043 4745 1085 4818 de
1112 4766 1150 4818 se
1177 4745 1358 4818 Kaaimiro
1385 4745 1475 4839 Regi
1501 4765 1581 4838 pro·

36 4865 212 4952 mittebat,
243 4869 278 4936 et
305 4863 394 4936 alias
421 4884 519 4936 rasas
546 4864 647 4957 signo
676 4886 738 4937 suo
767 4865 940 4957 signatas,
970 4865 1097 4958 quibus
1126 4866 1235 4940 Tureo
1263 4867 1435 4940 diffidatio
1454 4871 1490 4940 et
1507 4865 1582 4940 bel·

36 4985 106 5057 lum
138 4984 377 5073 intimaretur,
411 4984 637 5058 Patriarebae
669 4985 787 5058 tradit.
820 4986 951 5059 Laetus
984 4987 1049 5058 hoa
1080 5007 1246 5079 responso
1281 4987 1504 5076 Patriareha,
1537 5008 1581 5062 ex

35 5105 215 5178 'lbertaria
241 5104 439 5194 diseedens,
468 5111 503 5179 et
530 5105 750 5180 Kanimirum
777 5107 944 5181 Poloniae
971 5107 1104 5200 Regem
1121 5107 1159 5181 in
1177 5107 1372 5182 Lithnania
1390 5108 1484 5200 apud
1503 5106 1580 5181 llil·

140 5381 164 5462 ¹)
187 5386 302 5459 strages
325 5387 356 5444 et
377 5381 477 5444 eladae
507 5377 570 5444 Eli.
599 5375 691 5465 La‘pe.
723 5379 750 5462 2)
780 5381 983 5444 llaobumetus
1013 5379 1077 5444 Ed.
1108 5379 1198 5465 Iope.
1229 5380 1256 5462 8)
1278 5387 1376 5444 auam
1400 5379 1465 5447 Ed.
1488 5380 1580 5472 Lipr.

37 5481 62 5565 ⁴)
83 5487 218 5547 missuris
242 5481 318 5549 (iod,
347 5481 436 5547 Uale.
