4264 6280
152 573 221 675 (Α.
241 575 287 650 D.
307 575 435 675 1450.)
668 599 781 652 arnna
806 600 1051 654 nnonncnrus
1080 581 1195 672 (xm).
1661 571 1706 648 77

154 783 367 874 appellatur,
397 785 440 856 ad
467 787 657 858 torrentem
688 785 821 857 Krasni
852 787 974 878 potok,
1001 807 1114 878 prope
1146 785 1312 878 oppidum
1347 785 1496 877 Waslup
1516 785 1555 874 ¹),
1591 783 1705 876 signis

153 924 276 977 cauare
303 904 428 992 iussis,
456 926 519 997 per
545 904 713 978 Poloniae
741 905 888 994 milites,
923 906 988 978 sub
1015 910 1166 998 quatuor
1193 905 1322 999 signis,
1356 906 1523 979 videlicet
1550 904 1705 978 Praemi-

154 1024 294 1112 sliensi,
323 1025 534 1113 Haliciensi,
564 1025 773 1098 Sanocaensi
793 1031 828 1098 et
846 1026 1029 1115 Podoliae‚
1054 1026 1329 1099 consistentibus
1345 1024 1388 1116 2),
1418 1031 1453 1099 et
1472 1029 1548 1098 octo
1568 1031 1706 1097 turmas

154 1145 328 1236 equitum,
357 1167 483 1218 nonam
510 1146 684 1238 peditum,
714 1146 940 1234 habentibus,
969 1149 1010 1219 fit
1038 1168 1255 1240 congressus.
1290 1147 1371 1220 Una
1402 1151 1517 1218 turma
1545 1144 1703 1236 equitum

152 1265 338 1336 hostilium
366 1266 505 1358 tegebat
532 1266 700 1357 peditem:
729 1266 766 1338 in
794 1288 898 1358 quam
925 1289 1005 1340 cnm
1031 1267 1149 1360 regius
1173 1266 1349 1340 exercitus
1367 1266 1405 1338 iu
1424 1266 1533 1338 aciem
1553 1269 1705 1337 stantem

152 1385 377 1474 incurrisset,
406 1385 470 1458 illa
496 1391 687 1458 retrorsum
716 1387 858 1475 cedens,
886 1387 1039 1479 peditem
1067 1387 1235 1472 ostendit3
1264 1407 1343 1458 cum
1367 1407 1435 1477 quo
1455 1385 1632 1458 exercitus
1651 1404 1704 1456 re-

151 1506 233 1597 gius
260 1505 466 1597 confligens,
495 1507 626 1578 multos
654 1506 786 1579 milites
803 1533 804 1536 ¹
821 1507 951 1579 amisit.
985 1508 1115 1579 Fervet
1141 1505 1234 1578 inter
1261 1510 1429 1597 utrosque
1458 1505 1612 1578 crudelis
1639 1526 1703 1595 pu-

150 1645 236 1716 gna,
266 1629 301 1697 ct
328 1645 441 1716 neque
468 1626 549 1714 hcc,
578 1646 689 1718 neque
716 1628 828 1698 altera
854 1634 953 1718 parte
979 1627 1165 1714 inclinata,
1195 1626 1232 1697 in
1259 1632 1373 1697 toturn
1400 1625 1493 1698 diem
1521 1624 1703 1697 dimicatio

151 1745 384 1836 protenditur.
413 1746 518 1818 Multi
546 1747 587 1818 de
615 1746 758 1818 Polonis
786 1747 931 1835 eadunt,
960 1749 1079 1839 plures
1108 1755 1224 1819 tamen
1252 1746 1294 1818 de
1323 1745 1499 1833 hostibus,
1529 1749 1565 1819 et
1587 1744 1703 1834 campi

151 1864 381 1937 cadaveribus
409 1870 625 1938 sternuntur.
653 1869 780 1940 Petrus
808 1866 1041 1940 Odrowansch
1067 1867 1246 1959 palatinus
1269 1865 1528 1957 Leopoliensis,
1557 1886 1627 1936 non
1646 1885 1704 1936 ca-

150 1985 287 2076 pitanei
315 1987 444 2073 solum,
480 1987 540 2059 sed
572 1987 696 2078 optimi
729 1994 764 2059 et
791 1989 927 2060 strenui
960 1987 1086 2060 militis
1118 1986 1233 2059 officia
1261 2007 1444 2073 exercens,
1475 1984 1613 2058 fortiter
1640 2005 1705 2076 pu<

150 2105 293 2197 gnabnt.
323 2107 489 2178 Hostium
517 2107 692 2179 exercitus
718 2107 933 2198 pedestrium
960 2109 1082 2180 robore
1114 2107 1226 2200 magis
1255 2127 1359 2197 quam
1387 2105 1603 2196 equestrium
1634 2125 1702 2176 ra·

152 2226 259 2298 lebat.
289 2227 521 2317 Equestribus
548 2247 611 2318 pro
638 2227 763 2298 maiori
790 2233 891 2318 parte
918 2229 1062 2316 deletis,
1096 2229 1134 2300 in
1160 2227 1297 2319 pedites
1325 2227 1452 2298 Petrus
1468 2224 1498 2314 ³)
1525 2223 1705 2316 palatinus

151 2367 231 2417 oum
251 2345 397 2418 Nicolao
416 2347 574 2434 Porawa,
603 2346 774 2419 llichaele
794 2349 1006 2437 Bucuaonlri,
1034 2348 1266 2440 pluribusque
1289 2346 1371 2418 aliis
1390 2345 1620 2435 invehuntur,
1649 2364 1704 2416 oc·

152 2466 292 2554 cidnnt,
322 2451 484 2538 sternunt
512 2471 547 2538 et
573 2467 789 2558 pedestrium
818 2469 944 2540 molem
971 2469 1163 2560 plurimum
1187 2467 1390 2554 debilitant,
1419 2465 1606 2557 pugnando
1628 2468 1704 2536 tan-

151 2586 246 2674 dem,
275 2608 296 2658 a
323 2586 544 2676 pedestribus
572 2587 700 2658 cadunt
728 2587 917 2660 interiecti.
947 2589 1082 2662 Moeror
1100 2589 1224 2679 ingens
1243 2587 1285 2659 de
1304 2585 1445 2658 amissis
1465 2591 1537 2656 tam
1556 2584 1704 2676 inclytis

150 2706 409 2798 pugnatoribus
437 2711 472 2778 at
499 2707 692 2797 capitaneis
712 2708 906 2781 exercitum
923 2709 1060 2801 regium
1079 2707 1230 2778 invadit.
1259 2706 1403 2778 Fuisset
1427 2725 1563 2796 quoque
1583 2709 1617 2776 et
1637 2709 1704 2776 tre·

151 2826 287 2917 pidatio
324 2847 393 2898 non
429 2826 604 2898 minoret
631 2827 814 2898 inclinatio
851 2829 939 2900 aciei
976 2829 1180 2915 subsecuta,
1218 2826 1288 2898 nisi
1316 2825 1513 2917 Burgulab,
1547 2823 1608 2914 qui
1635 2823 1706 2895 iarn

152 2946 281 3018 silvam
310 2951 535 3036 superaverat
562 2967 641 3018 cum
668 2949 833 3039 gentibus
866 2970 928 3039 pro
961 2949 1189 3021 conductione
1226 2967 1391 3019 curruum
1419 2943 1488 3017 sibi
1516 2942 1704 3031 adiunctis,

151 3065 266 3139 veloci
298 3065 422 3137 doctus
453 3067 593 3154 nuntio,
626 3067 762 3159 regium
795 3069 989 3141 exercitum
1021 3067 1171 3141 uictoria
1201 3066 1325 3158 potiri,
1360 3064 1633 3156 supervenisset.
1667 3063 1705 3135 Is

70 3195 74 3200 “
152 3186 306 3258 addeum
340 3206 403 3257 suo
435 3187 570 3275 hostes,
608 3188 712 3260 caede
744 3193 944 3262 nostrorum
977 3189 1132 3261 militum
1160 3189 1379 3274 exultantes,
1412 3184 1554 3273 temnit,
1583 3188 1624 3254 ut
1650 3204 1703 3256 re·

151 3310 257 3398 pente
285 3311 383 3398 terga
410 3305 533 3378 darent
560 3310 594 3378 et
622 3307 740 3399 fugam
773 3295 1004 3400 capesserent.
1042 3307 1176 3400 Regius
1208 3305 1384 3379 exercitus
1417 3304 1599 3377 victoriam
1627 3302 1703 3394 qui-

151 3426 248 3512 dem,
278 3425 338 3497 sed
366 3430 562 3514 cruentam,
592 3427 732 3499 amissis
751 3428 914 3518 pluribus
933 3428 1108 3502 militibus
1127 3425 1343 3518 insignibus,
1373 3425 1513 3512 retulit3
1543 3421 1706 3514 persequi

151 3551 271 3617 tamen
299 3545 488 3637 fugientes,
517 3546 683 3618 diuturna
712 3548 880 3640 fatigatus
907 3566 1042 3642 pugna,
1071 3569 1140 3620 uon
1167 3549 1316 3639 poterat.
1346 3544 1419 3617 Sub
1447 3544 1523 3616 eius
1542 3563 1703 3634 praesen·

152 3666 205 3736 tia
234 3686 373 3757 qnoque
404 3666 559 3737 hostium
591 3666 798 3755 residnitas,
832 3686 921 3759 quae
953 3669 1118 3762 fugiendo
1147 3673 1181 3740 et
1207 3664 1478 3757 retrogradendo
1511 3662 1704 3736 exercitum

152 3784 289 3877 regium
316 3785 525 3872 lacessebat,
555 3791 616 3857 aut
643 3785 816 3876 extincta,
846 3791 907 3860 aut
935 3788 1083 3880 fatigata
1098 3789 1141 3878 ⁴).
1169 3789 1295 3860 Plures
1323 3787 1384 3878 qui
1407 3786 1445 3857 iu
1464 3785 1605 3856 arbores
1624 3803 1703 3855 con·

153 3904 375 3993 scenderunt,
405 3905 546 3998 sagittis
575 3907 723 3979 coniecti
751 3907 972 3981 decidebant:
1001 3909 1038 3980 in
1066 3909 1185 4001 aliqua
1208 3907 1302 3980 euim
1321 3907 1442 3980 arbore
1461 3905 1580 3996 plures
1600 3922 1704 3993 quarn

153 4024 304 4098 sedecim
333 4025 579 4097 occidebantur
595 4025 636 4115 ⁵).
666 4027 856 4100 Praefatus·
878 4033 994 4101 autem
1024 4029 1204 4120 Burgnlab
1232 4032 1384 4120 quatuor
1416 4025 1539 4098 diebus
1568 4022 1704 4114 lugien-

152 4150 206 4218 tcs
235 4148 270 4216 et
297 4143 474 4234 dispersos
500 4147 791 4236 persequebatur,
821 4152 855 4219 et
883 4147 1023 4220 nonnisi
1050 4148 1174 4240 quinta
1201 4147 1256 4220 dia
1284 4148 1328 4220 ad
1356 4145 1543 4218 stationem
1572 4141 1703 4215 exerci-

152 4272 211 4337 tna
238 4263 344 4355 regii,
373 4268 521 4336 onustus
548 4267 677 4356 praeda
703 4267 838 4359 ingenti
858 4272 894 4339 et
912 4268 1063 4360 captivis
1091 4268 1230 4356 multis,
1259 4266 1375 4342 rediit.
1405 4263 1564 4337 deservit
1586 4281 1704 4353 pugna

151 4385 246 4456 circa
273 4403 433 4456 occasum
462 4384 564 4472 solis,
593 4406 671 4458 cnm
699 4386 736 4457 in
764 4393 843 4458 ortu
862 4388 1046 4478 coepisset.
1076 4389 1152 4460 Hac
1178 4408 1296 4480 pugna
1324 4386 1435 4473 edita,
1455 4381 1631 4456 exercitus
1649 4399 1703 4486 re·

150 4505 234 4596 gius
261 4504 305 4576 ad
333 4503 473 4595 propria
501 4507 556 4576 est
582 4525 756 4578 reuersus.
785 4507 934 4598 Corpora
953 4507 1116 4580 exanima
1135 4507 1233 4580 Petri
1257 4505 1490 4579 Odrowansch
1507 4499 1658 4594 palatini
1674 4501 1705 4590 ὃ)

151 4624 320 4696 inclara
348 4624 484 4713 tumba,
513 4623 653 4697 Nicolai
681 4627 825 4698 Porawa
853 4633 888 4700 et
916 4627 1099 4700 Michaelis
1128 4625 1324 4698 Bucracnlri
1351 4624 1389 4695 in
1416 4621 1563 4714 Leopoli
1586 4621 1704 4712 aepul-

153 4749 254 4817 turae
282 4744 445 4816 mandata
472 4748 555 4815 sunt
582 4765 661 4817 oum
689 4747 789 4818 luctu
816 4747 963 4839 ingenti.
992 4747 1097 4820 Ultra
1125 4767 1182 4819 eos
1208 4765 1345 4837 quoque
1365 4743 1534 4816 Nicotaus
1553 4741 1704 4829 Klnsoh,

154 4865 329 4936 lohannes
357 4863 662 4955 Nyesuwoyouski
679 4866 720 4954 ⁷),
750 4866 925 4938 lohannes
958 4865 1202 4957 Bpeskowshi,
1232 4863 1433 4938 stanislaus
1461 4860 1704 4948 Dauidowshi,

263 5153 287 5232 ¹)
310 5153 426 5213 Vlaaini
451 5150 527 5216 Coc.
550 5151 660 5215 Przcz.
686 5155 821 5232 Wasliny
846 5151 921 5218 Cod.
945 5153 1013 5218 Isis.
1036 5157 1169 5216 Wasrlni
1191 5153 1255 5216 Ed.
1272 5151 1363 5237 Lips.
1393 5150 1415 5232 ²)
1433 5153 1627 5214 consistentes
1642 5149 1706 5213 Ed.

154 5253 245 5337 Lipe.
271 5253 297 5334 ³)
322 5257 428 5316 Petrus
452 5257 612 5318 Odrowasz
635 5254 698 5319 Eo.
723 5254 813 5340 Lipe.
837 5255 863 5336 4)
887 5263 939 5318 aut
953 5259 1056 5334 fugata
1075 5264 1128 5318 eat
1144 5255 1207 5318 Ed.
1224 5255 1315 5340 Lipa.
1341 5255 1366 5334 ⁶)
1389 5256 1627 5316 concidebantur.
1643 5253 1706 5318 Ed.

156 5355 245 5448 Lipe,
270 5356 296 5437 6)
321 5359 449 5419 Palatini
470 5360 675 5445 Leopolicnsis
698 5358 760 5429 Ed.
785 5358 875 5452 Lipe.
902 5357 925 5444 ²)
949 5362 1219 5442 Nyeswoiorowslri
1243 5357 1318 5428 Coo.
1342 5356 1451 5421 Proca.
