4090 6290
353 519 426 590 632
855 540 969 592 arnna
994 538 1239 595 nuonncnuus
1267 523 1380 611 (xm).
1612 520 1680 620 (Α.
1701 520 1748 595 Ι).
1768 517 1903 616 1475.)

351 723 533 815 agebatur,
562 742 583 794 a
611 721 712 794 Sixto
739 723 836 814 Papa
862 723 1025 813 missum,
1060 723 1214 797 solicitat
1244 725 1439 814 Gaesarem,
1471 729 1512 798 ut
1539 726 1608 798 sibi
1635 726 1752 820 Regni
1785 726 1907 798 Bohc-

351 841 440 915 miae
468 842 663 915 consentiat
692 843 827 914 tradere
854 842 1008 935 insignia
1033 844 1181 935 regalia,
1211 843 1357 916 offerens
1385 865 1423 916 se
1447 866 1525 918 enm
1545 847 1706 919 omnibus
1724 845 1906 938 potentiis

352 961 421 1034 sibi
453 967 572 1033 contra
604 962 829 1053 Burgundiae
862 964 1010 1050 Ducem,
1049 963 1208 1054 quamvis
1241 984 1356 1036 secum
1389 966 1685 1054 confoederatum,
1722 966 1860 1038 solatia
1880 967 1907 1052 ¹)

351 1082 504 1154 laturum
536 1084 571 1153 et
598 1079 733 1170 aliquot
760 1081 876 1154 decem
904 1082 1018 1154 millia
1045 1103 1227 1155 aureorum
1254 1084 1342 1154 dono
1369 1105 1389 1155 a
1417 1084 1557 1156 Summo
1589 1085 1763 1158 Pontifice
1791 1085 1907 1175 imps-

353 1204 537 1272 traturum.
576 1200 706 1274 Verum
738 1201 862 1274 Caesar
889 1201 1088 1274 Fridericus
1121 1203 1312 1274 versutiam
1339 1203 1500 1296 Huugari
1526 1205 1657 1278 dudum
1684 1211 1908 1297 compertam

352 1320 499 1409 habens,
527 1323 661 1394 tantam
689 1320 900 1393 oblationem
918 1321 1122 1412 repudians,
1152 1327 1186 1393 et
1212 1322 1416 1414 intelligens
1435 1325 1595 1417 Hungari
1613 1325 1907 1421 amplitudinem,

353 1440 385 1512 si
411 1440 627 1532 procederet,
655 1440 692 1512 iu
720 1461 822 1512 suum
853 1440 1047 1532 periculum
1079 1441 1365 1530 recordaturam,
1398 1445 1535 1516 nuntiis
1569 1445 1762 1517 Bohemiae
1791 1445 1908 1535 Regis

354 1559 542 1633 Wladislai
568 1560 701 1652 regalia
719 1560 849 1632 dudum
872 1560 1044 1650 promissa
1068 1560 1326 1653 flagitantibus,
1358 1562 1560 1654 respondet,
1589 1567 1650 1635 aut
1668 1565 1707 1635 in
1725 1565 1846 1655 Lipsln
1861 1562 1907 1652 ²),

353 1680 470 1752 autin
488 1680 625 1769 Berlin,
654 1679 686 1751 si
712 1679 789 1751 illic
811 1679 916 1752 biduo
940 1680 1071 1770 Reges,
1100 1680 1267 1752 Poloniao
1285 1681 1450 1754 videlicet
1477 1687 1512 1754 et
1539 1682 1791 1771 Bohemiacb,
1821 1703 1908 1755 con·

353 1799 472 1872 venire
499 1819 615 1872 secum
643 1799 770 1887 uelint,
799 1799 830 1870 si
858 1799 973 1870 minus
1001 1799 1039 1870 in
1066 1800 1254 1890 Freystath
1269 1800 1300 1899 ff)
1332 1799 1492 1888 civitate,
1520 1802 1638 1875 decem
1670 1808 1747 1876 octo
1768 1803 1909 1874 millia·

353 1919 451 1992 ribus
478 1940 499 1990 a
524 1920 637 2011 Praga
664 1919 832 2006 distante,
866 1919 903 1992 in
931 1939 993 1990 suc
1022 1938 1065 1990 ex
1094 1919 1215 1991 Rheno
1248 1919 1285 1990 in
1312 1919 1495 1992 Austriam
1526 1921 1712 2009 descensu,
1746 1943 1788 1994 se
1817 1922 1908 1994 insi·

353 2039 436 2131 guia
462 2039 641 2111 daturum:
670 2038 875 2130 pestiferum
895 2037 963 2110 sibi
982 2042 1018 2110 et
1036 2038 1187 2128 Imperio
1206 2043 1321 2126 ratur,
1351 2039 1517 2130 quicquid
1538 2041 1710 2114 bonitatis
1730 2043 1910 2133 Hungaro

354 2158 582 2250 impenderet.
602 2158 715 2230 Mittit
734 2162 769 2230 et
786 2159 965 2248 praefatus
984 2158 1136 2229 Mathias
1155 2158 1358 2249 Hungariae
1376 2159 1454 2230 Rex
1473 2159 1517 2231 ad
1535 2159 1753 2250 Stephanum
1773 2160 1909 2252 Woye-

355 2278 487 2350 nodam
513 2277 709 2349 lfoldaviae
736 2282 808 2350 tres
835 2277 1008 2350 notabiles
1035 2276 1178 2348 nuntios
1203 2297 1281 2348 cum
1304 2279 1521 2367 muneribus,
1550 2280 1806 2352 conciliaturus
1825 2302 1910 2352 eunr

355 2397 424 2470 sibi
456 2401 492 2469 et
519 2417 539 2468 a
565 2397 686 2488 Regno
714 2397 876 2490 Regeque
908 2397 1074 2469 Poloniao
1111 2417 1314 2486 aversurus,
1348 2397 1513 2471 videlicet
1543 2399 1767 2472 Dominicum
1796 2400 1908 2472 Prae·

353 2515 508 2608 positum
537 2517 743 2603 Albanam,
772 2515 967 2606 (bosporum
994 2515 1036 2588 do
1064 2515 1211 2588 Othwan
1229 2523 1264 2588 et
1282 2515 1487 2589 Michaelem
1510 2517 1551 2589 de
1570 2517 1696 2590 Pesth:
1725 2518 1908 2609 pollicens

354 2635 423 2709 sibi
450 2638 570 2708 contra
597 2635 747 2707 Turcum
765 2635 1011 2708 defensionem.
1041 2635 1083 2706 Id
1103 2635 1171 2707 etsi
1191 2635 1390 2729 Stephanus
1407 2634 1449 2724 5),
1476 2637 1670 2726 potentiam
1697 2637 1807 2709 runci
1825 2657 1907 2728 per-

353 2757 573 2840 horrescens,
601 2775 663 2846 pro
691 2775 814 2846 magno
843 2755 1071 2846 suscepisset:
1099 2755 1276 2845 percussis
1305 2759 1422 2828 tamen
1440 2775 1519 2826 cum
1537 2756 1765 2848 frangerer)
1797 2757 1909 2828 certis

356 2874 569 2962 foederibus,
602 2873 805 2946 nullatenus
838 2873 957 2946 induci
989 2874 1047 2947 vel
1079 2875 1192 2965 frangi
1223 2873 1355 2964 potuit,
1392 2878 1433 2945 ut
1466 2895 1502 2946 se
1534 2875 1703 2967 albegno
1732 2876 1908 2948 Poloniao

356 2993 544 3081 scinderet,
578 2995 639 3065 aut
671 3013 708 3066 se
734 2993 792 3064 illi
823 2993 958 3066 hostem
992 2993 1100 3084 (quod
1131 2992 1282 3064 maxime
1314 2993 1504 3084 Hungarus
1531 2995 1756 3083 moliebatur)
1786 2996 1906 3068 decla-

354 3116 460 3187 raret.
488 3111 655 3184 Poloniae
682 3116 798 3184 tamen
825 3113 903 3183 Rex
931 3111 1148 3200 Karimirus,
1177 3130 1304 3184 cavens
1332 3112 1401 3185 sibi
1428 3117 1463 3184 et
1490 3113 1611 3204 Regno
1640 3135 1703 3186 suo
1727 3115 1765 3185 in
1783 3118 1907 3205 postc-

355 3255 449 3319 rum‚
483 3235 519 3304 et
551 3231 720 3323 Stephani
756 3231 858 3304 fidem
890 3231 1020 3303 fluxam
1053 3231 1196 3318 timens,
1235 3230 1393 3303 strictius
1430 3232 1498 3304 sibi
1530 3232 1633 3304 illum
1665 3233 1906 3325 obligaturus

360 3351 578 3426 Stanislaum
607 3350 824 3442 Wentropka
854 3351 897 3423 de
925 3351 1099 3423 Strnelcze
1121 3349 1316 3440 palatinum
1340 3351 1562 3424 Belsnonsem
1590 3357 1625 3424 et
1650 3353 1831 3425 Andream
1863 3353 1910 3425 de

355 3467 649 3544 Borcischouicue
679 3469 922 3562 Praepositum
954 3469 1216 3542 Lanciciensem
1243 3475 1278 3541 et
1305 3469 1515 3542 Senonicum
1548 3471 1831 3560 cracoviensem,
1866 3472 1907 3543 in

359 3589 565 3664 Valachiam
595 3611 658 3682 pro
691 3590 780 3662 festo
811 3588 1022 3662 Nativitatis
1059 3589 1207 3662 Sanctae
1239 3589 1369 3662 Mariae
1385 3589 1415 3678 ⁷)
1452 3591 1679 3678 transmittit,
1718 3591 1779 3683 qui
1812 3612 1908 3662 nora

359 3710 585 3802 aStephano
613 3708 724 3796 feudi,
754 3707 982 3782 subiectionis
1010 3712 1044 3781 et
1072 3708 1289 3781 obedientiae
1321 3713 1513 3801 exegerunt
1540 3715 1768 3783 sacramenta.

331 4023 333 4026 Ι
358 4063 538 4138 Karinirus
559 4062 628 4136 dex
650 4064 692 4136 ud
714 4061 857 4135 ductam
886 4061 1096 4151 hungaricam
1119 4079 1215 4152 anper
1238 4061 1422 4132 differentia
1448 4063 1604 4132 unsrun
1625 4061 1764 4134 baedae
1786 4066 1826 4132 et
1848 4063 1905 4133 la·

451 4187 586 4258 ‚luchiae
608 4203 665 4275 par
687 4201 870 4257 comunes
891 4183 1069 4272 denorum
1092 4181 1295 4254 consiliarios
1316 4180 1509 4266 decidenda,
1539 4181 1661 4252 frustra
1682 4181 1799 4253 mittit.

461 4431 663 4505 Karimirus
691 4430 857 4503 Poloniao
884 4431 962 4503 Rex
990 4450 1052 4502 sex
1075 4429 1299 4502 hebdomadis
1327 4429 1420 4520 apud
1444 4426 1579 4500 Noram
1603 4427 1793 4500 Civitatem
1812 4427 1902 4500 Kor-

359 4553 436 4627 cuin
463 4551 614 4638 exactis,
643 4550 680 4622 in
707 4549 906 4622 cracoviam
929 4547 985 4622 die
1003 4553 1126 4621 octava
1152 4547 1307 4640 Augusti
1322 4545 1354 4636 8)
1381 4547 1495 4635 venit,
1524 4551 1560 4618 et
1578 4546 1800 4618 consiliarios
1820 4567 1902 4618 suos

359 4676 396 4747 in
424 4673 574 4745 diaetam
606 4668 893 4761 Hungaricalem‚
926 4689 988 4760 pro
1020 4669 1109 4740 festo
1142 4666 1352 4740 Natiuitatis
1385 4667 1532 4739 Sanctae
1565 4666 1712 4755 Mariae,
1745 4666 1784 4737 in
1815 4666 1902 4738 locis

358 4792 535 4868 consuetis
550 4791 593 4881 ⁹),
622 4789 787 4862 videlicet
815 4788 1040 4862 Sramowicce
1067 4791 1101 4860 et
1127 4787 1229 4860 Nora
1255 4785 1360 4875 nilla,
1388 4807 1493 4877 super
1510 4785 1709 4859 differentia
1727 4790 1899 4859 terrarum

467 5098 492 5179 ¹)
514 5097 626 5160 auxilia
646 5093 710 5162 Ed.
733 5091 823 5178 Lips.
856 5093 882 5174 2)
905 5095 1046 5172 Leipecig
1070 5087 1146 5158 Coc.
1166 5089 1276 5156 Przca.
1308 5091 1332 5170 ³)
1355 5091 1497 5153 Poloniao
1525 5091 1666 5154 videlicet
1687 5093 1849 5154 casimirus
1873 5099 1902 5154 ct

358 5202 518 5267 Bohemiae
540 5201 722 5262 Wladislaus
744 5196 808 5260 Ed.
832 5195 920 5281 Lipa.
945 5194 973 5280 ⁴)
990 5195 1166 5258 Freumstad
1187 5193 1262 5258 oca.
1278 5192 1387 5256 Proca.
1406 5191 1433 5277 Β)
1450 5194 1618 5271 Stephanus
1640 5196 1797 5257 Vciencds
1816 5198 1899 5257 Vala-

360 5309 445 5368 chiae
466 5302 530 5366 Ea.
553 5301 643 5386 Mpc.
669 5300 695 5381 ⁶)
719 5319 783 5362 cum
805 5301 917 5361 Mathia
939 5301 1109 5376 Hnngarn'ae
1131 5299 1212 5374 Rege
1235 5295 1298 5359 Ed.
1322 5295 1412 5380 Lipa.
1442 5297 1467 5377 7)
1490 5298 1616 5359 Sanctae
1637 5299 1752 5360 Mariae
1774 5300 1901 5376 Virginis

361 5407 425 5472 Ed.
448 5405 538 5491 Isipa.
563 5405 589 5486 ⁸)
611 5407 720 5467 mensis
741 5405 869 5482 Augusti
890 5400 954 5464 Ed.
978 5399 1068 5486 Lipc.
1094 5401 1121 5480 ⁹)
1144 5403 1176 5460 in
1198 5402 1271 5462 locis
1293 5402 1441 5462 consuetis
1462 5402 1620 5462 tenendam
1642 5397 1707 5462 Ed.
1731 5398 1822 5484 Lipe.
