4046 6278
385 524 464 604 aas
896 542 1013 598 arens
1037 539 1283 596 nuonnonrus
1310 521 1424 612 (xm).
1655 514 1725 616 (Α.
1744 514 1790 593 Β,
1805 513 1937 618 lm.)

385 843 569 917 [ιιιιιιιιι
591 843 661 915 llox
684 842 839 915 sartioni
862 841 1092 914 lruthororrn
1114 858 1194 912 rrae
1217 791 1322 931 partis
1344 841 1511 931 logatione
1533 842 1725 925 oouotur,
1747 856 1814 930 pur
1828 841 1938 910 austu

458 968 494 1038 ιι
515 963 633 1054 oppida
656 980 735 1036 rure
756 963 833 1036 tdai
855 963 1014 1036 oomnitti
1036 962 1262 1053 postulabant,
1286 979 1402 1034 uorsus
1423 961 1625 1050 hohenburg
1646 960 1873 1050 prenarratur.

494 1211 638 1286 Duobus
664 1231 771 1304 prope
798 1209 976 1284 mensibus
1004 1209 1184 1296 Kaaimiro
1211 1209 1380 1283 Polouiae
1411 1209 1507 1302 Rege
1535 1210 1627 1300 apud
1654 1209 1851 1302 Brzoseape
1879 1207 1939 1281 irn-

392 1339 564 1421 moraute‚
594 1329 770 1410 Stiborius
798 1331 840 1404 de
867 1332 1006 1423 Bapsen
1032 1331 1244 1424 gubernator
1270 1329 1452 1418 Prussiae‚
1482 1329 1625 1404 Gabriel
1651 1330 1693 1403 do
1721 1331 1866 1423 Bapsen
1883 1351 1941 1422 pa·

392 1453 526 1527 latinus
553 1451 786 1540 Gholmensis,
815 1472 893 1524 oum
911 1451 1074 1543 pluribus
1093 1451 1308 1524 militaribus
1327 1454 1363 1524 et
1382 1450 1569 1523 civitatum
1596 1449 1854 1538 Theramenem,
1886 1450 1942 1522 El-

391 1572 572 1666 bingensie
599 1570 858 1646 rhedonensis
885 1570 1020 1644 nuntiis
1048 1571 1256 1658 adveniunt,
1285 1575 1320 1642 et
1347 1571 1390 1644 de
1416 1569 1579 1662 pluribus
1606 1571 1681 1644 suis
1704 1569 1942 1662 oppressioni-

393 1695 475 1782 bus,
502 1690 766 1785 gravaminibus
793 1696 828 1764 et
854 1695 1011 1764 anaema
1038 1695 1192 1783 egestate
1220 1690 1353 1782 questi,
1382 1697 1498 1764 orant:
1528 1695 1568 1762 ut
1587 1691 1665 1765 Rex
1684 1691 1837 1764 oelorius
1867 1711 1944 1764 oum

394 1813 599 1898 fertitudine
626 1811 804 1903 sepiarum
832 1831 974 1884 suarum
1001 1810 1181 1900 adveniat,
1210 1811 1372 1904 belloque
1400 1811 1585 1884 admodum
1603 1810 1788 1900 diuturno,
1818 1833 1893 1904 quo
1911 1832 1945 1884 se

395 1939 430 2008 et
457 1932 573 2008 emnia
604 1953 668 2005 sua
699 1936 760 2004 aut
791 1931 941 2021 deletos,
975 1936 1036 2005 aut
1067 1931 1266 2006 exinanitos
1299 1936 1334 2004 et
1360 1932 1406 2004 ad
1433 1931 1601 2024 exiguum
1632 1951 1834 2020 numerum,
1871 1932 1944 2005 exi·

394 2073 568 2148 guamqm
594 2051 828 2129 substantiam
854 2053 1029 2140 redaetos,
1058 2053 1277 2140 astruebant,
1307 2053 1516 2144 quandoque
1542 2054 1646 2125 finem
1673 2052 1846 2145 imponat.
1878 2053 1944 2124 ru-

395 2180 515 2248 turum
542 2173 635 2248 enim
662 2174 735 2246 iore
753 2173 792 2262 ¹),
821 2177 861 2244 at
889 2172 919 2245 si
947 2171 1048 2246 iuxta
1075 2171 1275 2246 eondiotum
1303 2193 1381 2246 oum
1409 2172 1520 2265 oopiis
1547 2172 1743 2260 advenerit,
1774 2178 1813 2246 et
1837 2172 1946 2266 Magi·

397 2301 509 2371 snum
541 2314 619 2368 anm
651 2291 907 2385 Kinsbergensi
939 2291 1066 2384 oppido
1098 2292 1278 2366 obsidione
1311 2293 1515 2380 vallaverit,
1551 2297 1586 2364 et
1613 2292 1749 2384 aliquot
1783 2292 1948 2366 uisitator

397 2413 545 2490 hostiles
573 2412 675 2486 iuxta
701 2417 842 2505 paetum
870 2418 1002 2488 seereto
1029 2435 1108 2486 oum
1134 2414 1365 2507 gubernatore
1392 2413 1519 2500 iatum,
1548 2413 1585 2486 in
1614 2434 1712 2486 suam
1736 2418 1949 2506 potestatam

397 2535 554 2611 deditum
581 2538 617 2606 et
642 2553 763 2625 paoem
790 2533 913 2626 aequis
940 2532 1200 2606 conditionibus
1218 2539 1443 2608 eonseentnm
1463 2533 1520 2608 iri.
1549 2532 1703 2606 Orahant
1722 2533 1871 2621 deinde,
1900 2534 1947 2607 in-

395 2654 606 2750 geminando
639 2653 836 2746 superiores
863 2673 999 2746 preoes:
1027 2659 1068 2726 ut
1091 2658 1126 2726 et
1149 2659 1302 2726 oestrum
1330 2654 1652 2746 hohenburgense,
1681 2658 1717 2726 et
1735 2658 1881 2727 oaetors
1898 2675 1949 2727 ra

400 2781 473 2850 stra
500 2779 606 2866 atque
638 2773 801 2848 divitates
833 2772 978 2846 ditionis
994 2769 1026 2862 ²)
1063 2793 1146 2846 suae
1179 2771 1216 2844 in
1243 2772 1449 2846 Pomerania
1481 2777 1516 2846 et
1543 2773 1705 2862 Prussia,
1739 2795 1866 2847 eorum
1894 2795 1949 2866 po·

399 2895 522 2971 testati
547 2893 746 2986 permittat:
775 2914 899 2986 parum
926 2893 1019 2966 enirn
1052 2893 1236 2967 eonvenire
1264 2913 1348 2966 suae
1374 2893 1456 2966 fidei
1484 2897 1590 2985 atque
1617 2894 1757 2983 honori,
1795 2899 1837 2968 ut
1866 2895 1950 2986 ipsis

263 3023 267 3028 '
400 3014 586 3110 neglectis,
613 3013 781 3107 praefanti
809 3013 922 3088 exteri
949 3012 986 3086 in
1004 3013 1143 3088 artibus
1161 3011 1268 3106 regiis
1287 3013 1526 3105 praesideant,
1556 3019 1591 3086 et
1609 3014 1766 3107 seguiter
1785 3014 1875 3086 illas
1894 3016 1949 3087 ad-

400 3135 648 3225 ministrando,
676 3155 789 3227 neque
815 3134 909 3228 agris
938 3133 1109 3223 serendis,
1138 3153 1249 3226 neque
1277 3133 1438 3208 hostibus
1465 3133 1656 3226 pellendis,
1685 3135 1771 3208 dent
1800 3155 1951 3226 operam,

401 3257 618 3350 superbeque
642 3255 713 3329 sibi
741 3259 777 3329 et
803 3255 961 3348 indigne,
996 3255 1057 3346 qui
1083 3254 1345 3328 intrinseoiores
1373 3259 1407 3327 ot
1434 3255 1546 3348 magis
1574 3254 1636 3328 lidi
1662 3255 1754 3346 Regi
1788 3275 1870 3327 esso
1898 3255 1951 3328 do·

401 3376 566 3466 buerant,
594 3375 811 3468 imperitent,
840 3375 1050 3468 assidueque
1077 3377 1199 3450 fissum
1227 3375 1350 3468 Regis,
1378 3379 1540 3478 paratum
1568 3395 1626 3448 aes
1654 3375 1875 3467 expetendo,
1904 3375 1951 3447 ni-

401 3498 456 3572 hil
482 3496 553 3590 ipsi
579 3495 808 3588 providendo,
837 3495 972 3570 rodant.
1001 3494 1122 3568 Mirari
1150 3516 1202 3584 se,
1230 3495 1359 3568 hahere
1381 3495 1512 3586 Regem
1531 3499 1604 3568 tam
1623 3494 1884 3568 inexhaustum
1902 3517 1951 3569 ae·

401 3618 549 3706 rarinrn,
578 3616 670 3708 quod
697 3619 816 3690 tantae
843 3615 1030 3708 rapacitati
1057 3616 1226 3690 sufficiat:
1256 3616 1457 3704 oonrenire,
1486 3620 1526 3687 ut
1553 3620 1633 3707 post
1655 3620 1730 3688 tam
1748 3615 1953 3688 diuturnam

403 3758 552 3826 moram,
584 3741 620 3809 et
647 3735 858 3810 miserabilis
890 3735 1046 3828 ipsorum
1077 3741 1209 3824 status,
1244 3741 1279 3808 et
1311 3735 1368 3810 sui
1399 3735 1540 3825 aerarii,
1575 3735 1784 3808 nullatenus
1819 3736 1860 3808 in
1887 3745 1953 3808 tam

404 3857 550 3932 offusam
577 3855 798 3949 largitionem
826 3855 1023 3946 suffeoturi,
1054 3857 1130 3930 Rex
1157 3855 1328 3929 rationem
1355 3856 1497 3943 habeat3
1527 3876 1564 3928 se
1583 3854 1737 3943 diutius,
1759 3856 1859 3947 qnod
1878 3857 1952 3930 hao-

408 3984 512 4052 tenus
535 3977 791 4064 toleraverunt,
820 3977 1031 4050 toleraturos
1059 3997 1128 4049 non
1155 3997 1246 4065 esse,
1275 3977 1335 4050 sed
1360 3975 1428 4050 sibi
1446 3981 1650 4068 utrumque,
1678 3975 1710 4048 si
1729 3982 1953 4068 aspernatum

404 4098 450 4172 iri
476 4117 596 4192 preoos
624 4117 707 4178 euos
739 4095 909 4186 viderint,
942 4097 1157 4188 provisuros.
1191 4096 1235 4187 ln
1266 4097 1356 4170 hano
1388 4099 1504 4170 autem
1536 4115 1696 4188 asperam
1729 4097 1952 4189 legationen,

404 4217 511 4294 etiarn
537 4220 659 4310 gestus
686 4221 721 4290 et
748 4235 817 4289 ron
844 4215 1043 4310 aliquanto,
1071 4237 1176 4309 qnam
1203 4216 1296 4308 apud
1324 4221 1548 4308 eonspeotum
1575 4216 1684 4309 Regis
1708 4217 1952 4304 conueniebat,

405 4336 545 4426 tetrior,
565 4337 678 4429 ipsam
697 4357 926 4429 exasperans,
946 4358 966 4410 a
986 4336 1138 4411 Stiborie
1158 4337 1201 4411 de
1219 4338 1359 4429 Bapsen
1377 4332 1624 4429 gubernatore,
1649 4336 1844 4429 legationis
1863 4337 1951 4430 prir-

405 4458 499 4551 oips,
528 4461 562 4531 et
581 4455 742 4542 Gabriele
758 4477 922 4549 germano
942 4478 1020 4547 suo,
1045 4457 1202 4549 palatino
1221 4457 1436 4546 Chelmenei,
1462 4457 1640 4530 edebatur.
1670 4455 1880 4530 Kaaimirus
1898 4477 1950 4529 au-

406 4578 581 4653 teneor
597 4575 640 4666 ³),
669 4577 737 4651 etsi
764 4597 842 4651 oum
869 4577 1030 4651 omnibus
1058 4577 1270 4651 consiliariis
1297 4577 1439 4670 indigne
1466 4577 1614 4665 ferebat,
1643 4597 1768 4669 aspera
1799 4597 1836 4650 se
1865 4578 1949 4671 lega-

408 4698 503 4773 tione
530 4697 641 4775 altera
668 4696 744 4771 rioe
770 4696 839 4772 ianr
862 4697 936 4790 peti
955 4697 1088 4788 abhis,
1118 4697 1155 4770 in
1183 4719 1330 4792 quornm
1356 4697 1616 4785 liberationem,
1645 4696 1951 4788 amplificationem

409 4822 444 4894 et
466 4819 661 4907 defensam,
690 4817 881 4910 plurimum
910 4818 1092 4912 sanguinis
1112 4823 1147 4892 ιι
1165 4817 1292 4892 aerarii
1311 4817 1495 4906 effuderat,
1525 4818 1581 4891 ius
1604 4817 1836 4890 suooensondi
1854 4823 1952 4908 ιιιιι

408 4936 572 5033 iurgandi
598 4937 636 5011 in
663 4937 761 5011 aliud
787 4941 926 5030 tempus
958 4938 1076 5031 aptius
1108 4938 1287 5027 differens,
1320 4937 1534 5011 militaribus
1562 4942 1598 5011 et
1625 4936 1764 5011 nivibus
1793 4937 1950 5010 Prussiae

408 5059 558 5153 henigne
585 5079 647 5151 pro
674 5061 830 5150 tempore
856 5058 1059 5151 respondet,
1089 5059 1228 5150 aliaque
1246 5059 1377 5146 animo,
1407 5058 1478 5131 alia
1496 5079 1555 5131 ore
1573 5058 1737 5146 volvens,
1768 5057 1893 5132 edioit:
1918 5077 1950 5129 aa

408 5180 447 5254 in
474 5177 713 5272 Marienburg,
743 5199 847 5270 quam
874 5179 1025 5271 primum
1052 5179 1172 5272 sepiae
1199 5178 1441 5268 convenerint,
1475 5177 1685 5271 tempestive
1712 5178 1950 5255 adventurum,

523 5439 546 5520 ¹)
569 5457 636 5502 esse
659 5434 722 5501 Ed.
745 5435 839 5523 Dipo.
864 5435 890 5518 ²)
913 5437 1017 5500 ditioni
1039 5433 1102 5500 Ed.
1126 5433 1219 5520 Lipa.
1244 5433 1268 5516 ⁸)
1290 5435 1432 5498 Poloniaa
1453 5435 1517 5497 Rex
1539 5431 1601 5498 Ed.
1626 5431 1717 5519 [ιρι.
