4090 6290
106 579 176 679 (Α.
196 581 241 656 D.
261 579 389 680 1475.)
617 606 731 659 clena
757 607 1006 665 nuonnonrus
1033 595 1148 683 (nur).
1469 685 1474 696 ι
1582 593 1656 666 621

105 791 263 878 Grodno,
292 790 416 864 deinde
444 793 536 884 apud
554 794 718 887 Beretby,
748 797 959 884 subsistens,
989 796 1134 890 illioque
1153 799 1399 872 venationibus
1418 820 1565 888 uacans,
1592 821 1655 892 pro

103 911 290 984 Dominiea
317 911 456 1000 Indica,
487 934 575 1004 quae
602 914 670 986 fuit
697 915 900 990 duodecima
928 917 1047 989 Martii
1066 918 1106 1008 ¹),
1134 917 1276 991 Vilnam
1303 919 1482 1010 peruenit,
1512 919 1657 1012 illicque

104 1033 264 1104 Paschae
291 1036 326 1104 et
354 1032 428 1106 dies
457 1035 727 1126 subsequentes,
756 1036 899 1128 publica
926 1038 1065 1131 negotia
1083 1037 1295 1113 Lithuaniae
1323 1041 1480 1113 Ducatus
1505 1041 1657 1114 curando

104 1151 405 1244 allegationibus
434 1155 638 1247 Principum
665 1155 922 1248 respondendo,
951 1159 1155 1232 celebravit.

103 1508 292 1598 Stephanus
304 1508 499 1598 woiewoda
511 1509 685 1582 laicaliae
700 1511 868 1583 luraorum
882 1513 1049 1602 ingentem
1067 1514 1246 1607 exereitum
1260 1515 1458 1604 prosternit,
1474 1515 1653 1586 manubias·

106 1647 173 1718 quo
196 1649 237 1703 ox
259 1631 367 1703 lunia
390 1631 514 1703 relatas
536 1631 685 1704 latoniae
707 1633 786 1721 degi
802 1636 838 1704 et
853 1633 978 1704 summo
1000 1633 1147 1706 lontiiei
1169 1634 1290 1720 mittit,
1313 1637 1432 1724 potem
1447 1635 1571 1707 auxilia
1586 1653 1658 1706 con·

105 1752 164 1822 tra
184 1751 312 1822 torte·
335 1751 459 1822 cladem
481 1768 610 1822 suorum
632 1753 791 1841 aerugine
814 1755 998 1842 parantem
1022 1771 1117 1844 quam
1140 1755 1309 1826 dctodam
1331 1755 1372 1827 do
1395 1756 1504 1830 iureis
1519 1756 1659 1828 'attiae

385 1871 565 1961 baugariae
586 1872 656 1944 ltex
678 1875 970 1963 numerositate
993 1875 1054 1946 oili
1077 1875 1238 1947 asenberc
1260 1877 1388 1948 sittim

215 2116 279 2190 Die
306 2117 445 2206 Martis,
474 2117 607 2192 decima
634 2119 783 2210 septima
810 2121 968 2194 Ianuarii
983 2120 1027 2211 ²),
1061 2122 1261 2215 Stephanus
1290 2121 1499 2214 Woyewoda
1526 2123 1658 2195 blelda-

106 2237 190 2310 riae
218 2237 410 2312 exercitum
437 2238 641 2311 Mabumstb
668 2241 858 2313 Turdorum
887 2242 1060 2330 Caesaris,
1090 2247 1229 2316 centum
1254 2247 1289 2316 et
1312 2242 1441 2336 viginti
1460 2243 1576 2316 millia
1593 2264 1657 2335 pu·

106 2363 295 2450 gnatorum
322 2359 524 2448 habentem,
553 2359 608 2432 eni
638 2364 673 2433 et
700 2361 886 2434 Besserabi
901 2359 944 2451 3),
975 2383 1123 2455 quorum
1149 2361 1326 2456 regionem
1354 2363 1506 2455 primum
1525 2363 1657 2456 ingres·

110 2500 174 2550 sue
202 2479 300 2551 illam
329 2477 397 2550 sibi
425 2477 636 2568 subiecerat,
667 2481 824 2554 ferebant
851 2482 978 2554 solatia
993 2483 1036 2572 ⁴),
1066 2481 1272 2555 Valaohiam
1295 2485 1539 2576 populantem,
1569 2483 1661 2556 circa

110 2599 278 2691 paludem
306 2598 519 2690 Rakowyecc
539 2603 573 2672 et
591 2600 738 2672 fiuvium
757 2602 904 2690 Berlad,
932 2603 1073 2695 proprio
1092 2603 1220 2691 Marte,
1249 2603 1404 2696 quinque
1423 2607 1560 2676 tantum
1582 2603 1661 2676 mil·

35 2769 41 2778 -
107 2719 206 2792 libus
234 2717 448 2806 Siculorum,
478 2739 625 2809 quorum
653 2724 780 2793 terram
808 2721 851 2794 ab
878 2722 1081 2816 Hungariae
1108 2723 1230 2816 Regno
1258 2723 1471 2796 abstractam
1497 2723 1535 2796 in
1559 2744 1659 2796 snam

110 2839 281 2912 ditionem
309 2837 505 2931 redegerat,
534 2860 661 2932 magna
689 2841 802 2928 clade,
836 2843 992 2914 sednon
1020 2843 1204 2916 incruenta
1236 2863 1380 2915 suorum
1411 2841 1576 2929 victoria,
1606 2844 1659 2914 iu-

109 2959 176 3031 dit.
205 2957 310 3030 Acies
338 2957 430 3031 enim
463 2979 581 3032 omnes
614 2981 698 3032 suae
729 2960 878 3051 primae,
910 2961 949 3033 in
977 2961 1106 3053 quibus
1134 2968 1169 3036 et
1197 2962 1310 3036 Siculi
1342 2962 1520 3035 intrante
1548 2963 1659 3051 erant,

110 3100 132 3150 a
160 3079 282 3150 Turcis
311 3077 475 3167 obtritae,
504 3078 699 3169 periculum
727 3079 852 3173 ingens
880 3083 1049 3170 fecerant,
1079 3082 1187 3155 donec
1210 3082 1286 3174 ipse
1304 3103 1446 3175 corpore
1465 3081 1605 3175 proprio
1623 3081 1661 3154 in

110 3200 301 3272 Turcorum
330 3197 421 3270 acies
449 3197 492 3271 de
519 3197 668 3272 victoria
695 3201 914 3291 exultantes,
943 3201 1079 3275 medius
1108 3223 1145 3275 ee
1173 3201 1310 3290 iniecit,
1340 3207 1375 3276 et
1403 3223 1520 3276 omnes
1548 3205 1659 3276 cater-

110 3340 175 3391 vas
203 3319 407 3406 lurcorum,
440 3318 595 3392 mirabili
627 3319 693 3393 Dei
725 3323 899 3412 potentia,
930 3322 993 3395 vix
1020 3323 1252 3416 quadraginta
1283 3322 1398 3395 millia
1425 3325 1660 3416 pugnatorum

109 3439 261 3526 babens,
291 3437 328 3510 in
357 3437 485 3530 quibus
512 3439 623 3512 maior
648 3461 730 3532 pars
750 3445 824 3514 erat
842 3442 1050 3534 agrestium,
1079 3443 1283 3534 prostravit.
1313 3443 1388 3517 Nec
1405 3443 1443 3516 in
1462 3443 1661 3534 superbiam

110 3557 268 3649 aliquam
295 3578 339 3630 ex
366 3557 432 3630 hac
459 3557 607 3632 victoria
634 3561 765 3648 elatus,
794 3560 918 3634 diebus
947 3567 1099 3653 quatuor
1124 3563 1301 3636 continuis
1325 3563 1497 3636 ieiunium
1516 3562 1554 3635 in
1572 3583 1661 3654 pane
1693 3605 1696 3612 ,

110 3685 148 3751 et
174 3699 265 3768 aqua
292 3676 381 3769 egit3
409 3699 471 3769 per
498 3678 698 3753 universam
726 3701 863 3772 quoque
890 3685 1019 3754 terram
1048 3703 1146 3755 suam
1173 3684 1327 3756 bannum
1355 3683 1484 3772 edixit,
1513 3681 1661 3774 nequis

109 3798 256 3870 auderet
283 3797 368 3885 sibi,
398 3798 459 3870 sed
486 3798 554 3870 soli
580 3800 668 3887 Deo,
703 3800 802 3872 illam
835 3801 1018 3874 victoriam
1051 3803 1289 3894 appropriare:
1324 3823 1402 3876 cum
1430 3803 1560 3876 iudicio
1588 3823 1659 3875 om·

107 3917 210 3990 nium
240 3916 310 3990 diei
333 3916 433 3989 illius
466 3917 614 3991 uictoria
646 3940 689 3992 ex
721 3941 790 3992 uuo
824 3941 864 3993 eo
892 3921 1008 4010 stetit,
1042 3921 1187 4017 ipseque
1218 3923 1389 4016 triumphi
1417 3923 1493 3996 eius
1520 3922 1660 3995 laudem

107 4040 184 4111 fere
212 4039 308 4110 solus
337 4043 372 4110 et
398 4059 490 4110 unus
522 4039 618 4111 tulit.
653 4039 773 4112 Omnis
806 4040 982 4113 exercitus
1015 4063 1100 4114 snus
1128 4063 1171 4116 ex
1199 4044 1327 4134 praeda
1359 4043 1549 4116 Turdorum
1576 4062 1660 4114 auro

110 4164 151 4231 et
179 4163 338 4250 argento,
376 4157 542 4249 purpuris
575 4163 610 4232 et
637 4160 753 4250 equis,
791 4165 996 4252 caeteraque
1028 4161 1140 4235 nobili
1176 4163 1407 4255 supellectili,
1444 4162 1580 4235 ditatus
1608 4164 1663 4234 est

108 4279 353 4365 vehementer,
384 4283 419 4350 et
437 4299 534 4350 arces
561 4279 808 4369 Bessarabiae,
842 4301 931 4372 quae
959 4281 1003 4354 ab
1031 4303 1070 4355 eo
1098 4283 1142 4354 ad
1169 4283 1320 4356 Purcum
1347 4282 1559 4370 defecerant,
1589 4302 1660 4354 om·

107 4419 177 4470 nee
204 4397 260 4470 illi
287 4398 454 4471 redditae.
488 4399 639 4472 Plurimi
665 4405 821 4492 agrestes
849 4421 893 4474 ex
920 4401 1078 4493 peditum
1109 4423 1253 4476 numero
1281 4402 1317 4474 in
1347 4403 1505 4495 equitum
1533 4407 1569 4474 et
1595 4401 1659 4474 mi·

107 4519 219 4590 litum
246 4539 428 4590 numerum
444 4517 475 4607 ⁵)
503 4519 678 4592 translati.
708 4507 938 4594 Paucissimis
968 4542 1013 4594 ex
1040 4523 1162 4596 Purcie
1191 4525 1287 4594 salus
1305 4543 1368 4614 per
1388 4524 1505 4616 lugam
1522 4525 1661 4614 poterat

110 4638 251 4730 quaeri:
280 4658 361 4710 nam
389 4639 456 4710 etsi
484 4638 545 4730 qui
572 4639 736 4731 fugiendo
759 4641 803 4713 ad
821 4641 1022 4715 Danubium
1041 4663 1153 4734 usque
1171 4642 1429 4734 peruenissent,
1458 4641 1535 4716 illic
1553 4663 1574 4715 a
1591 4642 1660 4714 Va·

108 4758 227 4832 lachis
259 4758 469 4832 recentiores
502 4779 608 4851 equos
640 4760 867 4850 habentibus,
902 4763 972 4836 tere
1004 4783 1123 4836 omnes
1150 4767 1212 4836 aut
1241 4763 1422 4850 trucidati,
1461 4768 1523 4836 aut
1554 4762 1659 4834 undis

110 4882 211 4952 fuere
238 4877 410 4952 suffocati.
440 4879 630 4952 lurcorum
658 4901 782 4972 equoS,
812 4882 872 4955 sed
896 4887 931 4955 et
949 4882 1045 4974 ipsos
1064 4884 1209 4972 lurcos,
1238 4883 1367 4957 macies
1394 4886 1558 4973 torserat,
1588 4904 1659 4955 om·

110 5020 195 5072 nem
222 4998 313 5072 enim
340 4998 516 5092 regionem
543 4998 748 5089 Valaohiao,
777 5022 839 5093 per
857 5023 961 5095 quam
980 5003 1085 5077 'luroi
1102 5001 1189 5076 ituri
1208 5008 1322 5092 erant,
1351 5003 1453 5096 longe
1481 5006 1562 5076 ante
1582 5001 1660 5076 Ste-

81 5162 89 5174 ·
110 5119 253 5211 pharus
280 5117 489 5210 Woyewoda
515 5117 659 5192 dederat
686 5119 723 5192 in
750 5121 940 5194 flammam:
970 5145 1058 5216 quae
1076 5145 1132 5198 res
1150 5123 1296 5196 maximi
1315 5121 1384 5196 sibi
1403 5122 1471 5196 luit
1488 5123 1532 5195 ad
1551 5121 1660 5195 victo-

224 5392 248 5470 ¹)
270 5395 380 5455 mensis
401 5393 500 5454 Martii
523 5391 584 5454 Ed.
610 5391 703 5476 Lipo.
727 5393 751 5473 ²)
774 5397 884 5457 mensis
905 5395 1036 5457 moscii
1059 5392 1122 5458 Ed.
1145 5392 1235 5478 Lipa.
1260 5393 1284 5476 ⁸)
1306 5396 1466 5458 Bessarabi
1484 5391 1548 5458 Ed.
1565 5391 1660 5478 Lepi.

114 5495 145 5577 ⁴)
168 5497 279 5558 auxilia
299 5493 363 5558 Ed.
387 5492 479 5578 Lipa
504 5495 532 5576 ⁶)
554 5499 585 5557 in
608 5497 737 5574 equitum
761 5503 791 5560 et
810 5499 942 5576 peditum
964 5516 1117 5562 numerum
1137 5499 1262 5561 militum
1282 5496 1348 5562 Ed.
1370 5495 1463 5583 Lipa.
