4082 6284
390 537 465 610 284
896 554 1010 611 ursus
1036 554 1282 613 nuonnoruus
1311 537 1426 626 (rui).
1660 530 1730 632 (Α.
1748 531 1794 610 ὓ.
1815 530 1940 631 meur)

388 739 582 826 multifario
609 743 644 814 et
672 739 888 814 sententioso
915 759 1072 814 sermone
1100 739 1276 812 declarata
1294 741 1338 829 ¹):
1368 738 1429 831 qui
1457 738 1634 828 omnibus,
1664 739 1793 832 quibus
1822 738 1938 814 eruci-

388 861 452 934 feri
479 883 517 936 se
544 864 710 948 tuuutur,
739 858 1033 949 commemoratis,
1062 880 1181 932 eorum
1210 880 1328 933 ornnes
1347 860 1594 954 allegationes,
1623 881 1668 934 ox
1687 859 1889 934 canonibus
1908 865 1943 932 et

386 982 542 1074 legibus,
571 980 717 1074 iureque
744 979 880 1068 divino,
910 979 1065 1054 naturali
1084 984 1119 1052 et
1137 982 1289 1054 humano
1308 979 1519 1069 confutavit,
1541 985 1576 1053 et
1593 981 1723 1074 Regem
1743 984 1853 1072 atque
1871 981 1941 1055 Re-

388 1123 496 1193 gnum
523 1100 691 1174 Poloniae
710 1100 845 1172 iustum
862 1101 995 1174 bollum
1013 1099 1165 1174 movisse
1185 1104 1220 1173 et
1238 1121 1377 1174 movere
1396 1099 1598 1189 cruciferis,
1628 1099 1824 1174 clarissime
1845 1121 1941 1174 mou·

391 1219 535 1292 strauit:
566 1241 603 1292 se
632 1221 746 1294 virum
773 1219 1009 1314 grandaevum
1037 1223 1072 1294 et
1097 1219 1315 1312 pontificem,
1347 1224 1453 1314 atque
1480 1220 1568 1294 iuris
1595 1220 1709 1294 divini
1735 1225 1771 1294 et
1797 1221 1945 1294 humani

391 1341 615 1433 Magistrum,
645 1341 681 1413 in
710 1362 749 1414 eo
776 1341 843 1414 fide
871 1339 1091 1414 moriturum.
1120 1340 1285 1433 Magnum
1309 1340 1346 1413 in
1370 1340 1522 1434 singulis
1549 1340 1854 1414 Pruthouioalium
1874 1345 1943 1414 ter·

389 1483 508 1534 rarum
535 1461 736 1534 hominibus
765 1482 877 1534 sermo
905 1481 991 1536 suus
1010 1462 1162 1534 fructum
1181 1459 1311 1548 effecit,
1339 1460 1571 1553 pluribusque
1590 1461 1693 1534 fletus
1712 1462 1878 1550 resolvit,
1911 1467 1945 1534 at

391 1581 545 1654 omnium
577 1582 614 1654 in
641 1601 717 1654 eam
754 1602 865 1673 usque
898 1580 992 1654 diem
1018 1584 1159 1673 pectora
1185 1579 1393 1654 vacillantia
1420 1580 1597 1654 stabilivit
1624 1585 1660 1652 ot
1687 1581 1840 1654 sanavit.
1876 1582 1943 1654 De·

390 1701 522 1774 cisione
549 1701 669 1792 itaque
697 1701 883 1798 arbitraria
910 1721 954 1774 ex
981 1701 1183 1775 huiusmodi
1215 1723 1321 1774 eausa
1348 1702 1531 1794 abrogata,
1564 1701 1714 1792 amplior
1741 1701 1873 1774 decisio
1901 1701 1944 1772 ad

391 1821 669 1912 superarbitrum
697 1823 868 1912 partium,
897 1821 1084 1896 Albortnm
1110 1821 1279 1894 Austriao
1306 1823 1455 1910 Ducem,
1483 1821 1614 1896 reiecta
1632 1825 1702 1894 est:
1732 1821 1794 1913 qui
1813 1827 1850 1895 et
1868 1822 1940 1894 Ka

391 1941 505 2014 uimiri
532 1941 699 2014 Poloniae
727 1941 834 2034 Regis
862 1946 896 2015 et
922 1941 1094 2016 leuderici
1121 1941 1284 2034 Magistri
1303 1941 1439 2016 nuntiis
1458 1941 1674 2030 solicitatus,
1704 1962 1793 2014 onus
1823 1963 1942 2032 super·

391 2061 532 2149 arbitri,
562 2061 814 2136 Almannorum
842 2061 1046 2154 Principum
1066 2061 1243 2138 inescatus
1263 2061 1422 2136 consiliis
1442 2066 1477 2136 et
1494 2061 1696 2156 promissis,
1726 2066 1942 2154 susceperat.

422 2417 524 2490 tucos
546 2417 716 2508 Stupoorki
739 2420 870 2508 proptor
893 2418 1018 2490 scelera
1041 2420 1076 2490 et
1098 2417 1231 2508 rapinas
1254 2435 1274 2490 a
1296 2417 1454 2488 daemone
1477 2417 1574 2490 annis
1595 2417 1763 2492 dumeciu
1786 2419 1914 2504 tenu,

801 2538 835 2612 in
858 2539 930 2612 ritu
952 2541 1063 2612 tanen
1086 2538 1265 2612 restituere
1288 2537 1399 2609 atleta
1421 2537 1538 2610 uolut.

494 2785 861 2862 Praevaricatiouibus
889 2789 924 2858 ot
950 2783 1290 2878 transgressionibus
1313 2782 1457 2858 nefariis
1476 2787 1512 2858 et
1529 2783 1817 2876 detestabilibus,
1837 2789 1945 2865 armi·

392 2931 454 3004 gor
481 2913 517 2982 et
543 2907 644 2980 miles
672 2905 912 2980 cracoviensis
940 2904 1106 2994 diocesis,
1139 2906 1253 2978 Lucas
1281 2905 1323 2978 de
1351 2905 1517 2998 Slupoua,
1556 2904 1732 2998 terrigena
1759 2906 1945 2982 sandoni-

391 3029 534 3116 rieusis,
564 3032 718 3118 tempore
745 3026 911 3100 diuturno
938 3025 976 3098 iu
1004 3047 1104 3099 omne
1131 3025 1247 3100 scelus
1274 3024 1480 3115 vindemiae,
1514 3024 1754 3100 oonoussionis
1787 3029 1825 3100 et
1851 3027 1946 3100 iuiu-

392 3150 480 3238 riae,
510 3149 547 3220 in
575 3147 715 3220 colonos
743 3167 886 3220 suarum
913 3145 1097 3235 uillarum,
1136 3149 1172 3218 et
1198 3145 1236 3218 in
1263 3145 1413 3232 ricinos,
1441 3145 1511 3218 sibi
1538 3150 1574 3220 et
1601 3145 1675 3220 suis
1703 3145 1803 3220 villis
1832 3169 1946 3222 come·

393 3275 514 3343 taneos
530 3267 572 3357 ²),
601 3267 737 3340 nobiles
765 3270 801 3340 et
826 3267 1000 3359 plebeios,
1034 3266 1080 3339 ad
1106 3265 1340 3340 resistendum
1372 3265 1441 3340 sibi
1467 3266 1670 3360 languidos,
1703 3268 1947 3360 grassabatur.

394 3392 480 3464 Erat
507 3392 625 3460 autem
660 3387 770 3479 stirpe
806 3386 953 3478 nobilis,
991 3407 1035 3461 ex
1062 3385 1199 3460 familia
1214 3383 1245 3476 ³)
1272 3385 1488 3460 Rawitarum
1519 3407 1631 3480 genus
1662 3387 1809 3460 ducens:
1844 3389 1948 3462 cuius

392 3531 518 3603 parens
547 3509 658 3582 (iroth
684 3509 727 3581 de
754 3508 921 3599 stupore,
950 3507 1033 3580 dum
1061 3507 1104 3582 ob
1126 3508 1241 3581 scelus
1260 3506 1442 3580 homicidii
1460 3507 1626 3598 (militem
1645 3506 1738 3580 enim
1756 3507 1947 3602 insignem,

393 3632 585 3704 Iohannem
613 3627 811 3702 Ossoliuski
838 3628 1069 3702 castellanum
1096 3626 1359 3718 Vislieiensem,
1393 3627 1436 3700 de
1463 3628 1564 3705 domo
1592 3626 1822 3720 Bipennium,
1857 3630 1949 3704 bona

395 3755 430 3823 et
448 3749 572 3822 villam
600 3747 766 3822 eeclesiae
785 3751 820 3820 et
837 3747 1053 3840 praebendae
1081 3747 1376 3822 Saudomirieusis
1403 3746 1534 3822 dictam
1559 3749 1755 3842 Duyekoap
1769 3749 1815 3840 4),
1845 3751 1947 3826 euius

394 3892 515 3963 agrum
544 3867 613 3940 sibi
641 3867 753 3942 Groth
778 3867 972 3959 usurpabat
998 3866 1138 3942 nomine
1164 3871 1200 3941 et
1226 3867 1303 3940 vico
1330 3867 1397 3940 filii
1424 3867 1481 3940 sui
1508 3868 1694 3958 Iohannis,
1733 3873 1819 3944 tunc
1852 3871 1945 3946 eius·

394 3992 471 4063 dem
498 3987 712 4080 praebendae
744 3985 925 4076 Oanonioi,
963 3987 1221 4076 defendentem,
1249 3987 1287 4060 in
1314 3987 1420 4060 fundo
1448 3987 1557 4061 vittae
1582 3990 1779 4082 prekory
1807 3990 1945 4066 violeu-

394 4115 448 4184 ter
470 4115 505 4182 et
524 4107 679 4181 studiose
706 4107 859 4198 irruens,
887 4110 1100 4198 necaverat),
1129 4108 1171 4181 ob
1199 4107 1270 4181 alia
1296 4128 1435 4201 quoque
1462 4108 1616 4182 facinora
1647 4109 1685 4182 in
1713 4109 1879 4203 Regnum
1913 4117 1946 4185 et

287 4223 291 4232 ⁴
394 4229 544 4322 patriam
571 4227 772 4316 commissa,
805 4227 989 4318 bannitus,
1023 4232 1245 4320 oestrumque
1273 4250 1375 4302 suum
1402 4227 1537 4302 Kouari
1564 4251 1585 4302 a
1614 4229 1811 4304 Wladislao
1840 4233 1943 4306 Polo·

394 4350 473 4422 niae
500 4349 596 4441 Rege
624 4348 774 4422 secundo
802 4351 1060 4441 expugnatum,
1089 4352 1125 4424 et
1152 4349 1420 4442 inperpetuum
1448 4369 1532 4424 suae
1549 4349 1753 4443 iniquitatis
1772 4352 1943 4428 ultionem

395 4470 594 4560 disruptum
621 4469 725 4542 foret:
753 4469 846 4542 huno
872 4490 943 4544 non
970 4471 1085 4544 solum
1111 4470 1297 4560 bonorum,
1326 4469 1387 4544 sed
1406 4473 1441 4544 et
1460 4471 1631 4550 scelerum
1648 4470 1845 4565 reliquerat
1862 4475 1941 4548 trae

395 4589 600 4663 reditarium
638 4608 888 4679 successorem,
925 4589 963 4662 iu
990 4611 1058 4683 quo
1090 4591 1248 4682 parentis
1281 4590 1338 4662 sui
1365 4589 1572 4679 (irothonis,
1610 4591 1774 4683 quamuis
1801 4594 1941 4684 mortui,

396 4710 539 4782 vivebat
566 4713 681 4782 tamen
708 4707 883 4802 impietas.
913 4711 957 4784 Iu
983 4714 1170 4803 conspectu
1198 4710 1317 4802 itaque
1343 4710 1495 4802 primurn
1522 4710 1713 4786 Wladislai
1740 4713 1857 4804 tertii,
1886 4716 1940 4788 do

395 4829 477 4903 inde
503 4827 678 4901 Karimiri
701 4828 807 4902 etiam
829 4830 928 4904 tertii
959 4830 1029 4906 sibi
1047 4830 1282 4920 succedentis,
1311 4829 1480 4904 Polouiae
1497 4831 1651 4925 Regum,
1671 4836 1708 4906 et
1726 4853 1870 4908 suorum
1889 4855 1940 4908 sa-

396 4954 593 5042 traparum,
630 4952 773 5042 propter
809 4950 963 5024 actiones
998 4972 1080 5042 suas
1111 4951 1285 5024 violentas
1312 4951 1507 5026 hebebatur
1540 4951 1624 5044 ipse
1644 4953 1762 5028 Lucas
1789 4955 1939 5044 odiosus,

397 5070 472 5142 suis
500 5089 637 5160 quoque
665 5068 969 5161 concussionibus,
1003 5071 1041 5143 in
1068 5070 1217 5145 exitium
1244 5074 1281 5144 et
1306 5091 1425 5145 necem
1451 5091 1489 5145 se
1515 5073 1826 5165 protendentibus,
1856 5075 1937 5150 rosi·

506 5340 531 5427 ¹)
555 5343 704 5406 deaurata
726 5349 773 5406 est
793 5341 857 5410 Ed.
880 5341 973 5434 Lips.
998 5344 1024 5430 ἲ)
1047 5349 1177 5410 confines
1199 5342 1261 5409 Ed.
1284 5343 1375 5430 Irips.
1399 5343 1426 5426 ³)
1450 5347 1588 5410 dedomo
1604 5348 1763 5414 etfamilia
1777 5345 1839 5414 Ed.
1853 5346 1939 5432 Lipe.

400 5444 427 5530 ⁴)
448 5447 639 5528 Duwyekozy
663 5442 739 5514 dod.
765 5443 854 5514 Cale.
