4126 6280
409 529 481 602 184
911 551 1024 603 arnan
1049 551 1292 604 naonuonrus
1320 531 1433 622 (1111).
1667 529 1732 630 (Α.
1754 530 1797 604 D.
1819 529 1942 629 1454.)

406 741 616 810 armatorum
643 737 857 829 pedestrium
886 741 920 810 et
948 737 1104 829 equitnm
1124 739 1150 828 ¹)
1180 738 1240 810 vix
1269 739 1442 830 explebat.
1475 738 1675 812 Karimiras
1708 739 1783 812 Rex
1816 741 1858 813 de
1887 740 1943 811 ad-

406 864 512 932 16111
539 858 693 930 hostiam
721 864 834 932 cortus
851 857 881 948 ²)
911 859 968 950 (de
997 860 1123 951 qaibas
1149 881 1216 932 161
1237 860 1349 931 solam
1369 881 1388 931 a
1407 861 1574 951 propriis,
1604 861 1664 932 sed
1683 882 1703 932 a
1722 862 1900 935 Fridcrico
1915 860 1945 950 ³)

406 980 709 1072 Braudeburgeusi
736 980 951 1068 Marchioae,
981 981 1041 1072 qai
1061 981 1111 1053 eis
1131 986 1250 1053 contra
1276 981 1395 1052 foedus
1414 989 1554 1073 pactam
1574 987 1608 1054 61
1627 983 1835 1072 promissam
1856 983 1946 1075 Regi

406 1103 551 1190 factum,
582 1101 619 1173 11
647 1095 879 1174 Franklordia
911 1103 1098 1174 transitum
1131 1125 1193 1194 per·
1225 1102 1370 1174 flavium
1405 1102 1530 1176 Odram
1562 1105 1755 1195 praestitit,
1789 1110 1825 1176 et
1854 1105 1946 1195 quod

407 1225 520 1296 scelus
553 1223 688 1294 nuntiis
722 1223 765 1294 ad
797 1223 927 1316 Regem
959 1223 1164 1296 111116111
1197 1222 1315 1295 missis
1346 1225 1534 1316 purgabat,
1568 1225 1838 1314 beatificabatur)
1868 1245 1947 1297 cam

406 1343 526 1436 paucis
555 1343 772 1416 curiensibus
788 1343 819 1432 ⁴¹)
848 1343 922 1416 suis
951 1349 1084 1436 (omnes
1105 1345 1196 1416 enim
1215 1345 1390 1417 cartenses
1407 1345 1437 1434 ⁵)
1469 1366 1550 1417 suos
1578 1346 1621 1417 ad
1640 1345 1856 1418 obsidionem
1875 1346 1946 1416 hla-

406 1466 572 1558 rienburg
604 1465 733 1536 dadum
766 1465 1024 1555 transmiserat)
1057 1487 1100 1538 611
1133 1467 1274 1538 Theren
1307 1465 1501 1538 descendit:
1540 1467 1599 1538 abi
1632 1469 1773 1560 longam
1806 1472 1948 1558 tempus

408 1608 485 1659 cum
514 1587 676 1659 Bohemis
706 1586 878 1678 stipendio
908 1586 1105 1674 conductis,
1140 1587 1200 1679 qai
1228 1591 1425 1659 meruerant
1453 1594 1487 1659 et
1513 1589 1678 1679 pecunias
1710 1589 1855 1686 meritas
1890 1609 1948 1660 ex-

407 1709 611 1800 poscebant,
641 1708 678 1780 in
706 1707 914 1781 tractatibus
942 1714 977 1780 et
1005 1708 1283 1781 ordinationibus
1313 1709 1479 1781 faciendis
1503 1709 1755 1802 absumpserat.
1784 1710 1949 1782 Manebat

409 1835 443 1902 61
470 1835 553 1902 1116
580 1829 693 1902 1116116
722 1834 756 1902 61
783 1829 917 1901 1111116
949 1829 1122 1922 Sbigneus
1146 1829 1340 1902 Cardinalis
1360 1835 1394 1903 et
1414 1830 1596 1923 episcopus
1616 1832 1857 1904 cracoviensis
1877 1832 1949 1903 Ka-

409 1951 568 2023 aimiram
586 1951 733 2044 Regem,
762 1950 898 2024 166116
918 1950 1184 2041 1111616111161)
1213 1951 1468 2024 6161616116116
1492 1953 1664 2026 militibus
1682 1975 1835 2046 pugnarn
1856 1974 1950 2025 com·

409 2073 581 2160 mitteret,
610 2072 853 2163 curiensesqae
870 2073 911 2162 ⁷),
942 2073 1058 2144 solata
1076 2072 1376 2165 Marienburgensi
1401 2073 1594 2163 obsidione,
1616 2075 1800 2148 deduceret
1818 2075 1858 2146 in
1879 2095 1950 2146 cer·

408 2199 544 2267 tamea:
580 2195 736 2266 futuram
764 2193 855 2267 61111
884 2214 975 2282 6666,
1004 2198 1044 2264 11
1071 2193 1183 2267 victor
1210 2193 1401 2266 obsidionis
1428 2194 1653 2268 intervallum
1673 2200 1708 2269 61
1726 2195 1953 2287 dispendium

409 2317 510 2389 facile
539 2319 753 2406 compenset,
782 2315 898 2388 violas
926 2336 1005 2387 vero
1033 2315 1153 2387 habita
1172 2315 1311 2388 amittat
1330 2321 1364 2388 61
1383 2317 1518 2390 6611616
1537 2323 1680 2410 cogatur
1698 2318 1851 2390 obsessa.
1881 2316 1951 2388 Ve-

409 2459 486 2508 rum
514 2439 667 2526 fortune,
697 2435 815 2528 aliqua
842 2436 1041 2509 calamitate
1069 2437 1257 2510 subactura
1284 2439 1430 2531 Regem,
1465 2439 1658 2512 Oardiualis
1686 2439 1952 2512 adversabatur.

412 2563 446 2632 et
473 2558 640 2631 Iohannis
672 2558 713 2630 de
745 2555 1010 2651 Koayeeapolye
1042 2558 1156 2651 Regni
1188 2559 1353 2632 Poloniae
1389 2561 1605 2648 cancellarii,
1639 2561 1700 2652 qai
1736 2560 1954 2632 contrarium

410 2678 598 2752 fortissime
612 2677 643 2769 ⁸)
673 2679 855 2766 suadebat,
883 2679 1128 2752 blandiebatur
1155 2680 1324 2752 consiliis.
1353 2681 1466 2752 Malta
1492 2685 1669 2772 praeterea
1696 2681 1955 2753 nuntiabantur

410 2800 510 2894 signa
538 2801 674 2874 laturae
701 2801 738 2873 11
766 2801 897 2893 Regem
925 2801 1051 2890 cladis,
1081 2803 1162 2873 tam
1180 2823 1200 2873 a
1217 2801 1393 2894 religiosis
1417 2801 1503 2874 viris
1532 2807 1566 2875 61
1594 2802 1749 2890 leminis,
1783 2824 1887 2893 qaam
1911 2801 1954 2872 ab

410 2925 581 2994 astrorum
608 2921 748 3013 peritis:
783 2921 897 2994 omnia
924 2926 1040 2994 tamea
1067 2944 1128 3014 pro
1158 2922 1369 3012 formidinis,
1402 2923 1560 2995 levitatis
1593 2927 1627 2997 et
1658 2923 1818 3016 ignaviae
1853 2924 1954 2994 vela·

410 3043 537 3116 mentis
563 3043 699 3132 habita,
729 3065 797 3116 uon
825 3065 923 3117 secus
952 3066 1055 3136 qaam
1083 3045 1173 3116 falsa
1205 3045 1361 3132 oracula,
1395 3045 1588 3136 repudiata.
1621 3045 1805 3117 Praefatae
1838 3044 1955 3136 siqui-

411 3165 488 3238 dem
515 3165 688 3238 Iohanaes
717 3165 962 3254 cancellariae,
996 3171 1030 3238 et
1057 3171 1177 3238 contra
1204 3165 1398 3238 dardinalis
1427 3169 1461 3239 61
1488 3167 1676 3238 maltorum
1700 3167 1849 3238 aliorum
1868 3185 1955 3238 con-

412 3285 653 3376 sultatioaem,
691 3288 816 3359 author
848 3287 956 3360 faisse
990 3287 1099 3360 scitus
1132 3292 1185 3360 est
1216 3309 1285 3359 161
1317 3287 1513 3362 accersendi
1545 3309 1661 3362 eoram
1689 3287 1859 3375 militum,
1891 3287 1958 3378 qui

412 3407 634 3502 Marionburg
666 3409 886 3497 obsidebant,
920 3408 1062 3498 auxilii,
1096 3409 1179 3482 licet
1210 3409 1280 3501 ipsi
1313 3409 1437 3502 Rgidio
1466 3409 1697 3482 Suohodolski
1724 3409 1847 3496 misso,
1877 3429 1956 3480 rna-

410 3551 560 3622 gnopere
587 3551 655 3602 non
684 3551 720 3603 se
748 3531 876 3620 deseri,
906 3530 965 3604 sed
993 3531 1036 3602 ad
1064 3535 1237 3602 certamen
1265 3530 1423 3604 adhiberi
1442 3530 1677 3623 flagitassent:
1706 3535 1805 3603 tanta
1823 3530 1958 3602 fiducia

411 3655 446 3723 et
473 3651 592 3723 ardore
621 3651 779 3743 capiendi
807 3653 864 3725 vel
892 3652 1115 3744 expugnandi
1139 3651 1246 3724 castri
1269 3657 1408 3744 captus,
1441 3657 1481 3724 at
1507 3653 1654 3745 Regem,
1689 3652 1958 3742 exercitumque

413 3794 547 3846 omnem
574 3773 697 3866 grandi
716 3773 830 3863 clade,
859 3773 1082 3865 periculoque
1102 3774 1311 3862 involveret,
1340 3772 1636 3865 saluberrimaque
1655 3773 1851 3847 cardinalis
1870 3793 1956 3844 con-

414 3893 494 3966 silia
521 3916 631 3986 neque
658 3895 804 3987 Regem,
833 3917 944 3987 aeque
970 3895 1190 3968 consiliarios
1218 3895 1393 3986 suscipere
1418 3900 1452 3968 et
1476 3895 1602 3987 exequi
1628 3899 1818 3993 pateretur.
1847 3892 1957 3966 Faria

412 4015 535 4106 quinta
561 4015 684 4088 deinde
712 4021 792 4090 ante
820 4017 948 4089 festam
975 4016 1211 4088 Rraltationis
1240 4016 1388 4090 Sanctae
1416 4016 1549 4105 Orucis,
1579 4017 1615 4088 in
1635 4017 1907 4090 Onerelrwionam
1923 4014 1956 4104 9)

411 4137 524 4224 16111,
553 4137 797 4229 exercitusque
817 4137 958 4210 Maioris
978 4137 1143 4210 Poloniae
1161 4138 1321 4228 palantes
1340 4142 1375 4210 et
1393 4137 1579 4210 distractos
1597 4139 1790 4230 reperiens,
1820 4137 1956 4208 adana-

411 4259 480 4331 vit:
510 4258 570 4350 qai
598 4259 726 4332 veteris
754 4259 919 4332 militaris
947 4258 1171 4351 disciplinae,
1203 4259 1418 4332 obedieutiae
1447 4264 1481 4332 et
1503 4259 1719 4332 reverentiae
1739 4279 1820 4352 erga
1839 4259 1958 4350 Reges

412 4385 447 4452 61
474 4401 545 4453 rem
573 4379 764 4472 publicam,
795 4403 898 4472 qaam
925 4386 1043 4472 patres
1072 4401 1190 4453 eorum
1219 4380 1447 4470 exhibebant,
1481 4381 1598 4469 obliti,
1632 4402 1709 4454 curn
1738 4381 1775 4452 11
1802 4379 1957 4466 deliciis,

414 4501 673 4594 voluptatibus,
707 4502 1017 4576 comessationibus
1051 4501 1195 4574 6161116
1231 4501 1372 4591 1111111,
1406 4503 1656 4590 adolevissent,
1690 4501 1726 4574 in
1759 4500 1958 4574 contentio-

414 4644 492 4695 nem
521 4623 628 4713 versi,
657 4623 951 4696 confirmationem
980 4623 1108 4696 iuriam
1136 4623 1249 4715 Regni
1277 4627 1311 4696 et
1338 4623 1560 4717 largitionem
1587 4643 1772 4710 novorum,
1802 4644 1865 4695 166
1887 4621 1956 4693 111-

414 4751 467 4817 161
493 4743 530 4816 11
558 4744 694 4818 ordines
723 4749 784 4817 aat
810 4765 961 4837 pugnam
989 4745 1116 4831 ituros,
1147 4745 1391 4836 exposcebant.
1420 4746 1465 4817 Rt
1492 4745 1574 4817 darn
1602 4765 1720 4817 eoram
1745 4743 1958 4835 importuni·

415 4869 540 4954 tatem,
575 4866 785 4939 confirmatis
804 4867 881 4939 Rex
901 4865 1056 4958 antiquis
1084 4866 1235 4955 iuribus,
1270 4871 1442 4939 sanasset:
1477 4867 1627 4940 Sabbato
1658 4864 1695 4937 11
1723 4864 1779 4937 die
1806 4863 1958 4936 Enatta-

414 4987 521 5060 tionis
554 4987 701 5060 Sanctae
733 4987 869 5078 Oracis,
903 4988 979 5061 Rea
1013 4987 1187 5060 ordinavit
1219 4987 1427 5078 exercitam,
1460 4991 1494 5061 et
1522 5009 1560 5061 eo
1587 4986 1625 5060 in
1653 4991 1786 5079 septem
1817 4991 1958 5058 turmas

522 5281 546 5364 ¹)
570 5286 699 5362 equitum
721 5290 751 5345 61
772 5285 902 5362 peditam
932 5279 994 5344 Ed.
1018 5280 1111 5366 Lipe.
1143 5281 1166 5362 ²)
1199 5277 1559 5345 661116161611110111.
1585 5277 1673 5344 0616.
1705 5279 1731 5358 ³)
1754 5301 1773 5341 a
1793 5259 1959 5376 Frederice

396 5441 398 5448 ,
416 5389 502 5450 etiarn
524 5386 587 5452 Ed.
609 5388 698 5472 Lips.
724 5385 749 5468 ⁴)
773 5390 877 5449 aulicis
899 5385 962 5450 Ed.
987 5385 1079 5470 Lipe.
1105 5385 1129 5467 ⁵)
1152 5386 1272 5448 Aulicos
1295 5384 1358 5448 Ed.
1382 5384 1474 5469 Lipe.
1500 5381 1724 5466 ο)11111116Ει1.
1740 5382 1830 5467 Lips.
1848 5381 1871 5462 ⁷)
1888 5383 1958 5442 Au-

416 5494 547 5570 lioosqac
568 5489 630 5555 Ed.
654 5490 747 5576 Lipe.
772 5489 797 5572 s)
822 5493 992 5554 fortitudine
1016 5486 1092 5554 0611.
1114 5487 1223 5554 Perea.
1248 5486 1276 5574 ⁹)
1301 5491 1542 5552 Ouiraelrvvicnam
1566 5485 1641 5554 0661.
1666 5485 1753 5553 Calo.
