4152 6270
108 535 175 638 (Α.
193 537 241 618 Β.
261 535 389 638 msa)
622 563 735 620 amaa
761 565 1007 622 nuouacxrrus
1035 548 1150 638 (xum).
1592 547 1663 621 107

108 753 143 820 at
170 767 320 822 vacuum
347 748 520 839 putabant
546 770 683 838 omnes,
713 769 818 842 super
844 772 881 824 ro
908 751 1110 826 huiusmodi
1136 753 1272 846 aliquid
1290 771 1394 846 posse
1414 753 1564 828 obtineri
1581 775 1659 846 pre-

108 868 223 942 cibus:
257 889 337 942 cum
368 869 405 942 in
437 869 630 944 levioribus
662 871 766 944 rebus
799 891 918 962 preces
951 893 1069 944 eornm
1101 873 1304 950 Karimlruo
1340 875 1417 948 Rex
1445 868 1659 948 excluderet.

108 988 272 1063 Omnium
304 994 420 1064 autem
449 991 643 1064 sententiaa
670 991 708 1064 in
735 993 800 1064 hoc
827 993 1093 1081 concurrebant,
1122 999 1163 1066 ut
1190 993 1374 1069 conventio
1401 993 1575 1087 &nonalis
1593 1016 1656 1087 pro

107 1110 165 1184 dia
192 1110 314 1184 Sancti
340 1111 475 1184 Urbani
502 1111 538 1182 iu
559 1113 743 1205 Pyotrlcov
771 1111 898 1204 oppido
925 1113 1040 1202 fieret,
1068 1118 1109 1186 ut
1136 1112 1173 1186 in
1200 1114 1264 1188 illa
1290 1113 1436 1207 reperiri
1454 1118 1575 1208 posset
1592 1115 1658 1190 oli·

107 1253 178 1337 qua
206 1233 279 1321 via,
308 1253 501 1324 perquam
528 1255 584 1306 res
611 1234 754 1326 publica
781 1233 1028 1326 multipliciter
1055 1255 1221 1326 oppressa
1248 1241 1284 1310 ot
1310 1255 1398 1328 pane
1421 1235 1596 1326 desolata,
1625 1242 1662 1312 et

105 1353 178 1431 nisi
204 1352 449 1445 provideretur
474 1353 627 1445 amplius
656 1335 898 1446 opprimenda,
927 1356 970 1430 de
983 1355 1069 1436 ¹suis
1088 1355 1264 1430 aerumnis
1283 1355 1484 1448 respiraret.
1513 1356 1659 1432 Conclu-

106 1495 187 1548 sam
215 1479 250 1548 et
276 1478 402 1564 expost
421 1473 447 1562 ¹)
476 1473 544 1546 fuit
570 1481 714 1568 propter
745 1476 937 1550 multorum
970 1476 1090 1550 crebra
1117 1475 1266 1550 consilia
1293 1482 1329 1550 et
1355 1477 1589 1566 avisamenta,
1618 1482 1659 1551 ut

105 1597 221 1668 terrae
248 1593 561 1683 Sandomiriensis,
594 1596 823 1674 Lublinensis
856 1603 891 1670 et
918 1596 1069 1672 Rosciae
1101 1597 1366 1674 exercitualiter
1397 1601 1657 1690 consurgerent,

106 1721 142 1788 et
166 1716 392 1807 procederent
414 1736 538 1792 versus
569 1717 746 1806 Luonsko,
779 1721 933 1796 castrum
967 1738 1105 1810 quoqne
1137 1717 1411 1810 Wlodnimperc,
1445 1717 1537 1810 quod
1565 1721 1661 1792 motu

105 1836 281 1909 adventus
309 1835 521 1910 Polonornm
549 1837 617 1910 fuit
644 1859 706 1930 per
732 1838 930 1914 Lithuanos
948 1838 984 1912 in
1005 1837 1110 1912 tertia
1127 1842 1228 1930 parte
1246 1845 1428 1928 exortunr,
1456 1840 1663 1916 reficeretur

104 1961 141 2034 ct
170 1960 368 2032 firmaretur
394 1957 500 2030 vallis
529 1963 564 2031 at
592 1957 750 2047 fossatis,
779 1964 815 2034 et
843 1961 932 2034 forto
959 1959 1173 2051 praesidium
1196 1960 1409 2036 Polonornm
1428 1960 1465 2034 in
1483 1959 1547 2032 illo
1566 1960 1659 2034 loca

105 2085 221 2167 retur,
250 2083 286 2152 et
313 2077 545 2152 nihilominus
573 2078 783 2171 conquisitio
811 2079 919 2157 castri
943 2081 1102 2156 Lucusko
1121 2080 1215 2154 omni
1242 2080 1360 2170 medo,
1389 2081 1447 2154 via
1465 2085 1501 2155 et
1519 2079 1682 2175 ingenio·

106 2205 318 2287 tentaretur,
347 2199 553 2291 praesertim
581 2223 659 2273 cum
687 2205 840 2274 oestrum
860 2201 976 2294 ipsum
996 2223 1145 2276 vacnum
1164 2207 1259 2276 acac
1279 2202 1441 2278 omnibns
1460 2222 1658 2295 propugna-

104 2321 197 2393 culis
226 2326 261 2393 et
288 2319 498 2394 victualium
526 2321 715 2394 alimentis.
751 2322 880 2394 Verum
908 2322 991 2414 quia
1017 2322 1219 2398 huiusmodi
1252 2323 1511 2417 expeditionem
1541 2323 1660 2412 multi,

107 2447 186 2514 tum
214 2463 258 2514 ex
285 2441 491 2530 baronibus,
529 2446 603 2514 turn
637 2464 680 2514 ax
712 2441 890 2515 nobilibus
928 2442 1188 2534 improbabant,
1226 2444 1338 2536 aliqui
1376 2464 1514 2537 qnoque
1550 2449 1658 2534 metu,

1 2631 2 2641 ι
104 2562 220 2655 aliqui
248 2563 438 2636 ambitione
468 2569 502 2636 et
530 2584 591 2654 spe
618 2563 656 2635 in
684 2563 811 2635 altiora
838 2564 1109 2653 conscendendi,
1142 2565 1309 2638 nolebant
1336 2564 1425 2658 Regi
1452 2564 1656 2656 displicere:

107 2683 289 2775 expeditio
316 2684 394 2776 ipsa
421 2703 483 2776 par
509 2706 596 2773 sos,¹
611 2683 742 2775 ,quibus
760 2705 802 2758 cc
820 2706 875 2758 rec
894 2689 971 2758 crat
989 2686 1168 2777 quaestui,
1197 2685 1382 2778 impedita,
1411 2689 1447 2760 et
1464 2705 1520 2760 res
1539 2701 1660 2760 omnes

107 2804 273 2897 publiano
300 2810 543 2878 remanserunt
569 2805 712 2897 penitus
740 2805 920 2879 desolatae
945 2813 982 2879 et
1008 2805 1170 2879 iniectae.

1 3107 4 3131 ἶ
102 3163 286 3236 litamus
307 3161 377 3232 llax
400 3179 511 3234 annor
533 3161 769 3250 indignationis
791 3178 871 3238 aare
887 3161 1018 3234 ordros
1033 3161 1067 3235 in
1083 3160 1254 3250 tbigncnn
1269 3160 1486 3247 urrunnun,
1509 3161 1656 3252 admone

129 3283 308 3357 nonnullos
329 3283 505 3357 tremores
528 3281 680 3368 sinunt,
703 3282 789 3372 quod
812 3282 965 3372 inprobis
987 3282 1057 3361 unic
1080 3281 1252 3358 conatibus
1274 3282 1405 3358 amru
1427 3282 1633 3358 resisterent.

208 3532 355 3606 Interim
384 3531 587 3606 Karimirus
614 3532 694 3604 Rex
710 3529 754 3619 Ἃι,
783 3530 915 3604 auditis
942 3530 1158 3621 rumoribus,
1188 3530 1249 3623 qni
1276 3530 1314 3604 in
1340 3531 1462 3624 Regno
1489 3531 1658 3625 Poloniue

2 3676 8 3745 ζ1
101 3653 378 3745 consurgebant,
407 3652 611 3744 intelligens
639 3671 682 3726 ex
710 3651 872 3744 pluribus
904 3651 1133 3728 avisamentis
1166 3652 1302 3724 animos
1333 3652 1546 3724 Polonornm
1573 3652 1658 3730 alia·

0 3819 10 3862 c
102 3779 208 3846 natos
232 3795 253 3846 u
276 3793 313 3846 sc
328 3771 372 3862 ³),
401 3794 562 3865 magnam
580 3772 857 3865 indignationem
876 3778 997 3846 contra
1016 3772 1206 3866 Sbigneum
1225 3771 1443 3846 cardinalem·
1458 3772 1501 3862 ⁴),
1530 3772 1658 3847 Iohan-

1 3945 8 3982 r
99 3916 182 3968 nem
212 3895 254 3968 do
281 3893 459 3966 Thancain
487 3893 765 3983 cracoviensem,
794 3894 986 3966 Iohannem
1013 3894 1055 3965 da
1083 3892 1312 3966 Olasohnioaa
1339 3893 1658 3968 Sandomiriensem

96 4016 296 4108 palatinos,
326 4014 494 4106 concipit,
523 4015 686 4088 hostibus
714 4019 749 4088 et
776 4013 908 4086 invidis
932 4002 1183 4106 praelatorum,
1213 4013 1409 4088 cardinalia
1429 4018 1464 4087 et
1482 4014 1656 4106 palatino·

1 4192 9 4214 „
97 4161 197 4226 rum,
231 4137 406 4210 choleram
439 4135 547 4228 Regis
564 4135 594 4226 ⁵)
630 4135 793 4227 pluribus
825 4135 1014 4208 incentivis
1046 4134 1358 4208 inflammantibus.
1393 4133 1506 4208 Mittit
1537 4134 1658 4228 itaque

1 4313 14 4359 5,
97 4259 181 4332 Rex
198 4257 230 4346 ὓ)
268 4257 434 4330 Thomam
472 4255 778 4348 Sancaignpevsli
795 4257 824 4344 ⁷)
860 4255 1010 4332 militem
1041 4255 1086 4328 ad
1117 4255 1299 4328 Praedator
1336 4258 1371 4328 et
1397 4254 1544 4328 barones
1583 4255 1656 4330 Mc-

1 4377 2 4382 ’
96 4379 187 4451 ioris
208 4377 376 4451 Polonius
390 4376 434 4466 8);
457 4398 519 4469 por
537 4397 639 4469 quem
657 4377 758 4471 gravi
777 4378 920 4469 querela
938 4381 1059 4450 contra
1077 4375 1269 4469 Sbigncnm
1288 4374 1508 4449 cardinalem
1523 4375 1556 4464 ⁰)
1574 4395 1653 4467 pro·

2 4475 12 4600 ᾖ
96 4499 219 4591 ponit:
249 4499 340 4590 quod
368 4499 617 4572 conventiones
644 4497 874 4590 particulares
894 4497 1134 4571 Sandomiriae
1152 4517 1231 4569 oum
1250 4495 1430 4588 aliquibus
1448 4494 1651 4585 baronibus,

5 4682 9 4700 ,
97 4641 190 4712 quos
221 4618 289 4692 sibi
316 4619 492 4692 attrahere
519 4619 651 4710 potnit,
681 4618 865 4692 animando
893 4617 1178 4692 communitatem
1205 4621 1328 4690 contra
1354 4617 1501 4710 Regum,
1531 4621 1651 4694 tenue·

1 4785 15 4844 ,ᾗ
96 4741 164 4829 rit3
196 4739 290 4832 quod
317 4738 421 4812 illum
448 4740 569 4814 volens
588 4741 700 4813 fucare
718 4737 890 4828 invisum,
919 4739 1031 4812 cidem
1050 4737 1293 4812 communitati
1312 4737 1505 4831 suggessit,
1535 4758 1655 4814 omncs

97 4860 273 4934 introitus
302 4860 415 4954 Regni
435 4860 480 4950 ¹⁰)
508 4865 544 4934 et
571 4859 688 4934 omnia
718 4879 815 4934 arma
842 4859 880 4931 in
907 4857 1134 4934 hitbuaniam
1165 4859 1313 4951 defarro3
1348 4858 1440 4950 quod
1473 4857 1542 4931 sibi
1575 4858 1654 4936 obe·

212 5171 238 5252 ¹)
260 5178 364 5251 Ροιιιι
386 5170 448 5236 Ed.
474 5169 561 5256 Lipo.
590 5169 612 5252 ²)
636 5173 777 5234 Poloniae
799 5173 864 5234 ltex
885 5169 951 5234 Ed.
974 5168 1066 5255 Ia‘pa
1098 5167 1125 5250 l)
1149 5186 1169 5230 a
1189 5187 1223 5232 ae
1246 5184 1313 5233 ease
1335 5165 1399 5232 Ed,
1422 5165 1511 5252 hapa,
1535 5165 1562 5248 ⁴)
1586 5169 1655 5230 οη.
1761 5209 1765 5217 κ

96 5279 234 5340 dinalem
256 5282 287 5339 et
309 5278 477 5354 episcopum
506 5273 570 5338 Ed.
595 5272 686 5357 Lipa.
719 5272 744 5354 ⁵)
770 5275 906 5338 casimiri
934 5274 1026 5351 Regis
1057 5270 1122 5337 Ed.
1145 5269 1238 5355 laps.
1270 5271 1296 5353 ο)
1319 5273 1384 5334 Ber
1407 5273 1568 5336 Oasimirus
1591 5256 1655 5336 dd.

0 5379 11 5472 ’
96 5381 195 5466 La'pa
225 5377 250 5465 ἲ)
273 5381 497 5458 Siceigniewslci
521 5375 597 5442 Cori.
620 5375 688 5440 Iria.
714 5377 740 5457 ⁸)
762 5379 889 5440 barones
911 5377 1007 5454 Regni
1029 5378 1171 5438 Poloniae
1192 5377 1312 5442 maioris
1334 5371 1398 5440 Ed.
1422 5373 1512 5459 Lv'pe.
1538 5373 1564 5460 ⁰)
1584 5377 1655 5440 Oar-

0 5475 16 5490 ”
96 5487 235 5551 dioclem
257 5491 288 5546 et
309 5486 478 5562 episcopam
500 5483 725 5546 Oraeoviensem
747 5479 810 5544 Ed.
836 5478 926 5564 Dipo.
954 5479 995 5561 ¹⁰)
1016 5480 1113 5558 Regni
1134 5481 1276 5542 Poloniue
1297 5476 1361 5543 Ed.
1385 5476 1476 5562 laps.
