4090 6290
121 551 189 650 (Α.
210 551 254 624 D.
276 549 403 649 1475.)
636 571 749 626 nrunn
775 571 1019 625 nuonncnrus
1047 557 1162 643 (xm).
1595 551 1669 624 623

121 758 384 849 Woyouodam,
415 777 518 849 quem
545 756 748 850 Hungariae
776 757 853 830 Rex
873 758 900 846 ¹)
929 777 1031 828 suum
1060 762 1094 829 et
1114 778 1255 830 suarum
1282 757 1441 848 gentium
1469 756 1590 830 duoem
1609 777 1670 828 no-

122 877 250 966 minat,
278 879 384 969 paulo
411 881 492 950 ante
521 898 584 950 sex
611 877 725 950 millia
752 878 1016 969 Huugarorum,
1050 883 1177 949 terram
1205 876 1394 950 Valaohiae
1419 896 1462 948 ex
1486 881 1670 968 praeoopto

120 997 230 1089 Regis
257 997 411 1068 Mathias
438 998 672 1084 vastantium,
703 997 966 1088 Magerbalasoh
994 997 1080 1069 duoe
1108 1017 1225 1070 eorum
1253 1017 1354 1089 aegre
1383 996 1452 1068 sibi
1470 1017 1533 1087 per
1551 997 1669 1088 lugam

121 1118 341 1206 consulente,
369 1138 482 1208 usque
510 1117 552 1189 ad
576 1116 841 1189 internitionem
870 1117 1116 1208 prostrauisse.
1146 1117 1220 1190 Neo
1246 1117 1302 1188 his
1330 1116 1565 1209 legationibus
1593 1115 1668 1187 Sto·

118 1239 258 1327 pharius
273 1236 304 1326 ²)
332 1237 376 1308 ad
394 1237 524 1310 amieos
543 1242 745 1324 contentus,
766 1237 943 1328 adipsum
963 1257 1100 1328 quoque
1120 1237 1391 1310 infestissimum
1410 1237 1546 1308 hostem
1567 1255 1669 1308 suum

119 1359 324 1432 hlahumeth
351 1359 540 1430 Turoorum
569 1357 764 1446 Gaesarem,
799 1357 971 1449 insignem
1005 1357 1233 1429 ambasiatam
1251 1355 1293 1446 ³),
1327 1357 1417 1429 dona
1444 1379 1512 1428 non
1540 1357 1668 1429 medie·

120 1479 193 1550 oria
217 1479 399 1566 ferentem,
429 1477 551 1549 mittit.
580 1477 746 1568 Queritur
765 1499 801 1550 se
821 1499 841 1548 a
861 1478 1069 1569 quibusdam
1090 1479 1280 1550 Turoorum
1300 1477 1511 1549 latrunculis
1531 1481 1565 1549 et
1584 1497 1667 1548 exu-

118 1599 231 1686 libus,
259 1598 442 1671 temerarie
470 1603 504 1670 et
532 1603 670 1688 praeter
697 1597 879 1670 seientiam
908 1597 1080 1685 Caesaris,
1110 1619 1187 1669 orum
1216 1598 1430 1689 superbiam,
1461 1598 1615 1670 fraudem
1635 1603 1670 1670 ot

118 1717 354 1790 hostilitatem
382 1725 452 1789 tam
482 1718 706 1790 inhumanam
727 1717 762 1789 in
783 1739 845 1788 suo
873 1725 1012 1808 pectore
1045 1717 1218 1808 suspieari
1252 1719 1303 1788 las
1331 1738 1399 1789 non
1427 1717 1491 1806 sit,
1525 1714 1667 1789 laoessi·

118 1843 195 1909 tom
224 1859 315 1925 esse,
345 1839 513 1929 illaruquo
542 1859 675 1910 omnem
706 1839 821 1909 iurum
851 1843 886 1910 et
913 1837 1139 1910 exiliatorum
1158 1859 1316 1926 manum,
1346 1838 1382 1909 in
1403 1859 1505 1910 manu
1525 1837 1589 1910 Dei
1608 1859 1668 1929 po-

118 1959 225 2046 tenti,
254 1959 315 2050 qui
342 1979 467 2031 oausae
486 1958 627 2030 iustiori
646 1978 782 2050 semper
800 1963 909 2046 astat,
939 1959 1140 2030 oonieeisse.
1171 1959 1333 2046 Petebat,
1354 1963 1394 2029 ut
1412 1957 1582 2049 reliquiae
1604 1959 1667 2029 hu-

117 2078 270 2150 iusmodi
293 2079 588 2167 latrunoulorum,
618 2077 649 2151 si
668 2099 755 2170 quae
775 2077 811 2151 iu
831 2077 994 2150 Dominio
1013 2099 1077 2150 sua
1095 2078 1323 2170 refugissent,
1346 2077 1413 2150 sibi
1434 2078 1667 2166 traderentur,

117 2199 196 2289 pari
223 2199 396 2290 supplicio
425 2219 502 2270 oum
526 2197 673 2271 eaeteris
691 2219 821 2290 peenas
839 2197 982 2272 meritas
1002 2199 1164 2270 soluturi.
1195 2200 1244 2270 At
1262 2199 1387 2271 Caesar
1406 2197 1583 2291 logatione
1599 2198 1664 2269 hu·

116 2319 270 2391 inemodi
302 2325 530 2410 exasperatus
562 2319 691 2410 magis,
725 2340 828 2412 quam
861 2318 1010 2408 lenitus,
1044 2319 1195 2410 legatos,
1230 2319 1306 2392 iure
1337 2317 1493 2412 gentium
1523 2318 1666 2407 violato,

114 2439 327 2532 corripiens,
360 2439 566 2532 aliquandiu
594 2439 629 2510 iu
659 2438 848 2533 ergastulis
858 2439 896 2528 .⁴)
924 2438 1063 2528 habuit,
1096 2439 1317 2530 postmodum
1350 2459 1432 2512 vero
1460 2438 1553 2511 omni
1582 2439 1664 2511 sub·

115 2561 251 2633 stantia
278 2560 462 2652 spoliatos,
491 2560 628 2653 perlitas
657 2565 692 2633 et
718 2580 805 2653 pene
832 2559 944 2632 nudos
972 2559 1177 2644 Valaohiam
1196 2558 1349 2646 remisit;
1378 2580 1439 2650 per
1458 2580 1545 2651 quos
1563 2579 1662 2650 prae·

114 2681 212 2754 fatus
246 2680 445 2772 Stephanus
473 2681 682 2772 Woyewoda
714 2679 856 2768 tortior,
892 2679 1020 2752 luroris
1053 2684 1173 2752 oontra
1200 2701 1279 2754 eum
1307 2679 1482 2772 oonoepti,
1511 2683 1546 2753 ot
1574 2680 1666 2772 quod

112 2799 243 2872 (laesor
274 2801 463 2874 Turoorum
495 2800 643 2893 grandes
675 2804 796 2874 eontra
829 2801 931 2872 illum
959 2801 1094 2892 oopias,
1128 2800 1222 2872 unda
1250 2805 1285 2873 et
1311 2800 1415 2873 terris
1442 2799 1665 2889 transituras,

112 2919 155 2992 in
183 2920 309 3011 quibus
338 2926 372 2993 et
399 2921 501 2992 illum
528 2921 668 3012 proprio
696 2921 812 3012 eapite
839 2921 1087 3012 praedicabant
1106 2921 1313 3009 affuturum,
1343 2923 1536 3012 comparat,
1566 2920 1664 2993 effoo·

113 3045 194 3129 tus,
223 3040 418 3132 intrepidus
445 3041 564 3130 illum,
593 3043 744 3114 oonlisus
763 3041 800 3114 in
820 3041 938 3113 divino
958 3041 1109 3130 auxilio,
1138 3040 1395 3134 opperiebatur.
1425 3039 1452 3113 0
1471 3040 1585 3113 virum
1605 3039 1664 3113 ad-

114 3161 332 3250 mirabilem,
370 3161 519 3234 hereiois
547 3161 711 3250 duoibus,
740 3183 827 3253 quos
855 3167 1036 3253 tantopere
1064 3160 1289 3250 admiramur,
1318 3161 1430 3234 nihilo
1449 3161 1664 3235 interiorem:

113 3282 180 3375 qui
206 3282 271 3354 sub
298 3287 418 3354 nostra
446 3286 560 3356 aetate
579 3286 651 3354 tam
669 3283 889 3375 magnifieum
908 3282 1106 3370 riotoriam,
1136 3281 1228 3354 inter
1252 3281 1434 3373 Prinoipes
1453 3282 1576 3355 mundi
1593 3282 1664 3374 pri·

112 3425 212 3491 mus,
241 3423 284 3475 ox
312 3404 422 3474 Turoo
449 3402 588 3475 rotulit!
617 3403 693 3475 Moe
721 3402 851 3475 iudioio
878 3401 1124 3495 dignissimus,
1154 3403 1211 3474 oui
1239 3401 1349 3474 totius
1376 3401 1498 3474 mundi
1525 3402 1663 3474 Priuoi·

111 3529 221 3615 patus
241 3528 276 3596 et
293 3522 495 3614 imperium,
515 3527 551 3595 ot
568 3522 754 3614 praecipue
771 3523 974 3615 passagium
990 3523 1020 3612 5)
1044 3527 1164 3595 eontra
1183 3523 1350 3611 Turnum,
1370 3523 1546 3596 communi
1565 3521 1664 3596 chri-

112 3643 311 3715 stianorum
334 3643 496 3731 oonsilio,
530 3664 701 3717 consensu
720 3647 755 3716 et
774 3644 928 3732 deoreto,
957 3643 1039 3715 aliis
1063 3642 1219 3735 Regibus
1239 3647 1274 3714 et
1291 3643 1517 3734 Prineipibus
1544 3644 1681 3734 autho-y

110 3764 197 3836 liois
224 3764 261 3836 iu
280 3763 449 3836 desidiam
469 3769 504 3836 et
522 3763 740 3855 voluptates,
769 3767 830 3835 aut
849 3763 886 3835 in
903 3763 998 3836 bella
1022 3763 1143 3835 eivilia
1160 3763 1343 3852 resolutis,
1375 3764 1663 3838 committeretur.

110 4118 255 4192 latitat
277 4117 458 4208 hungariae
491 4119 560 4190 ilex
582 4119 660 4210 post
680 4117 825 4192 aoraton
854 4117 1054 4191 umbonem
1081 4116 1382 4190 wratislaviensem
1403 4117 1516 4190 nutis
1537 4117 1664 4190 iniuria

111 4243 153 4312 ot
175 4240 288 4330 spottir
310 4239 458 4312 tubaliter
481 4255 559 4310 suos
580 4238 614 4310 in
631 4238 734 4310 Statio
750 4240 785 4310 et
799 4238 940 4310 lotario
955 4238 1080 4325 aierit,
1104 4243 1139 4311 et
1161 4239 1331 4310 riotorianr
1346 4256 1452 4325 ruam,
1475 4255 1558 4328 onae
1573 4239 1663 4312 nubo

254 4360 331 4447 luit,
354 4361 470 4432 eontra
492 4359 609 4448 hegen
631 4357 781 4430 Poloniae
804 4362 839 4430 ot
861 4359 1031 4430 bolonia
1054 4359 1160 4432 litoris
1183 4360 1305 4450 oportit
1330 4362 1365 4432 ot
1388 4359 1520 4431 extulit.

219 4607 420 4700 Hungariae
448 4608 525 4680 Rex
554 4606 706 4678 Mathias
734 4607 990 4701 quamprimum
1009 4607 1229 4680 Kaaimirum
1248 4607 1414 4681 Poloniae
1433 4609 1563 4701 Regem
1584 4629 1662 4682 oum

110 4729 192 4802 suis
219 4727 431 4801 exereitibus
459 4727 501 4800 de
528 4727 657 4800 linibus
685 4727 820 4801 Siesiae
847 4749 1024 4821 egressum
1043 4729 1194 4820 aceepit,
1222 4728 1260 4800 in
1279 4749 1377 4816 suos,
1403 4733 1437 4802 et
1455 4729 1662 4821 praesertim

110 4847 444 4936 Wratislauienses,
477 4847 569 4938 apud
597 4868 685 4939 quos
712 4848 893 4940 aliquanto
926 4853 1080 4940 tempore
1108 4849 1313 4921 immoratus
1345 4853 1414 4938 est,
1444 4849 1661 4938 debaoobari,

111 4969 265 5057 saevire,
286 4967 571 5059 substantiasque
590 4967 757 5042 ditiorum
775 4969 931 5060 expilare
951 4969 1076 5061 eoepit.
1097 4969 1298 5061 captivavit
1316 4975 1352 5042 et
1365 4968 1399 5042 N
1401 4969 1553 5044 ioolaum
1571 4970 1661 5044 llor-

222 5259 247 5344 ¹)
270 5262 398 5322 Mathias
421 5261 592 5338 Hungariae
613 5261 677 5321 Rex
699 5255 762 5322 Ea.
785 5257 876 5342 Lips.
902 5259 929 5339 ²)
951 5259 1120 5336 Stephanus
1138 5260 1292 5322 Veionoda
1305 5259 1472 5322 Moldauiaa
1488 5253 1551 5322 Ed.
1568 5255 1661 5343 [ἐμ.

110 5365 144 5448 ³)
164 5367 341 5442 legationem
363 5361 426 5427 Ed.
451 5363 540 5448 Lipe.
572 5362 600 5444 ⁴)
622 5366 653 5424 iu
676 5365 825 5441 ergastulo
855 5361 918 5425 Ed.
942 5360 1033 5446 Lipe.
1065 5363 1091 5444 ⁵)
1114 5370 1143 5425 et
1164 5365 1323 5442 praecipue
1345 5382 1450 5425 munus
1472 5363 1661 5444 Imperatoris

110 5477 144 5534 et
165 5471 259 5531 Ducis
280 5465 344 5532 Ed.
362 5465 452 5554 Lipr.
