4090 6290
147 545 214 648 (Α.
235 547 279 622 D.
300 546 426 648 1479.)
658 572 772 626 ursus
797 572 1042 626 muommcrmus
1070 551 1183 645 (unu).
1455 500 1457 506 Α
1621 551 1694 625 695

190 870 279 942 litias
301 871 341 942 ab
363 888 429 942 mom
452 870 593 942 solutum
617 871 783 943 emeritum
805 871 840 942 in
862 872 990 944 lrussia
1012 872 1223 961 stipendium,
1246 872 1331 944 tona
1352 872 1545 962 praesertim
1568 889 1645 946 raro

738 993 954 1080 spiritualium
976 993 1108 1083 spoliat.

251 1237 422 1310 Exortum
441 1243 496 1311 est
513 1239 627 1329 illico,
656 1239 749 1313 belle
777 1240 991 1314 Pruthenico
1020 1240 1192 1329 extincto,
1221 1241 1328 1316 ciuile
1355 1241 1487 1316 bellum
1515 1265 1560 1317 ex
1579 1244 1694 1338 gemti·

147 1356 214 1428 bus
241 1358 365 1450 regila,
403 1379 550 1450 querum
582 1360 752 1434 colluvies
781 1365 855 1434 erat
887 1382 931 1434 ex
959 1362 1141 1450 Bohemis,
1175 1363 1326 1435 libraris
1354 1368 1389 1435 et
1417 1363 1575 1454 Sicanis,
1605 1387 1693 1438 mer-

148 1477 284 1549 cenario
312 1499 391 1553 aere
417 1479 453 1552 in
480 1480 626 1553 Prussia
653 1480 905 1570 militantibus,
933 1482 1114 1555 Prassiam
1141 1483 1254 1574 adhuc
1282 1484 1472 1557 ferventem
1499 1486 1613 1573 bello,
1634 1487 1693 1558 de-

149 1598 361 1687 serentibus,
390 1599 472 1670 dum
501 1600 537 1671 iu
566 1600 738 1692 stipendio
767 1604 927 1692 emerito,
955 1624 1017 1694 pre
1046 1623 1114 1695 quo
1143 1603 1325 1692 soluendo,
1355 1605 1596 1678 consentiente
1614 1606 1692 1677 uni·

148 1739 249 1790 verse
285 1719 423 1812 Regno,
462 1722 612 1794 fertones
648 1723 910 1810 kmethenibus,
950 1723 1151 1796 exectiones
1170 1723 1197 1812 1)
1234 1723 1439 1797 civitatibus
1476 1729 1511 1798 et
1543 1726 1693 1818 oppidis,

150 1838 316 1931 suffragia
348 1840 610 1930 ecclesiasticis,
645 1841 810 1933 imposita
842 1847 956 1932 erunt,
989 1844 1033 1914 ad
1060 1847 1360 1936 tempuraarata,
1394 1845 1486 1918 solui
1518 1867 1587 1918 non
1615 1867 1694 1938 pes-

150 1963 244 2047 seut,
274 1959 414 2050 spoliis,
447 1961 603 2052 praedis,
636 1962 888 2036 violationibus
908 1969 943 2037 et
962 1963 1259 2056 stuprationibus,
1288 1969 1323 2037 et
1352 1965 1570 2057 quibuslibet
1603 1968 1694 2040 cala-

149 2078 350 2169 mitatibus,
378 2081 498 2171 plures
527 2081 633 2154 uillas
662 2087 697 2155 et
716 2083 857 2174 oppida,
886 2089 921 2155 et
948 2083 1128 2177 signanter
1155 2085 1199 2156 ed
1227 2085 1394 2159 ditionem
1427 2085 1646 2178 spiritualem
1662 2085 1694 2172 2)

150 2205 184 2274 at
211 2201 499 2274 monasteriorum
526 2202 754 2293 pertinentia,
784 2204 987 2278 obruebant.
1018 2204 1235 2297 Quapropter
1260 2206 1412 2298 gemitus
1436 2211 1471 2280 et
1489 2207 1694 2280 vociferatie

149 2342 340 2413 pauperum
366 2322 561 2412 hominum,
591 2345 612 2396 a
639 2324 878 2416 stipendiariis
906 2345 1167 2418 oppressorum,
1196 2326 1326 2418 ubique
1353 2327 1576 2417 audiebatur,
1605 2349 1695 2420 quae

148 2463 260 2534 usque
287 2443 331 2514 ad
358 2443 533 2516 Throuum
561 2445 625 2518 Dei
641 2443 671 2534 ³)
699 2445 922 2535 ostendebat,
951 2451 1023 2518 tam
1051 2449 1171 2520 contra
1194 2447 1467 2537 ecclesiasticos,
1496 2469 1600 2540 quam
1619 2470 1693 2522 sae·

150 2563 286 2636 culsres
314 2563 533 2637 consiliarios
556 2565 686 2658 regios,
711 2565 836 2639 durum
855 2565 1024 2639 iudicium
1042 2566 1201 2639 divinum
1226 2567 1421 2657 subituros,
1451 2568 1511 2660 qui
1530 2569 1695 2662 abrogato

151 2687 294 2758 vetusto
322 2705 415 2757 more
442 2685 594 2776 patriae,
623 2706 691 2778 quo
719 2685 815 2760 iusta
840 2687 934 2760 belle
960 2687 1099 2780 proprio
1123 2687 1237 2762 milite
1259 2689 1467 2782 agebantur,
1494 2690 1698 2784 peregrines

150 2803 298 2892 milites,
323 2804 505 2878 destitutis
529 2806 747 2881 curiensibus
762 2809 793 2898 4)
822 2811 856 2882 et
882 2808 1034 2902 propriis
1062 2807 1252 2899 militibus,
1281 2829 1399 2903 gerere
1416 2809 1459 2902 ⁵),
1493 2815 1527 2884 et
1553 2811 1693 2885 unirer·

150 2945 227 2998 sunu
254 2925 415 3020 Regnum
441 2925 609 3002 intestina
636 2928 731 3002 bello
758 2927 955 3020 inuoluere,
985 2928 1097 3003 satius
1125 2929 1307 3004 ducebant.

193 3283 360 3358 lurcomm
384 3284 549 3358 exercitus
571 3285 655 3358 circa
677 3281 827 3376 oppidum
849 3283 1000 3359 Setinum
1022 3288 1062 3359 ab
1084 3283 1242 3376 dunguris
1264 3241 1424 3375 buditur,
1447 3285 1652 3379 luguturpua.

254 3535 357 3609 Faria
385 3539 509 3627 quarta
536 3538 616 3608 ante
645 3534 765 3608 Sancti
792 3534 945 3626 (lollii),
974 3535 1063 3608 alias
1091 3534 1147 3608 die
1174 3534 1353 3624 Mercurii,
1383 3535 1487 3609 tertia
1514 3535 1647 3609 decima
1663 3537 1694 3626 ⁷)

150 3658 280 3731 mensis
309 3656 483 3746 Octobris,
512 3657 702 3729 Turccrum
728 3657 903 3728 exercitus
931 3656 1122 3745 maximus,
1151 3657 1195 3728 ad
1223 3659 1361 3728 centnm
1389 3655 1503 3728 millia
1529 3657 1691 3729 aestima·

151 3783 226 3866 tus,
255 3798 341 3868 qnos
369 3776 473 3849 etiarn
503 3775 690 3849 Bessarabi
716 3776 945 3882 adiuuabant,
974 3777 1011 3848 in
1038 3781 1166 3849 terram
1185 3775 1325 3867 Septem
1345 3775 1578 3865 Cestreusem,
1603 3777 1695 3849 circa

151 3898 316 3990 oppidum
345 3896 515 3983 Sabinou,
550 3897 641 3988 qued
669 3895 876 3968 Tenthonici
907 3901 1034 3970 vocant
1061 3897 1219 3969 ldlrthoru
1236 3895 1278 3986 8),
1313 3896 1509 3989 ingressus,
1539 3896 1693 3988 quinque

151 4019 366 4111 capitaneos,
397 4038 483 4108 quos
510 4016 580 4108 ipsi
605 4021 733 4089 uocant
760 4018 889 4088 Bassas
918 4021 977 4108 (er
1006 4039 1072 4108 que
1102 4017 1207 4089 etium
1235 4021 1352 4108 potest
1370 4016 1548 4090 aestimari
1567 4019 1693 4090 Tarco-

149 4160 227 4211 rum
251 4137 470 4225 multitudo),
499 4137 659 4230 Hungari
686 4136 802 4225 trist)
830 4138 1068 4210 tantummodo
1093 4137 1224 4228 cupita,
1258 4137 1432 4209 habebant
1450 4138 1510 4226 ¹⁰):
1546 4137 1692 4210 Bethen-

151 4261 276 4332 ietwam
295 4259 339 4346 ¹¹)
367 4280 492 4345 unum,
526 4259 675 4330 alterum
695 4256 739 4346 ¹2)
767 4258 918 4330 Paulum
945 4259 1107 4350 Ksyancu
1128 4256 1174 4347 ¹3)
1202 4259 1424 4350 Hungarum,
1444 4257 1596 4330 nobilem
1617 4258 1693 4350 qui·

151 4382 227 4454 dem
245 4399 385 4472 genere,
414 4378 475 4450 sed
493 4377 629 4450 divitiis
648 4383 804 4467 tenuem,
833 4382 868 4450 et
894 4379 1038 4451 tertium
1065 4379 1203 4467 Iamiam,
1232 4399 1356 4471 gauere
1384 4378 1612 4468 Roscianum,
1641 4378 1693 4450 ri·

150 4523 226 4574 rnrn
246 4499 532 4588 audacissimum,
558 4503 592 4572 et
610 4497 647 4570 in
666 4499 772 4571 armis
791 4499 909 4592 magni
927 4499 1047 4592 pretii:
1077 4499 1138 4591 qui
1156 4498 1289 4571 diuisos
1308 4500 1482 4572 habebant
1505 4499 1693 4587 exercitus,

151 4628 186 4697 et
212 4643 281 4694 mon
308 4622 410 4714 longe
430 4621 474 4710 14)
501 4641 522 4692 a
548 4641 585 4694 aa
613 4622 727 4709 erant,
761 4618 969 4712 quande'ex
997 4621 1206 4694 necessitate
1238 4621 1376 4712 (Tureis
1404 4619 1694 4712 irrumpentibus)

151 4835 563 4848 m*-

260 4965 282 5047 ¹)
307 4965 475 5028 exactiones
497 4984 568 5030 uero
590 4960 653 5027 Ed.
675 4961 768 5049 Lipu.
793 4963 818 5046 4)
844 4964 1048 5043 spiritualium
1070 4961 1133 5027 Ed.
1149 4959 1240 5048 Lippa.
1258 4960 1284 5043 ³)
1301 4961 1436 5024 altissimi
1450 4960 1508 5024 Dei
1523 4957 1588 5028 Ed.
1604 4958 1696 5046 Lapa

152 5067 178 5154 ⁴)
202 5073 316 5134 delicis
338 5069 402 5132 Ed.
426 5069 516 5154 Lipa.
548 5069 575 5151 ⁵)
598 5070 672 5131 illud
693 5089 797 5147 gerere
819 5057 883 5132 Ed.
907 5067 998 5151 Lips.
1029 5067 1056 5150 ⁶)
1079 5069 1275 5130 antefactum
1299 5069 1393 5129 sancti
1416 5068 1496 5129 Galli
1518 5063 1582 5128 Ed.
1605 5063 1696 5150 Lips.

154 5174 179 5256 ⁷)
202 5175 443 5254 quartadecima
466 5173 529 5237 Ea.
552 5171 643 5257 Lipa.
668 5172 694 5254 4)
717 5173 853 5235 Echercu
878 5165 954 5235 Coa.
977 5171 1086 5235 Pauca.
1109 5173 1193 5233 Korn
1216 5169 1280 5238 Ed.
1304 5169 1394 5253 Lipe.
1419 5167 1445 5251 9)
1470 5171 1604 5247 Humgari
1626 5189 1697 5231 vcro

149 5287 211 5342 tres
234 5277 296 5341 Ea.
320 5273 409 5362 Ltpe.
438 5277 473 5359 ¹⁰)
498 5279 676 5356 Oapitancos
697 5277 860 5358 habebant,
883 5276 1022 5338 videlicet
1044 5272 1106 5338 Ed.
1124 5274 1216 5359 Lipe.
1239 5272 1277 5354 ¹¹)
1295 5273 1505 5351 Batheystwau
1521 5268 1584 5336 Ed.
1603 5269 1693 5355 Lipa'.

150 5384 255 5464 (Batou
277 5381 479 5464 Stephanum).
507 5380 543 5465 ¹²)
567 5381 728 5444 secuudum
749 5377 812 5446 aa.
835 5377 928 5464 Lipa.
956 5377 995 5460 ¹³)
1018 5379 1119 5458 Xyacu
1141 5374 1205 5441 Ea.
1229 5375 1320 5462 Lipe.
1343 5373 1468 5460 (Kimis).
1495 5373 1536 5458 14)
1559 5379 1589 5438 et
1609 5377 1698 5454 longo

150 5495 222 5552 tunc
242 5485 307 5552 Ea.
332 5483 423 5572 Σίρι.
