<?xml version="1.0" encoding="UTF-8"?>
<!DOCTYPE html PUBLIC "-//W3C//DTD XHTML 1.0 Transitional//EN"
    "http://www.w3.org/TR/xhtml1/DTD/xhtml1-transitional.dtd">
<html xmlns="http://www.w3.org/1999/xhtml" xml:lang="en" lang="en">
 <head>
  <title>
</title>
<meta http-equiv="Content-Type" content="text/html;charset=utf-8" />
  <meta name='ocr-system' content='tesseract 3.04.00' />
  <meta name='ocr-capabilities' content='ocr_page ocr_carea ocr_par ocr_line ocrx_word'/>
</head>
<body>
  <div class='ocr_page' id='page_1' title='image "./operaomnia06paulgoog_0522.png"; bbox 0 0 4052 6286; ppageno 0'>
   <div class='ocr_carea' id='block_1_1' title="bbox 383 547 1936 648">
    <p class='ocr_par' dir='ltr' id='par_1_1' title="bbox 383 547 1936 648">
     <span class='ocr_line' id='line_1_1' title="bbox 383 547 1936 648; baseline 0.007 -30"><span class='ocrx_word' id='word_1_1' title='bbox 383 547 458 618; x_wconf 82' lang='lat'><strong>510</strong></span> <span class='ocrx_word' id='word_1_2' title='bbox 889 571 1002 624; x_wconf 80' lang='lat' dir='ltr'><strong>aman</strong></span> <span class='ocrx_word' id='word_1_3' title='bbox 1027 570 1271 626; x_wconf 81' lang='lat' dir='ltr'><strong>nnonncnrus</strong></span> <span class='ocrx_word' id='word_1_4' title='bbox 1298 553 1413 643; x_wconf 82' lang='lat'>(1111).</span> <span class='ocrx_word' id='word_1_5' title='bbox 1646 547 1715 648; x_wconf 81' lang='grc' dir='ltr'><strong>(Α.</strong></span> <span class='ocrx_word' id='word_1_6' title='bbox 1733 547 1783 623; x_wconf 81' lang='lat' dir='ltr'><strong>D.</strong></span> <span class='ocrx_word' id='word_1_7' title='bbox 1802 549 1936 648; x_wconf 77' lang='grc'><strong>1488.)</strong></span> 
     </span>
    </p>
   </div>
   <div class='ocr_carea' id='block_1_2' title="bbox 337 739 2025 1447">
    <p class='ocr_par' dir='ltr' id='par_1_2' title="bbox 337 739 2025 1447">
     <span class='ocr_line' id='line_1_2' title="bbox 380 739 2025 848; baseline 0.002 -22"><span class='ocrx_word' id='word_1_8' title='bbox 380 754 593 828; x_wconf 75' lang='lat' dir='ltr'>Laurentius</span> <span class='ocrx_word' id='word_1_9' title='bbox 617 753 853 829; x_wconf 77' lang='lat' dir='ltr'><strong>Ferrarionsis</strong></span> <span class='ocrx_word' id='word_1_10' title='bbox 872 759 907 828; x_wconf 93' lang='lat' dir='ltr'><strong>et</strong></span> <span class='ocrx_word' id='word_1_11' title='bbox 925 754 1134 846; x_wconf 77' lang='lat' dir='ltr'><strong>lludolphns</strong></span> <span class='ocrx_word' id='word_1_12' title='bbox 1153 755 1459 829; x_wconf 86' lang='lat' dir='ltr'><strong>Wratislavicnsis</strong></span> <span class='ocrx_word' id='word_1_13' title='bbox 1478 756 1648 848; x_wconf 87' lang='lat' dir='ltr'><strong>episcopi,</strong></span> <span class='ocrx_word' id='word_1_14' title='bbox 1676 766 1931 844; x_wconf 80' lang='lat' dir='ltr'><strong>couvenerant,</strong></span> <span class='ocrx_word' id='word_1_15' title='bbox 2024 739 2025 778; x_wconf 75' lang='lat'>³</span> 
     </span>
     <span class='ocr_line' id='line_1_3' title="bbox 380 872 1932 968; baseline 0.001 -22"><span class='ocrx_word' id='word_1_16' title='bbox 380 872 524 946; x_wconf 75' lang='lat' dir='ltr'><strong>adeum:</strong></span> <span class='ocrx_word' id='word_1_17' title='bbox 553 873 614 948; x_wconf 87' lang='lat' dir='ltr'><strong>abi</strong></span> <span class='ocrx_word' id='word_1_18' title='bbox 641 895 763 966; x_wconf 88' lang='lat' dir='ltr'><strong>parum</strong></span> <span class='ocrx_word' id='word_1_19' title='bbox 791 873 913 968; x_wconf 88' lang='lat' dir='ltr'><strong>aequis</strong></span> <span class='ocrx_word' id='word_1_20' title='bbox 941 874 1101 962; x_wconf 88' lang='lat' dir='ltr'><strong>auribus,</strong></span> <span class='ocrx_word' id='word_1_21' title='bbox 1129 895 1248 966; x_wconf 89' lang='lat' dir='ltr'><strong>pacem</strong></span> <span class='ocrx_word' id='word_1_22' title='bbox 1267 880 1330 946; x_wconf 92' lang='lat' dir='ltr'><strong>aut</strong></span> <span class='ocrx_word' id='word_1_23' title='bbox 1348 881 1505 967; x_wconf 82' lang='lat' dir='ltr'><strong>treugam</strong></span> <span class='ocrx_word' id='word_1_24' title='bbox 1524 877 1551 964; x_wconf 86' lang='lat'><strong>¹)</strong></span> <span class='ocrx_word' id='word_1_25' title='bbox 1578 876 1842 966; x_wconf 87' lang='lat' dir='ltr'><strong>persuadendo,</strong></span> <span class='ocrx_word' id='word_1_26' title='bbox 1872 897 1932 947; x_wconf 86' lang='lat' dir='ltr'><strong>an·</strong></span> 
     </span>
     <span class='ocr_line' id='line_1_4' title="bbox 378 991 1930 1087; baseline 0.002 -24"><span class='ocrx_word' id='word_1_27' title='bbox 378 991 461 1081; x_wconf 93' lang='lat' dir='ltr'><strong>diti,</strong></span> <span class='ocrx_word' id='word_1_28' title='bbox 488 1014 527 1067; x_wconf 90' lang='lat' dir='ltr'><strong>rc</strong></span> <span class='ocrx_word' id='word_1_29' title='bbox 552 993 698 1080; x_wconf 87' lang='lat' dir='ltr'><strong>inlecta,</strong></span> <span class='ocrx_word' id='word_1_30' title='bbox 728 999 762 1066; x_wconf 93' lang='lat' dir='ltr'><strong>et</strong></span> <span class='ocrx_word' id='word_1_31' title='bbox 789 993 915 1068; x_wconf 91' lang='lat' dir='ltr'><strong>animis</strong></span> <span class='ocrx_word' id='word_1_32' title='bbox 943 994 1149 1082; x_wconf 89' lang='lat' dir='ltr'><strong>multorum,</strong></span> <span class='ocrx_word' id='word_1_33' title='bbox 1178 999 1213 1066; x_wconf 90' lang='lat' dir='ltr'><strong>ot</strong></span> <span class='ocrx_word' id='word_1_34' title='bbox 1231 993 1416 1086; x_wconf 88' lang='lat' dir='ltr'><strong>praecipuo</strong></span> <span class='ocrx_word' id='word_1_35' title='bbox 1433 995 1662 1087; x_wconf 79' lang='lat' dir='ltr'><strong>Legatorum,</strong></span> <span class='ocrx_word' id='word_1_36' title='bbox 1689 995 1831 1068; x_wconf 88' lang='lat' dir='ltr'><strong>ballum</strong></span> <span class='ocrx_word' id='word_1_37' title='bbox 1851 1014 1930 1066; x_wconf 89' lang='lat' dir='ltr'><strong>con·</strong></span> 
     </span>
     <span class='ocr_line' id='line_1_5' title="bbox 379 1112 1931 1206; baseline 0.002 -22"><span class='ocrx_word' id='word_1_38' title='bbox 379 1121 434 1184; x_wconf 89' lang='lat' dir='ltr'><strong>tra</strong></span> <span class='ocrx_word' id='word_1_39' title='bbox 460 1112 682 1187; x_wconf 82' lang='lat' dir='ltr'><strong>Sirailnonem</strong></span> <span class='ocrx_word' id='word_1_40' title='bbox 709 1120 771 1187; x_wconf 91' lang='lat' dir='ltr'><strong>aut</strong></span> <span class='ocrx_word' id='word_1_41' title='bbox 796 1113 886 1206; x_wconf 83' lang='lat' dir='ltr'><strong>gari,</strong></span> <span class='ocrx_word' id='word_1_42' title='bbox 915 1120 977 1186; x_wconf 91' lang='lat' dir='ltr'><strong>aut</strong></span> <span class='ocrx_word' id='word_1_43' title='bbox 1003 1113 1097 1186; x_wconf 86' lang='lat' dir='ltr'><strong>finiri</strong></span> <span class='ocrx_word' id='word_1_44' title='bbox 1125 1114 1383 1206; x_wconf 74' lang='lat' dir='ltr'><strong>exoptantium,</strong></span> <span class='ocrx_word' id='word_1_45' title='bbox 1412 1113 1571 1200; x_wconf 77' lang='lat' dir='ltr'><strong>offensis,</strong></span> <span class='ocrx_word' id='word_1_46' title='bbox 1600 1135 1699 1186; x_wconf 90' lang='lat' dir='ltr'><strong>cesso</strong></span> <span class='ocrx_word' id='word_1_47' title='bbox 1729 1113 1858 1187; x_wconf 85' lang='lat' dir='ltr'><strong>labore</strong></span> <span class='ocrx_word' id='word_1_48' title='bbox 1879 1133 1931 1187; x_wconf 90' lang='lat' dir='ltr'><strong>ra·</strong></span> 
     </span>
     <span class='ocr_line' id='line_1_6' title="bbox 379 1232 1930 1326; baseline 0.001 -23"><span class='ocrx_word' id='word_1_49' title='bbox 379 1236 575 1305; x_wconf 76' lang='lat' dir='ltr'><strong>vertuntur.</strong></span> <span class='ocrx_word' id='word_1_50' title='bbox 604 1232 725 1306; x_wconf 80' lang='lat' dir='ltr'><strong>castra</strong></span> <span class='ocrx_word' id='word_1_51' title='bbox 752 1235 836 1322; x_wconf 92' lang='lat' dir='ltr'><strong>duo,</strong></span> <span class='ocrx_word' id='word_1_52' title='bbox 867 1233 1029 1326; x_wconf 85' lang='lat' dir='ltr'><strong>Spilherg</strong></span> <span class='ocrx_word' id='word_1_53' title='bbox 1055 1255 1162 1326; x_wconf 88' lang='lat' dir='ltr'><strong>supra</strong></span> <span class='ocrx_word' id='word_1_54' title='bbox 1192 1235 1370 1308; x_wconf 90' lang='lat' dir='ltr'><strong>Brunnam</strong></span> <span class='ocrx_word' id='word_1_55' title='bbox 1403 1239 1438 1306; x_wconf 90' lang='lat' dir='ltr'><strong>ot</strong></span> <span class='ocrx_word' id='word_1_56' title='bbox 1465 1233 1676 1307; x_wconf 84' lang='lat' dir='ltr'><strong>Hradiaacae</strong></span> <span class='ocrx_word' id='word_1_57' title='bbox 1708 1255 1819 1326; x_wconf 89' lang='lat' dir='ltr'><strong>supra</strong></span> <span class='ocrx_word' id='word_1_58' title='bbox 1851 1233 1930 1306; x_wconf 86' lang='lat' dir='ltr'><strong>Olo</strong></span> 
     </span>
     <span class='ocr_line' id='line_1_7' title="bbox 337 1351 1931 1447; baseline 0.001 -23"><span class='ocrx_word' id='word_1_59' title='bbox 337 1353 341 1356; x_wconf 81' lang='grc'><strong>’</strong></span> <span class='ocrx_word' id='word_1_60' title='bbox 379 1372 526 1438; x_wconf 78' lang='lat' dir='ltr'><strong>munch,</strong></span> <span class='ocrx_word' id='word_1_61' title='bbox 558 1351 692 1425; x_wconf 88' lang='lat' dir='ltr'><strong>diutius</strong></span> <span class='ocrx_word' id='word_1_62' title='bbox 725 1354 882 1442; x_wconf 87' lang='lat' dir='ltr'><strong>obsessa,</strong></span> <span class='ocrx_word' id='word_1_63' title='bbox 918 1353 1041 1426; x_wconf 88' lang='lat' dir='ltr'><strong>lamam</strong></span> <span class='ocrx_word' id='word_1_64' title='bbox 1068 1375 1138 1426; x_wconf 91' lang='lat' dir='ltr'><strong>non</strong></span> <span class='ocrx_word' id='word_1_65' title='bbox 1164 1355 1358 1444; x_wconf 90' lang='lat' dir='ltr'><strong>tolerando,</strong></span> <span class='ocrx_word' id='word_1_66' title='bbox 1392 1355 1481 1447; x_wconf 81' lang='lat' dir='ltr'><strong>Regi</strong></span> <span class='ocrx_word' id='word_1_67' title='bbox 1508 1353 1711 1447; x_wconf 78' lang='lat' dir='ltr'><strong>Hungarica</strong></span> <span class='ocrx_word' id='word_1_68' title='bbox 1737 1354 1931 1427; x_wconf 88' lang='lat' dir='ltr'><strong>deduntur.</strong></span> 
     </span>
    </p>
   </div>
   <div class='ocr_carea' id='block_1_3' title="bbox 231 1471 1929 1566">
    <p class='ocr_par' dir='ltr' id='par_1_3' title="bbox 231 1471 1929 1566">
     <span class='ocr_line' id='line_1_8' title="bbox 231 1471 1929 1566; baseline 0.005 -28"><span class='ocrx_word' id='word_1_69' title='bbox 231 1530 235 1538; x_wconf 93' lang='lat'>.</span> <span class='ocrx_word' id='word_1_70' title='bbox 380 1471 530 1544; x_wconf 88' lang='lat' dir='ltr'><strong>Deditur</strong></span> <span class='ocrx_word' id='word_1_71' title='bbox 547 1477 582 1544; x_wconf 90' lang='lat' dir='ltr'><strong>et</strong></span> <span class='ocrx_word' id='word_1_72' title='bbox 601 1477 755 1544; x_wconf 86' lang='lat' dir='ltr'><strong>castrum</strong></span> <span class='ocrx_word' id='word_1_73' title='bbox 773 1472 992 1564; x_wconf 84' lang='lat' dir='ltr'><strong>Konopiscae</strong></span> <span class='ocrx_word' id='word_1_74' title='bbox 1020 1473 1217 1564; x_wconf 81' lang='lat' dir='ltr'><strong>Siraihoni,</strong></span> <span class='ocrx_word' id='word_1_75' title='bbox 1250 1475 1340 1546; x_wconf 85' lang='lat' dir='ltr'><strong>lame</strong></span> <span class='ocrx_word' id='word_1_76' title='bbox 1367 1478 1528 1566; x_wconf 82' lang='lat' dir='ltr'><strong>urgente,</strong></span> <span class='ocrx_word' id='word_1_77' title='bbox 1556 1473 1613 1546; x_wconf 91' lang='lat' dir='ltr'><strong>cui</strong></span> <span class='ocrx_word' id='word_1_78' title='bbox 1640 1473 1813 1547; x_wconf 74' lang='lat' dir='ltr'>victualia</span> <span class='ocrx_word' id='word_1_79' title='bbox 1845 1473 1929 1546; x_wconf 78' lang='lat' dir='ltr'><strong>zoa</strong></span> 
     </span>
    </p>
   </div>
   <div class='ocr_carea' id='block_1_4' title="bbox 377 1591 1930 2024">
    <p class='ocr_par' dir='ltr' id='par_1_4' title="bbox 377 1591 1930 2024">
     <span class='ocr_line' id='line_1_9' title="bbox 378 1591 1928 1686; baseline 0.001 -24"><span class='ocrx_word' id='word_1_80' title='bbox 378 1592 468 1682; x_wconf 76' lang='lat' dir='ltr'><strong>nyelr</strong></span> <span class='ocrx_word' id='word_1_81' title='bbox 487 1591 613 1664; x_wconf 87' lang='lat' dir='ltr'><strong>inferre</strong></span> <span class='ocrx_word' id='word_1_82' title='bbox 632 1592 772 1684; x_wconf 89' lang='lat' dir='ltr'><strong>saepius</strong></span> <span class='ocrx_word' id='word_1_83' title='bbox 801 1593 983 1681; x_wconf 91' lang='lat' dir='ltr'><strong>tantando,</strong></span> <span class='ocrx_word' id='word_1_84' title='bbox 1012 1593 1233 1668; x_wconf 69' lang='lat' dir='ltr'><strong>obstantibus</strong></span> <span class='ocrx_word' id='word_1_85' title='bbox 1260 1593 1373 1668; x_wconf 87' lang='lat' dir='ltr'><strong>baetis</strong></span> <span class='ocrx_word' id='word_1_86' title='bbox 1388 1591 1432 1682; x_wconf 80' lang='lat'><strong>²),</strong></span> <span class='ocrx_word' id='word_1_87' title='bbox 1461 1615 1530 1666; x_wconf 91' lang='lat' dir='ltr'><strong>non</strong></span> <span class='ocrx_word' id='word_1_88' title='bbox 1556 1599 1704 1686; x_wconf 87' lang='lat' dir='ltr'><strong>poterat.</strong></span> <span class='ocrx_word' id='word_1_89' title='bbox 1732 1593 1928 1665; x_wconf 75' lang='lat' dir='ltr'><strong>Wratisla</strong></span> 
     </span>
     <span class='ocr_line' id='line_1_10' title="bbox 378 1710 1930 1806; baseline 0.001 -25"><span class='ocrx_word' id='word_1_90' title='bbox 378 1710 516 1784; x_wconf 76' lang='lat' dir='ltr'><strong>aienses</strong></span> <span class='ocrx_word' id='word_1_91' title='bbox 549 1732 684 1804; x_wconf 87' lang='lat' dir='ltr'><strong>quoque</strong></span> <span class='ocrx_word' id='word_1_92' title='bbox 715 1713 936 1786; x_wconf 81' lang='lat' dir='ltr'><strong>Franhethen</strong></span> <span class='ocrx_word' id='word_1_93' title='bbox 968 1713 1195 1804; x_wconf 87' lang='lat' dir='ltr'><strong>conquirunt,</strong></span> <span class='ocrx_word' id='word_1_94' title='bbox 1228 1713 1440 1805; x_wconf 89' lang='lat' dir='ltr'><strong>ruincntqua</strong></span> <span class='ocrx_word' id='word_1_95' title='bbox 1472 1713 1654 1806; x_wconf 89' lang='lat' dir='ltr'><strong>oppidum:</strong></span> <span class='ocrx_word' id='word_1_96' title='bbox 1683 1711 1858 1785; x_wconf 86' lang='lat' dir='ltr'><strong>Bohemis</strong></span> <span class='ocrx_word' id='word_1_97' title='bbox 1888 1732 1930 1784; x_wconf 83' lang='lat' dir='ltr'><strong>ax</strong></span> 
     </span>
     <span class='ocr_line' id='line_1_11' title="bbox 378 1829 1929 1923; baseline 0.001 -19"><span class='ocrx_word' id='word_1_98' title='bbox 378 1829 577 1904; x_wconf 85' lang='lat' dir='ltr'><strong>Scambicne</strong></span> <span class='ocrx_word' id='word_1_99' title='bbox 604 1831 881 1923; x_wconf 75' lang='lat' dir='ltr'><strong>diffugientibus.</strong></span> <span class='ocrx_word' id='word_1_100' title='bbox 915 1831 972 1905; x_wconf 86' lang='lat' dir='ltr'><strong>Ita</strong></span> <span class='ocrx_word' id='word_1_101' title='bbox 1000 1832 1115 1906; x_wconf 89' lang='lat' dir='ltr'><strong>omnia</strong></span> <span class='ocrx_word' id='word_1_102' title='bbox 1141 1833 1234 1908; x_wconf 89' lang='lat' dir='ltr'><strong>circa</strong></span> <span class='ocrx_word' id='word_1_103' title='bbox 1260 1832 1482 1907; x_wconf 64' lang='lat' dir='ltr'><strong>(birtilonem</strong></span> <span class='ocrx_word' id='word_1_104' title='bbox 1510 1831 1673 1920; x_wconf 85' lang='lat' dir='ltr'><strong>ruebant,</strong></span> <span class='ocrx_word' id='word_1_105' title='bbox 1708 1831 1929 1922; x_wconf 79' lang='lat' dir='ltr'><strong>letalemque</strong></span> 
     </span>
     <span class='ocr_line' id='line_1_12' title="bbox 377 1951 800 2024; baseline 0.005 -2"><span class='ocrx_word' id='word_1_106' title='bbox 377 1970 507 2023; x_wconf 91' lang='lat' dir='ltr'><strong>annum</strong></span> <span class='ocrx_word' id='word_1_107' title='bbox 534 1951 637 2024; x_wconf 91' lang='lat' dir='ltr'><strong>illum</strong></span> <span class='ocrx_word' id='word_1_108' title='bbox 664 1951 800 2024; x_wconf 89' lang='lat' dir='ltr'><strong>habuit.</strong></span> 
     </span>
    </p>
   </div>
   <div class='ocr_carea' id='block_1_5' title="bbox 375 2301 1929 2516">
    <p class='ocr_par' dir='ltr' id='par_1_5' title="bbox 375 2301 1929 2516">
     <span class='ocr_line' id='line_1_13' title="bbox 376 2301 1929 2395; baseline 0.003 -21"><span class='ocrx_word' id='word_1_109' title='bbox 376 2301 556 2376; x_wconf 75' lang='grc' dir='ltr'>Ιιιίιίηι</span> <span class='ocrx_word' id='word_1_110' title='bbox 576 2303 726 2378; x_wconf 72' lang='lat' dir='ltr'><strong>roloniae</strong></span> <span class='ocrx_word' id='word_1_111' title='bbox 748 2303 817 2376; x_wconf 84' lang='lat' dir='ltr'><strong>llax</strong></span> <span class='ocrx_word' id='word_1_112' title='bbox 838 2305 1242 2395; x_wconf 64' lang='lat' dir='ltr'><strong>incaementatum</strong></span> <span class='ocrx_word' id='word_1_113' title='bbox 1257 2305 1485 2395; x_wconf 61' lang='lat' dir='ltr'><strong>Scaevolam</strong></span> <span class='ocrx_word' id='word_1_114' title='bbox 1499 2305 1678 2378; x_wconf 80' lang='lat' dir='ltr'><strong>lolderlao</strong></span> <span class='ocrx_word' id='word_1_115' title='bbox 1692 2306 1817 2392; x_wconf 82' lang='lat' dir='ltr'><strong>rulttlt,</strong></span> <span class='ocrx_word' id='word_1_116' title='bbox 1842 2306 1929 2378; x_wconf 73' lang='lat' dir='ltr'><strong>din</strong></span> 
     </span>
     <span class='ocr_line' id='line_1_14' title="bbox 375 2422 1929 2516; baseline 0.003 -23"><span class='ocrx_word' id='word_1_117' title='bbox 375 2422 574 2510; x_wconf 81' lang='lat' dir='ltr'><strong>praestando</strong></span> <span class='ocrx_word' id='word_1_118' title='bbox 589 2424 737 2513; x_wconf 69' lang='lat' dir='ltr'><strong>hanape</strong></span> <span class='ocrx_word' id='word_1_119' title='bbox 752 2423 911 2511; x_wconf 81' lang='lat' dir='ltr'><strong>dlotnrar,</strong></span> <span class='ocrx_word' id='word_1_120' title='bbox 933 2425 1120 2515; x_wconf 74' lang='lat' dir='ltr'><strong>sumboone</strong></span> <span class='ocrx_word' id='word_1_121' title='bbox 1135 2428 1250 2498; x_wconf 76' lang='lat' dir='ltr'><strong>conus</strong></span> <span class='ocrx_word' id='word_1_122' title='bbox 1264 2427 1392 2498; x_wconf 75' lang='lat' dir='ltr'><strong>horton</strong></span> <span class='ocrx_word' id='word_1_123' title='bbox 1407 2425 1582 2516; x_wconf 74' lang='lat' dir='ltr'><strong>quenlibet</strong></span> <span class='ocrx_word' id='word_1_124' title='bbox 1597 2427 1830 2516; x_wconf 72' lang='lat' dir='ltr'><strong>promissuros,</strong></span> <span class='ocrx_word' id='word_1_125' title='bbox 1856 2427 1929 2516; x_wconf 79' lang='lat' dir='ltr'><strong>ipre</strong></span> 
     </span>
    </p>
   </div>
   <div class='ocr_carea' id='block_1_6' title="bbox 375 2543 1928 2755">
    <p class='ocr_par' dir='ltr' id='par_1_6' title="bbox 375 2543 1928 2755">
     <span class='ocr_line' id='line_1_15' title="bbox 375 2543 1928 2635; baseline 0.004 -22"><span class='ocrx_word' id='word_1_126' title='bbox 375 2559 452 2614; x_wconf 81' lang='lat' dir='ltr'><strong>vero</strong></span> <span class='ocrx_word' id='word_1_127' title='bbox 473 2543 608 2616; x_wconf 80' lang='lat' dir='ltr'><strong>lndlctlr</strong></span> <span class='ocrx_word' id='word_1_128' title='bbox 629 2544 914 2630; x_wconf 77' lang='lat' dir='ltr'><strong>mercationibus,</strong></span> <span class='ocrx_word' id='word_1_129' title='bbox 944 2544 1031 2634; x_wconf 85' lang='lat' dir='ltr'><strong>petit</strong></span> <span class='ocrx_word' id='word_1_130' title='bbox 1054 2562 1074 2617; x_wconf 82' lang='lat' dir='ltr'><strong>a</strong></span> <span class='ocrx_word' id='word_1_131' title='bbox 1095 2545 1223 2618; x_wconf 80' lang='lat' dir='ltr'><strong>lolonlr</strong></span> <span class='ocrx_word' id='word_1_132' title='bbox 1244 2545 1422 2618; x_wconf 77' lang='lat' dir='ltr'><strong>arenam</strong></span> <span class='ocrx_word' id='word_1_133' title='bbox 1444 2546 1612 2634; x_wconf 81' lang='lat' dir='ltr'><strong>pecuniale</strong></span> <span class='ocrx_word' id='word_1_134' title='bbox 1637 2563 1694 2635; x_wconf 88' lang='lat' dir='ltr'><strong>pro</strong></span> <span class='ocrx_word' id='word_1_135' title='bbox 1717 2546 1928 2619; x_wconf 72' lang='lat' dir='ltr'><strong>exsolvenda</strong></span> 
     </span>
     <span class='ocr_line' id='line_1_16' title="bbox 776 2663 1517 2755; baseline 0.004 -19"><span class='ocrx_word' id='word_1_136' title='bbox 776 2663 935 2737; x_wconf 80' lang='lat' dir='ltr'><strong>nilltllm</strong></span> <span class='ocrx_word' id='word_1_137' title='bbox 956 2663 1113 2737; x_wconf 83' lang='lat' dir='ltr'><strong>denedto</strong></span> <span class='ocrx_word' id='word_1_138' title='bbox 1135 2667 1168 2738; x_wconf 89' lang='lat' dir='ltr'><strong>ln</strong></span> <span class='ocrx_word' id='word_1_139' title='bbox 1191 2665 1320 2738; x_wconf 74' lang='lat' dir='ltr'><strong>tmesis</strong></span> <span class='ocrx_word' id='word_1_140' title='bbox 1343 2665 1517 2755; x_wconf 74' lang='lat' dir='ltr'><strong>stipanda.</strong></span> 
     </span>
    </p>
   </div>
   <div class='ocr_carea' id='block_1_7' title="bbox 483 2861 1927 3004">
    <p class='ocr_par' dir='ltr' id='par_1_7' title="bbox 483 2861 1927 3004">
     <span class='ocr_line' id='line_1_17' title="bbox 483 2861 1927 3004; baseline 0.001 -22"><span class='ocrx_word' id='word_1_141' title='bbox 483 2861 869 2998; x_wconf 89' lang='lat' dir='ltr'><strong>Hebdomadisdecom,</strong></span> <span class='ocrx_word' id='word_1_142' title='bbox 890 2910 1091 2984; x_wconf 86' lang='lat' dir='ltr'><strong>Kanimirns</strong></span> <span class='ocrx_word' id='word_1_143' title='bbox 1110 2912 1277 2986; x_wconf 87' lang='lat' dir='ltr'><strong>Polonlao</strong></span> <span class='ocrx_word' id='word_1_144' title='bbox 1295 2913 1388 3000; x_wconf 85' lang='lat' dir='ltr'><strong>Rex,</strong></span> <span class='ocrx_word' id='word_1_145' title='bbox 1409 2911 1504 3004; x_wconf 90' lang='lat' dir='ltr'><strong>apud·</strong></span> <span class='ocrx_word' id='word_1_146' title='bbox 1519 2911 1783 2985; x_wconf 71' lang='lat' dir='ltr'><strong>cracoviensem</strong></span> <span class='ocrx_word' id='word_1_147' title='bbox 1803 2911 1927 2986; x_wconf 88' lang='lat' dir='ltr'><strong>urbem</strong></span> 
     </span>
    </p>
   </div>
   <div class='ocr_carea' id='block_1_8' title="bbox 365 3029 1924 4917">
    <p class='ocr_par' dir='ltr' id='par_1_8' title="bbox 365 3029 1924 4917">
     <span class='ocr_line' id='line_1_18' title="bbox 377 3029 1923 3124; baseline 0.002 -23"><span class='ocrx_word' id='word_1_148' title='bbox 377 3029 525 3118; x_wconf 87' lang='lat' dir='ltr'><strong>exactis,</strong></span> <span class='ocrx_word' id='word_1_149' title='bbox 555 3029 766 3104; x_wconf 88' lang='lat' dir='ltr'><strong>certificatus</strong></span> <span class='ocrx_word' id='word_1_150' title='bbox 788 3051 850 3123; x_wconf 91' lang='lat' dir='ltr'><strong>por</strong></span> <span class='ocrx_word' id='word_1_151' title='bbox 872 3031 1062 3104; x_wconf 74' lang='lat' dir='ltr'><strong>Iohannem</strong></span> <span class='ocrx_word' id='word_1_152' title='bbox 1082 3031 1318 3124; x_wconf 66' lang='lat' dir='ltr'><strong>snpyeuskio</strong></span> <span class='ocrx_word' id='word_1_153' title='bbox 1346 3031 1510 3120; x_wconf 90' lang='lat' dir='ltr'><strong>militem,</strong></span> <span class='ocrx_word' id='word_1_154' title='bbox 1531 3031 1593 3123; x_wconf 89' lang='lat' dir='ltr'><strong>qni</strong></span> <span class='ocrx_word' id='word_1_155' title='bbox 1611 3051 1722 3123; x_wconf 89' lang='lat' dir='ltr'><strong>nuper</strong></span> <span class='ocrx_word' id='word_1_156' title='bbox 1735 3051 1782 3105; x_wconf 87' lang='lat' dir='ltr'><strong>ox</strong></span> <span class='ocrx_word' id='word_1_157' title='bbox 1796 3032 1923 3120; x_wconf 84' lang='lat' dir='ltr'><strong>Roma,</strong></span> 
     </span>
     <span class='ocr_line' id='line_1_19' title="bbox 375 3136 1923 3243; baseline 0.005 -25"><span class='ocrx_word' id='word_1_158' title='bbox 375 3136 476 3221; x_wconf 84' lang='lat' dir='ltr'><strong>nulla</strong></span> <span class='ocrx_word' id='word_1_159' title='bbox 493 3169 546 3238; x_wconf 89' lang='lat' dir='ltr'><strong>ra,</strong></span> <span class='ocrx_word' id='word_1_160' title='bbox 566 3171 628 3241; x_wconf 93' lang='lat' dir='ltr'><strong>pro</strong></span> <span class='ocrx_word' id='word_1_161' title='bbox 647 3171 717 3242; x_wconf 85' lang='lat' dir='ltr'><strong>qna</strong></span> <span class='ocrx_word' id='word_1_162' title='bbox 736 3150 964 3243; x_wconf 76' lang='lat' dir='ltr'><strong>fatigabatur,</strong></span> <span class='ocrx_word' id='word_1_163' title='bbox 994 3151 1086 3243; x_wconf 91' lang='lat' dir='ltr'><strong>apud</strong></span> <span class='ocrx_word' id='word_1_164' title='bbox 1114 3152 1264 3226; x_wconf 90' lang='lat' dir='ltr'><strong>Paulum</strong></span> <span class='ocrx_word' id='word_1_165' title='bbox 1279 3153 1310 3242; x_wconf 90' lang='lat'><strong>⁴)</strong></span> <span class='ocrx_word' id='word_1_166' title='bbox 1339 3151 1518 3224; x_wconf 89' lang='lat' dir='ltr'><strong>Summum</strong></span> <span class='ocrx_word' id='word_1_167' title='bbox 1537 3151 1743 3224; x_wconf 85' lang='lat' dir='ltr'><strong>Pontificem</strong></span> <span class='ocrx_word' id='word_1_168' title='bbox 1762 3153 1923 3238; x_wconf 86' lang='lat' dir='ltr'><strong>obtenta,</strong></span> 
     </span>
     <span class='ocr_line' id='line_1_20' title="bbox 375 3255 1924 3363; baseline 0.003 -23"><span class='ocrx_word' id='word_1_169' title='bbox 375 3255 542 3357; x_wconf 88' lang='lat' dir='ltr'><strong>redierat,</strong></span> <span class='ocrx_word' id='word_1_170' title='bbox 570 3269 770 3343; x_wconf 89' lang='lat' dir='ltr'><strong>Pomaranis</strong></span> <span class='ocrx_word' id='word_1_171' title='bbox 799 3275 833 3343; x_wconf 88' lang='lat' dir='ltr'><strong>et</strong></span> <span class='ocrx_word' id='word_1_172' title='bbox 859 3270 1050 3344; x_wconf 90' lang='lat' dir='ltr'><strong>Pruthanis</strong></span> <span class='ocrx_word' id='word_1_173' title='bbox 1078 3271 1120 3346; x_wconf 93' lang='lat' dir='ltr'><strong>de</strong></span> <span class='ocrx_word' id='word_1_174' title='bbox 1147 3293 1210 3344; x_wconf 90' lang='lat' dir='ltr'><strong>suo</strong></span> <span class='ocrx_word' id='word_1_175' title='bbox 1237 3271 1430 3363; x_wconf 88' lang='lat' dir='ltr'><strong>propinquo</strong></span> <span class='ocrx_word' id='word_1_176' title='bbox 1464 3271 1616 3343; x_wconf 83' lang='lat' dir='ltr'><strong>adventu</strong></span> <span class='ocrx_word' id='word_1_177' title='bbox 1647 3271 1749 3342; x_wconf 92' lang='lat' dir='ltr'><strong>illum</strong></span> <span class='ocrx_word' id='word_1_178' title='bbox 1779 3273 1924 3344; x_wconf 86' lang='lat' dir='ltr'><strong>enixius</strong></span> 
     </span>
     <span class='ocr_line' id='line_1_21' title="bbox 375 3386 1924 3482; baseline 0.003 -24"><span class='ocrx_word' id='word_1_179' title='bbox 375 3386 660 3478; x_wconf 82' lang='lat' dir='ltr'><strong>deposcentibua3</strong></span> <span class='ocrx_word' id='word_1_180' title='bbox 684 3389 802 3462; x_wconf 89' lang='lat' dir='ltr'><strong>missis</strong></span> <span class='ocrx_word' id='word_1_181' title='bbox 822 3411 959 3482; x_wconf 85' lang='lat' dir='ltr'><strong>quoque</strong></span> <span class='ocrx_word' id='word_1_182' title='bbox 979 3389 1150 3463; x_wconf 91' lang='lat' dir='ltr'><strong>Dobaslao</strong></span> <span class='ocrx_word' id='word_1_183' title='bbox 1175 3391 1395 3482; x_wconf 78' lang='lat' dir='ltr'><strong>Byesrcushi</strong></span> <span class='ocrx_word' id='word_1_184' title='bbox 1411 3390 1442 3478; x_wconf 77' lang='grc' dir='ltr'><strong>δ)</strong></span> <span class='ocrx_word' id='word_1_185' title='bbox 1469 3391 1660 3462; x_wconf 90' lang='lat' dir='ltr'><strong>castellano</strong></span> <span class='ocrx_word' id='word_1_186' title='bbox 1681 3390 1870 3463; x_wconf 81' lang='lat' dir='ltr'><strong>Belaaensi</strong></span> <span class='ocrx_word' id='word_1_187' title='bbox 1890 3397 1924 3464; x_wconf 89' lang='lat' dir='ltr'><strong>et</strong></span> 
     </span>
     <span class='ocr_line' id='line_1_22' title="bbox 375 3507 1921 3599; baseline 0.002 -18"><span class='ocrx_word' id='word_1_188' title='bbox 375 3507 551 3581; x_wconf 85' lang='lat' dir='ltr'><strong>Stanisleo</strong></span> <span class='ocrx_word' id='word_1_189' title='bbox 575 3509 617 3582; x_wconf 92' lang='lat' dir='ltr'><strong>de</strong></span> <span class='ocrx_word' id='word_1_190' title='bbox 635 3509 825 3598; x_wconf 82' lang='lat' dir='ltr'><strong>Thanocin,</strong></span> <span class='ocrx_word' id='word_1_191' title='bbox 855 3509 1022 3582; x_wconf 87' lang='lat' dir='ltr'><strong>Iohannis</strong></span> <span class='ocrx_word' id='word_1_192' title='bbox 1051 3511 1234 3582; x_wconf 89' lang='lat' dir='ltr'><strong>castellani</strong></span> <span class='ocrx_word' id='word_1_193' title='bbox 1262 3510 1499 3583; x_wconf 79' lang='lat' dir='ltr'><strong>Oracoviensis</strong></span> <span class='ocrx_word' id='word_1_194' title='bbox 1527 3510 1616 3596; x_wconf 88' lang='lat' dir='ltr'><strong>filio,</strong></span> <span class='ocrx_word' id='word_1_195' title='bbox 1641 3511 1677 3581; x_wconf 92' lang='lat' dir='ltr'><strong>in</strong></span> <span class='ocrx_word' id='word_1_196' title='bbox 1697 3509 1921 3599; x_wconf 73' lang='lat' dir='ltr'><strong>valachiam,</strong></span> 
     </span>
     <span class='ocr_line' id='line_1_23' title="bbox 376 3627 1922 3721; baseline 0.004 -23"><span class='ocrx_word' id='word_1_197' title='bbox 376 3627 436 3718; x_wconf 91' lang='lat' dir='ltr'><strong>qui</strong></span> <span class='ocrx_word' id='word_1_198' title='bbox 463 3629 578 3702; x_wconf 89' lang='lat' dir='ltr'><strong>animo</strong></span> <span class='ocrx_word' id='word_1_199' title='bbox 606 3630 694 3702; x_wconf 91' lang='lat' dir='ltr'><strong>bono</strong></span> <span class='ocrx_word' id='word_1_200' title='bbox 723 3629 938 3720; x_wconf 79' lang='lat' dir='ltr'><strong>Stephanum</strong></span> <span class='ocrx_word' id='word_1_201' title='bbox 969 3629 1209 3721; x_wconf 82' lang='lat' dir='ltr'><strong>Woyewodam</strong></span> <span class='ocrx_word' id='word_1_202' title='bbox 1237 3630 1432 3702; x_wconf 84' lang='lat' dir='ltr'><strong>lloldavice</strong></span> <span class='ocrx_word' id='word_1_203' title='bbox 1460 3650 1535 3702; x_wconf 89' lang='lat' dir='ltr'><strong>csse</strong></span> <span class='ocrx_word' id='word_1_204' title='bbox 1559 3629 1734 3716; x_wconf 87' lang='lat' dir='ltr'><strong>iuberent,</strong></span> <span class='ocrx_word' id='word_1_205' title='bbox 1758 3631 1798 3702; x_wconf 91' lang='lat' dir='ltr'><strong>iu</strong></span> <span class='ocrx_word' id='word_1_206' title='bbox 1826 3633 1922 3704; x_wconf 88' lang='lat' dir='ltr'><strong>omni</strong></span> 
     </span>
     <span class='ocr_line' id='line_1_24' title="bbox 374 3747 1921 3842; baseline 0.002 -23"><span class='ocrx_word' id='word_1_207' title='bbox 374 3747 594 3822; x_wconf 77' lang='lat' dir='ltr'><strong>necessitatis</strong></span> <span class='ocrx_word' id='word_1_208' title='bbox 622 3770 705 3822; x_wconf 89' lang='lat' dir='ltr'><strong>suae</strong></span> <span class='ocrx_word' id='word_1_209' title='bbox 732 3749 897 3836; x_wconf 91' lang='lat' dir='ltr'><strong>articulo,</strong></span> <span class='ocrx_word' id='word_1_210' title='bbox 931 3754 1051 3822; x_wconf 89' lang='lat' dir='ltr'><strong>contra</strong></span> <span class='ocrx_word' id='word_1_211' title='bbox 1083 3749 1284 3842; x_wconf 77' lang='lat' dir='ltr'><strong>Hungariae</strong></span> <span class='ocrx_word' id='word_1_212' title='bbox 1316 3751 1446 3842; x_wconf 76' lang='lat' dir='ltr'><strong>Regem</strong></span> <span class='ocrx_word' id='word_1_213' title='bbox 1462 3751 1493 3838; x_wconf 80' lang='lat'><strong>⁰)</strong></span> <span class='ocrx_word' id='word_1_214' title='bbox 1526 3755 1560 3822; x_wconf 90' lang='lat' dir='ltr'><strong>et</strong></span> <span class='ocrx_word' id='word_1_215' title='bbox 1586 3749 1783 3840; x_wconf 86' lang='lat' dir='ltr'><strong>quemlibet</strong></span> <span class='ocrx_word' id='word_1_216' title='bbox 1810 3751 1921 3822; x_wconf 87' lang='lat' dir='ltr'><strong>aliun</strong></span> 
     </span>
     <span class='ocr_line' id='line_1_25' title="bbox 374 3867 1921 3962; baseline 0.003 -24"><span class='ocrx_word' id='word_1_217' title='bbox 374 3867 526 3958; x_wconf 92' lang='lat' dir='ltr'><strong>hostem,</strong></span> <span class='ocrx_word' id='word_1_218' title='bbox 561 3869 687 3942; x_wconf 87' lang='lat' dir='ltr'><strong>solatia</strong></span> <span class='ocrx_word' id='word_1_219' title='bbox 702 3869 732 3958; x_wconf 76' lang='grc'><strong>7)</strong></span> <span class='ocrx_word' id='word_1_220' title='bbox 765 3867 935 3943; x_wconf 87' lang='lat' dir='ltr'><strong>Kacimiri</strong></span> <span class='ocrx_word' id='word_1_221' title='bbox 949 3869 1075 3961; x_wconf 78' lang='lat' dir='ltr'><strong>-Regis</strong></span> <span class='ocrx_word' id='word_1_222' title='bbox 1109 3875 1350 3960; x_wconf 85' lang='lat' dir='ltr'><strong>experturum,</strong></span> <span class='ocrx_word' id='word_1_223' title='bbox 1384 3869 1427 3943; x_wconf 94' lang='lat' dir='ltr'><strong>de</strong></span> <span class='ocrx_word' id='word_1_224' title='bbox 1453 3869 1661 3960; x_wconf 89' lang='lat' dir='ltr'><strong>praestando</strong></span> <span class='ocrx_word' id='word_1_225' title='bbox 1690 3889 1831 3961; x_wconf 83' lang='lat' dir='ltr'><strong>quoque</strong></span> <span class='ocrx_word' id='word_1_226' title='bbox 1860 3892 1921 3962; x_wconf 91' lang='lat' dir='ltr'><strong>per</strong></span> 
     </span>
     <span class='ocr_line' id='line_1_26' title="bbox 378 3985 1920 4082; baseline 0.003 -23"><span class='ocrx_word' id='word_1_227' title='bbox 378 3985 594 4078; x_wconf 89' lang='lat' dir='ltr'><strong>Stephanum</strong></span> <span class='ocrx_word' id='word_1_228' title='bbox 610 3987 642 4079; x_wconf 79' lang='grc'><strong>8)</strong></span> <span class='ocrx_word' id='word_1_229' title='bbox 678 3990 837 4082; x_wconf 83' lang='lat' dir='ltr'><strong>homagio</strong></span> <span class='ocrx_word' id='word_1_230' title='bbox 877 3989 1055 4061; x_wconf 85' lang='lat' dir='ltr'><strong>Kanimiro</strong></span> <span class='ocrx_word' id='word_1_231' title='bbox 1092 3988 1258 4062; x_wconf 89' lang='lat' dir='ltr'><strong>Poloniae</strong></span> <span class='ocrx_word' id='word_1_232' title='bbox 1293 3989 1382 4080; x_wconf 81' lang='lat' dir='ltr'><strong>Regi</strong></span> <span class='ocrx_word' id='word_1_233' title='bbox 1419 3995 1453 4060; x_wconf 91' lang='lat' dir='ltr'><strong>et</strong></span> <span class='ocrx_word' id='word_1_234' title='bbox 1489 4009 1551 4060; x_wconf 89' lang='lat' dir='ltr'><strong>auo</strong></span> <span class='ocrx_word' id='word_1_235' title='bbox 1587 3989 1723 4080; x_wconf 84' lang='lat' dir='ltr'><strong>Regno,</strong></span> <span class='ocrx_word' id='word_1_236' title='bbox 1762 3990 1857 4062; x_wconf 90' lang='lat' dir='ltr'><strong>diem</strong></span> <span class='ocrx_word' id='word_1_237' title='bbox 1887 3995 1920 4063; x_wconf 89' lang='lat' dir='ltr'><strong>ot</strong></span> 
     </span>
     <span class='ocr_line' id='line_1_27' title="bbox 373 4105 1916 4198; baseline 0.005 -22"><span class='ocrx_word' id='word_1_238' title='bbox 373 4105 487 4180; x_wconf 88' lang='lat' dir='ltr'><strong>locum</strong></span> <span class='ocrx_word' id='word_1_239' title='bbox 514 4107 684 4195; x_wconf 89' lang='lat' dir='ltr'><strong>dicerent,</strong></span> <span class='ocrx_word' id='word_1_240' title='bbox 723 4109 874 4182; x_wconf 84' lang='lat' dir='ltr'><strong>Sabbata</strong></span> <span class='ocrx_word' id='word_1_241' title='bbox 907 4109 943 4180; x_wconf 94' lang='lat' dir='ltr'><strong>in</strong></span> <span class='ocrx_word' id='word_1_242' title='bbox 977 4109 1128 4180; x_wconf 88' lang='lat' dir='ltr'><strong>crastino</strong></span> <span class='ocrx_word' id='word_1_243' title='bbox 1161 4109 1280 4182; x_wconf 86' lang='lat' dir='ltr'><strong>Sancti</strong></span> <span class='ocrx_word' id='word_1_244' title='bbox 1318 4109 1485 4181; x_wconf 84' lang='lat' dir='ltr'><strong>iohannis</strong></span> <span class='ocrx_word' id='word_1_245' title='bbox 1522 4107 1721 4198; x_wconf 89' lang='lat' dir='ltr'><strong>Baptistae,</strong></span> <span class='ocrx_word' id='word_1_246' title='bbox 1760 4109 1806 4181; x_wconf 89' lang='lat' dir='ltr'><strong>da</strong></span> <span class='ocrx_word' id='word_1_247' title='bbox 1837 4111 1916 4183; x_wconf 81' lang='lat' dir='ltr'><strong>Cra·</strong></span> 
     </span>
     <span class='ocr_line' id='line_1_28' title="bbox 374 4225 1916 4321; baseline 0.003 -23"><span class='ocrx_word' id='word_1_248' title='bbox 374 4225 472 4298; x_wconf 82' lang='lat' dir='ltr'><strong>coria</strong></span> <span class='ocrx_word' id='word_1_249' title='bbox 500 4247 578 4300; x_wconf 91' lang='lat' dir='ltr'><strong>cum</strong></span> <span class='ocrx_word' id='word_1_250' title='bbox 606 4233 764 4300; x_wconf 89' lang='lat' dir='ltr'><strong>consorte</strong></span> <span class='ocrx_word' id='word_1_251' title='bbox 797 4249 860 4300; x_wconf 89' lang='lat' dir='ltr'><strong>sna</strong></span> <span class='ocrx_word' id='word_1_252' title='bbox 887 4227 1021 4320; x_wconf 82' lang='lat' dir='ltr'><strong>Regina</strong></span> <span class='ocrx_word' id='word_1_253' title='bbox 1053 4227 1237 4301; x_wconf 82' lang='lat' dir='ltr'><strong>Elisabeth</strong></span> <span class='ocrx_word' id='word_1_254' title='bbox 1269 4228 1461 4321; x_wconf 74' lang='lat' dir='ltr'><strong>egreditur,</strong></span> <span class='ocrx_word' id='word_1_255' title='bbox 1494 4234 1529 4301; x_wconf 92' lang='lat' dir='ltr'><strong>et</strong></span> <span class='ocrx_word' id='word_1_256' title='bbox 1561 4228 1597 4299; x_wconf 90' lang='lat' dir='ltr'><strong>in</strong></span> <span class='ocrx_word' id='word_1_257' title='bbox 1626 4227 1812 4301; x_wconf 86' lang='lat' dir='ltr'><strong>Vislicicm</strong></span> <span class='ocrx_word' id='word_1_258' title='bbox 1840 4251 1916 4320; x_wconf 90' lang='lat' dir='ltr'><strong>per·</strong></span> 
     </span>
     <span class='ocr_line' id='line_1_29' title="bbox 372 4344 1915 4440; baseline 0.004 -28"><span class='ocrx_word' id='word_1_259' title='bbox 372 4344 531 4433; x_wconf 84' lang='lat' dir='ltr'><strong>veniens,</strong></span> <span class='ocrx_word' id='word_1_260' title='bbox 561 4347 710 4421; x_wconf 87' lang='lat' dir='ltr'><strong>diaetam</strong></span> <span class='ocrx_word' id='word_1_261' title='bbox 738 4347 814 4424; x_wconf 92' lang='lat' dir='ltr'><strong>illic</strong></span> <span class='ocrx_word' id='word_1_262' title='bbox 841 4347 969 4421; x_wconf 88' lang='lat' dir='ltr'><strong>tenuit:</strong></span> <span class='ocrx_word' id='word_1_263' title='bbox 999 4347 1186 4438; x_wconf 91' lang='lat' dir='ltr'><strong>deposcens</strong></span> <span class='ocrx_word' id='word_1_264' title='bbox 1214 4368 1276 4439; x_wconf 90' lang='lat' dir='ltr'><strong>pro</strong></span> <span class='ocrx_word' id='word_1_265' title='bbox 1295 4348 1472 4421; x_wconf 85' lang='lat' dir='ltr'><strong>solvendis</strong></span> <span class='ocrx_word' id='word_1_266' title='bbox 1491 4347 1732 4440; x_wconf 89' lang='lat' dir='ltr'><strong>stipendiariis</strong></span> <span class='ocrx_word' id='word_1_267' title='bbox 1751 4349 1823 4421; x_wconf 90' lang='lat' dir='ltr'><strong>sibi</strong></span> <span class='ocrx_word' id='word_1_268' title='bbox 1841 4350 1915 4420; x_wconf 86' lang='lat' dir='ltr'><strong>sul-</strong></span> 
     </span>
     <span class='ocr_line' id='line_1_30' title="bbox 373 4463 1914 4560; baseline 0.004 -26"><span class='ocrx_word' id='word_1_269' title='bbox 373 4463 522 4556; x_wconf 81' lang='lat' dir='ltr'><strong>lragium</strong></span> <span class='ocrx_word' id='word_1_270' title='bbox 549 4467 698 4540; x_wconf 83' lang='lat' dir='ltr'><strong>deserni.</strong></span> <span class='ocrx_word' id='word_1_271' title='bbox 723 4467 802 4560; x_wconf 74' lang='lat' dir='ltr'><strong>Qua</strong></span> <span class='ocrx_word' id='word_1_272' title='bbox 828 4489 865 4540; x_wconf 91' lang='lat' dir='ltr'><strong>re</strong></span> <span class='ocrx_word' id='word_1_273' title='bbox 892 4468 935 4539; x_wconf 92' lang='lat' dir='ltr'><strong>ad</strong></span> <span class='ocrx_word' id='word_1_274' title='bbox 963 4467 1249 4541; x_wconf 88' lang='lat' dir='ltr'><strong>deliberationem</strong></span> <span class='ocrx_word' id='word_1_275' title='bbox 1276 4467 1420 4553; x_wconf 88' lang='lat' dir='ltr'><strong>reiecta,</strong></span> <span class='ocrx_word' id='word_1_276' title='bbox 1449 4467 1609 4558; x_wconf 83' lang='lat' dir='ltr'><strong>quamvis</strong></span> <span class='ocrx_word' id='word_1_277' title='bbox 1629 4467 1763 4560; x_wconf 78' lang='lat' dir='ltr'><strong>singuli</strong></span> <span class='ocrx_word' id='word_1_278' title='bbox 1783 4468 1914 4540; x_wconf 85' lang='lat' dir='ltr'><strong>milita-</strong></span> 
     </span>
     <span class='ocr_line' id='line_1_31' title="bbox 371 4585 1912 4678; baseline 0.003 -24"><span class='ocrx_word' id='word_1_279' title='bbox 371 4603 427 4656; x_wconf 86' lang='lat' dir='ltr'><strong>rae</strong></span> <span class='ocrx_word' id='word_1_280' title='bbox 440 4590 481 4656; x_wconf 90' lang='lat' dir='ltr'><strong>et</strong></span> <span class='ocrx_word' id='word_1_281' title='bbox 498 4585 648 4674; x_wconf 89' lang='lat' dir='ltr'><strong>nobiles,</strong></span> <span class='ocrx_word' id='word_1_282' title='bbox 677 4587 727 4660; x_wconf 93' lang='lat' dir='ltr'><strong>roi</strong></span> <span class='ocrx_word' id='word_1_283' title='bbox 754 4587 915 4678; x_wconf 89' lang='lat' dir='ltr'><strong>publicae</strong></span> <span class='ocrx_word' id='word_1_284' title='bbox 934 4587 1141 4661; x_wconf 89' lang='lat' dir='ltr'><strong>necessitato</strong></span> <span class='ocrx_word' id='word_1_285' title='bbox 1164 4588 1353 4674; x_wconf 88' lang='lat' dir='ltr'><strong>calculata,</strong></span> <span class='ocrx_word' id='word_1_286' title='bbox 1382 4585 1656 4659; x_wconf 85' lang='lat' dir='ltr'><strong>subveniendum</strong></span> <span class='ocrx_word' id='word_1_287' title='bbox 1674 4587 1912 4672; x_wconf 76' lang='lat' dir='ltr'><strong>deseruerant,</strong></span> 
     </span>
     <span class='ocr_line' id='line_1_32' title="bbox 371 4705 1912 4800; baseline 0.001 -24"><span class='ocrx_word' id='word_1_288' title='bbox 371 4705 605 4779; x_wconf 89' lang='lat' dir='ltr'><strong>conclusionis</strong></span> <span class='ocrx_word' id='word_1_289' title='bbox 632 4713 747 4786; x_wconf 87' lang='lat' dir='ltr'><strong>tamen</strong></span> <span class='ocrx_word' id='word_1_290' title='bbox 775 4708 951 4780; x_wconf 89' lang='lat' dir='ltr'><strong>decretum</strong></span> <span class='ocrx_word' id='word_1_291' title='bbox 979 4707 1015 4779; x_wconf 91' lang='lat' dir='ltr'><strong>in</strong></span> <span class='ocrx_word' id='word_1_292' title='bbox 1042 4707 1192 4779; x_wconf 88' lang='lat' dir='ltr'><strong>diaetam</strong></span> <span class='ocrx_word' id='word_1_293' title='bbox 1211 4705 1407 4800; x_wconf 58' lang='lat' dir='ltr'><strong>mustelam</strong></span> <span class='ocrx_word' id='word_1_294' title='bbox 1426 4706 1753 4797; x_wconf 82' lang='lat' dir='ltr'><strong>Pyotrlroricnsam,</strong></span> <span class='ocrx_word' id='word_1_295' title='bbox 1774 4727 1819 4780; x_wconf 94' lang='lat' dir='ltr'><strong>ne</strong></span> <span class='ocrx_word' id='word_1_296' title='bbox 1835 4707 1912 4779; x_wconf 86' lang='lat' dir='ltr'><strong>abs-</strong></span> 
     </span>
     <span class='ocr_line' id='line_1_33' title="bbox 365 4805 1911 4917; baseline 0.002 -22"><span class='ocrx_word' id='word_1_297' title='bbox 365 4805 438 4915; x_wconf 75' lang='lat' dir='ltr'><strong>&#39;que</strong></span> <span class='ocrx_word' id='word_1_298' title='bbox 466 4824 639 4898; x_wconf 92' lang='lat' dir='ltr'><strong>militibus</strong></span> <span class='ocrx_word' id='word_1_299' title='bbox 666 4825 808 4899; x_wconf 86' lang='lat' dir='ltr'><strong>Maioris</strong></span> <span class='ocrx_word' id='word_1_300' title='bbox 840 4826 1020 4915; x_wconf 89' lang='lat' dir='ltr'><strong>Poloniae,</strong></span> <span class='ocrx_word' id='word_1_301' title='bbox 1053 4847 1126 4900; x_wconf 92' lang='lat' dir='ltr'><strong>rom</strong></span> <span class='ocrx_word' id='word_1_302' title='bbox 1141 4827 1172 4916; x_wconf 80' lang='lat'><strong>⁰)</strong></span> <span class='ocrx_word' id='word_1_303' title='bbox 1204 4827 1346 4899; x_wconf 88' lang='lat' dir='ltr'><strong>arduam</strong></span> <span class='ocrx_word' id='word_1_304' title='bbox 1374 4846 1603 4917; x_wconf 89' lang='lat' dir='ltr'><strong>praepropere</strong></span> <span class='ocrx_word' id='word_1_305' title='bbox 1635 4826 1833 4899; x_wconf 86' lang='lat' dir='ltr'><strong>assensisse</strong></span> <span class='ocrx_word' id='word_1_306' title='bbox 1860 4827 1911 4898; x_wconf 80' lang='lat' dir='ltr'><strong>ri-</strong></span> 
     </span>
    </p>
   </div>
   <div class='ocr_carea' id='block_1_9' title="bbox 641 5023 781 5032">
    <p class='ocr_par' dir='ltr' id='par_1_9' title="bbox 641 5023 781 5032">
     <span class='ocr_line' id='line_1_34' title="bbox 641 5023 781 5032; baseline 0 0"><span class='ocrx_word' id='word_1_307' title='bbox 641 5023 769 5032; x_wconf 43' lang='grc' dir='ltr'><strong>»φή-..-</strong></span> <span class='ocrx_word' id='word_1_308' title='bbox 776 5026 781 5030; x_wconf 91' lang='grc'><strong>-</strong></span> 
     </span>
    </p>
   </div>
   <div class='ocr_carea' id='block_1_10' title="bbox 371 5127 1910 5528">
    <p class='ocr_par' dir='ltr' id='par_1_10' title="bbox 371 5127 1910 5528">
     <span class='ocr_line' id='line_1_35' title="bbox 479 5127 1910 5218; baseline -0.002 -23"><span class='ocrx_word' id='word_1_309' title='bbox 479 5133 503 5214; x_wconf 87' lang='lat'><strong>¹)</strong></span> <span class='ocrx_word' id='word_1_310' title='bbox 526 5136 660 5198; x_wconf 87' lang='lat' dir='ltr'><strong>inducias</strong></span> <span class='ocrx_word' id='word_1_311' title='bbox 679 5132 742 5198; x_wconf 82' lang='lat' dir='ltr'><strong>Ed.</strong></span> <span class='ocrx_word' id='word_1_312' title='bbox 760 5131 850 5218; x_wconf 74' lang='lat' dir='ltr'><strong>Dipo.</strong></span> <span class='ocrx_word' id='word_1_313' title='bbox 868 5133 892 5213; x_wconf 85' lang='lat'><strong>²)</strong></span> <span class='ocrx_word' id='word_1_314' title='bbox 908 5135 1138 5212; x_wconf 76' lang='lat' dir='ltr'><strong>propugnaculis</strong></span> <span class='ocrx_word' id='word_1_315' title='bbox 1153 5130 1215 5194; x_wconf 82' lang='lat' dir='ltr'><strong>Ed.</strong></span> <span class='ocrx_word' id='word_1_316' title='bbox 1232 5129 1325 5216; x_wconf 76' lang='lat' dir='ltr'><strong>Ls&#39;pe.</strong></span> <span class='ocrx_word' id='word_1_317' title='bbox 1342 5129 1369 5209; x_wconf 81' lang='lat'><strong>³)</strong></span> <span class='ocrx_word' id='word_1_318' title='bbox 1384 5131 1575 5210; x_wconf 79' lang='lat' dir='ltr'><strong>Scapiensrln&#39;</strong></span> <span class='ocrx_word' id='word_1_319' title='bbox 1592 5127 1670 5196; x_wconf 81' lang='lat' dir='ltr'><strong>Ood.</strong></span> <span class='ocrx_word' id='word_1_320' title='bbox 1688 5127 1777 5196; x_wconf 75' lang='lat' dir='ltr'><strong>Galo.</strong></span> <span class='ocrx_word' id='word_1_321' title='bbox 1795 5130 1823 5208; x_wconf 78' lang='lat'><strong>⁴)</strong></span> <span class='ocrx_word' id='word_1_322' title='bbox 1837 5133 1910 5193; x_wconf 75' lang='lat' dir='ltr'><strong>Pan»</strong></span> 
     </span>
     <span class='ocr_line' id='line_1_36' title="bbox 371 5232 1909 5322; baseline -0.002 -23"><span class='ocrx_word' id='word_1_323' title='bbox 371 5241 430 5300; x_wconf 88' lang='lat' dir='ltr'><strong>lum</strong></span> <span class='ocrx_word' id='word_1_324' title='bbox 453 5239 612 5301; x_wconf 82' lang='lat' dir='ltr'><strong>secundnm</strong></span> <span class='ocrx_word' id='word_1_325' title='bbox 636 5234 699 5299; x_wconf 81' lang='lat' dir='ltr'><strong>Ed.</strong></span> <span class='ocrx_word' id='word_1_326' title='bbox 725 5235 814 5322; x_wconf 80' lang='lat' dir='ltr'><strong>Lips.</strong></span> <span class='ocrx_word' id='word_1_327' title='bbox 839 5235 866 5316; x_wconf 78' lang='lat'><strong>⁶)</strong></span> <span class='ocrx_word' id='word_1_328' title='bbox 888 5236 1073 5298; x_wconf 84' lang='lat' dir='ltr'><strong>Bisohowshi</strong></span> <span class='ocrx_word' id='word_1_329' title='bbox 1094 5233 1158 5298; x_wconf 79' lang='lat' dir='ltr'><strong>Ed,</strong></span> <span class='ocrx_word' id='word_1_330' title='bbox 1182 5233 1273 5318; x_wconf 80' lang='lat' dir='ltr'><strong>Lipe.</strong></span> <span class='ocrx_word' id='word_1_331' title='bbox 1297 5232 1324 5314; x_wconf 78' lang='lat'><strong>⁸)</strong></span> <span class='ocrx_word' id='word_1_332' title='bbox 1344 5240 1446 5296; x_wconf 70' lang='lat' dir='ltr'><strong>conta</strong></span> <span class='ocrx_word' id='word_1_333' title='bbox 1460 5235 1601 5295; x_wconf 74' lang='lat' dir='ltr'><strong>Hadriam</strong></span> <span class='ocrx_word' id='word_1_334' title='bbox 1615 5235 1788 5312; x_wconf 73' lang='lat' dir='ltr'><strong>Hnngarlae</strong></span> <span class='ocrx_word' id='word_1_335' title='bbox 1802 5233 1909 5312; x_wconf 74' lang='lat' dir='ltr'><strong>Regem</strong></span> 
     </span>
     <span class='ocr_line' id='line_1_37' title="bbox 371 5333 1909 5425; baseline -0.004 -21"><span class='ocrx_word' id='word_1_336' title='bbox 371 5339 435 5404; x_wconf 80' lang='lat' dir='ltr'><strong>Ed.</strong></span> <span class='ocrx_word' id='word_1_337' title='bbox 459 5339 552 5425; x_wconf 78' lang='lat' dir='ltr'><strong>Lipr.</strong></span> <span class='ocrx_word' id='word_1_338' title='bbox 586 5339 612 5422; x_wconf 88' lang='lat'><strong>⁷)</strong></span> <span class='ocrx_word' id='word_1_339' title='bbox 642 5342 753 5403; x_wconf 83' lang='lat' dir='ltr'><strong>auxilia</strong></span> <span class='ocrx_word' id='word_1_340' title='bbox 777 5333 844 5402; x_wconf 77' lang='lat' dir='ltr'><strong>Ed.</strong></span> <span class='ocrx_word' id='word_1_341' title='bbox 876 5336 966 5421; x_wconf 80' lang='lat' dir='ltr'><strong>Lipa.</strong></span> <span class='ocrx_word' id='word_1_342' title='bbox 998 5337 1025 5418; x_wconf 78' lang='lat'><strong>⁸)</strong></span> <span class='ocrx_word' id='word_1_343' title='bbox 1054 5357 1107 5416; x_wconf 89' lang='lat' dir='ltr'><strong>per</strong></span> <span class='ocrx_word' id='word_1_344' title='bbox 1135 5339 1317 5416; x_wconf 81' lang='lat' dir='ltr'><strong>Stephanum</strong></span> <span class='ocrx_word' id='word_1_345' title='bbox 1346 5337 1527 5399; x_wconf 87' lang='lat' dir='ltr'><strong>Vcieuodam</strong></span> <span class='ocrx_word' id='word_1_346' title='bbox 1549 5335 1612 5399; x_wconf 82' lang='lat' dir='ltr'><strong>Ed.</strong></span> <span class='ocrx_word' id='word_1_347' title='bbox 1635 5334 1726 5420; x_wconf 77' lang='lat' dir='ltr'><strong>Lipa.</strong></span> <span class='ocrx_word' id='word_1_348' title='bbox 1751 5336 1777 5416; x_wconf 64' lang='lat'><strong>³)</strong></span> <span class='ocrx_word' id='word_1_349' title='bbox 1799 5340 1829 5398; x_wconf 91' lang='lat' dir='ltr'><strong>in</strong></span> <span class='ocrx_word' id='word_1_350' title='bbox 1851 5357 1909 5398; x_wconf 84' lang='lat' dir='ltr'><strong>rem</strong></span> 
     </span>
     <span class='ocr_line' id='line_1_38' title="bbox 371 5441 1113 5528; baseline 0 -22"><span class='ocrx_word' id='word_1_351' title='bbox 371 5441 434 5506; x_wconf 77' lang='lat' dir='ltr'><strong>Ec.</strong></span> <span class='ocrx_word' id='word_1_352' title='bbox 456 5442 546 5528; x_wconf 77' lang='lat' dir='ltr'><strong>Dipo.</strong></span> <span class='ocrx_word' id='word_1_353' title='bbox 1001 5487 1005 5494; x_wconf 88' lang='lat'>-</span> <span class='ocrx_word' id='word_1_354' title='bbox 1111 5483 1113 5490; x_wconf 92' lang='lat'>·</span> 
     </span>
    </p>
   </div>
   <div class='ocr_carea' id='block_1_11' title="bbox 0 0 2030 6280">
    <p class='ocr_par' dir='ltr' id='par_1_11' title="bbox 0 0 2030 6280">
     <span class='ocr_line' id='line_1_39' title="bbox 0 0 2030 6280; baseline 0 0"><span class='ocrx_word' id='word_1_355' title='bbox 0 0 2030 6280; x_wconf 95' lang='lat' dir='ltr'><strong> </strong></span> 
     </span>
    </p>
   </div>
   <div class='ocr_carea' id='block_1_12' title="bbox 2019 787 2032 3740">
    <p class='ocr_par' dir='ltr' id='par_1_12' title="bbox 2019 787 2032 3740">
     <span class='ocr_line' id='line_1_40' title="bbox 2019 787 2032 3740; baseline 0 0"><span class='ocrx_word' id='word_1_356' title='bbox 2019 787 2032 3740; x_wconf 95' lang='lat' dir='ltr'><strong> </strong></span> 
     </span>
    </p>
   </div>
  </div>
 </body>
</html>
