4090 6290
122 545 190 645 (Α.
211 546 255 620 D.
277 543 403 643 1477.)
549 610 555 618 .
636 569 749 622 urana
774 567 1020 622 uuoorecruus
1047 550 1161 640 (oron).
1597 549 1671 623 655

121 753 225 827 annis
243 756 325 846 plus
345 773 449 846 quam
468 753 615 826 duobus.
645 753 824 842 Morbone,
845 753 1018 826 insertum
1037 755 1106 843 est,
1136 753 1330 846 extinetus,
1359 776 1403 829 an
1431 775 1564 830 veneno
1583 777 1603 829 a
1622 757 1670 831 fe·

121 875 229 949 minis
255 873 458 967 propinato,
487 873 524 946 in
552 893 639 968 quas
667 873 898 967 intemperate
928 895 965 948 eo
991 873 1128 967 egebat.

119 1230 334 1304 trremlolous
357 1229 593 1304 mooeoooooa
615 1231 700 1318 box,
723 1247 866 1302 moerore
889 1229 929 1302 oh
951 1230 1172 1303 hostilitatem
1193 1232 1334 1304 hothioe
1360 1232 1540 1323 hungariae
1562 1232 1670 1324 hogis

483 1351 575 1424 erius
597 1353 710 1440 portes
733 1347 946 1442 sequebatur,
969 1354 1143 1441 eooeepto,
1165 1353 1310 1425 moritur.

227 1597 419 1670 Undecima
439 1598 555 1671 Martii
572 1599 609 1688 ¹),
630 1599 866 1672 Praemislaus
886 1599 1143 1672 Theeohnemsis
1163 1599 1260 1688 Dux,
1282 1599 1430 1672 tristitia
1448 1603 1483 1672 et
1502 1621 1667 1689 moerore,

118 1723 163 1789 ut
190 1719 305 1807 aiunt,
335 1721 512 1792 eorrfeetus
540 1720 651 1812 magis
676 1741 779 1811 quam
798 1720 932 1807 morbo,
961 1719 1053 1811 quod
1072 1719 1224 1792 Mathias
1243 1719 1445 1812 Hongariae
1465 1719 1563 1808 Rex,
1593 1739 1669 1793 eum

119 1847 157 1910 et
172 1844 293 1910 eontra
310 1838 528 1912 Kaaimirum
557 1841 723 1913 Polouiae
746 1846 781 1913 et
804 1844 924 1912 eontra
940 1839 1174 1912 Wladislaum
1194 1839 1382 1912 Bohemiae
1401 1840 1514 1932 Reges
1531 1845 1667 1931 (quarn-

120 1959 177 2031 aie
197 1959 271 2031 illis
291 1961 415 2032 striata
433 1960 753 2054 consanguinitate,
781 1965 903 2052 utpote
922 1981 965 2033 ex
986 1980 1102 2032 sorore
1130 1959 1265 2032 amitali
1285 1979 1449 2051 germana
1476 1958 1578 2032 Otika
1597 1961 1669 2032 Ka·

119 2079 237 2151 aimiri
265 2081 372 2172 Regis
400 2081 566 2154 Potomiae
593 2081 750 2174 genitus,
784 2080 1008 2170 ooniunetue)
1041 2081 1231 2167 sentiebat,
1260 2080 1362 2152 illum
1390 2081 1432 2153 de
1460 2079 1671 2154 dimittenda

119 2221 200 2273 aree
227 2207 262 2274 et
289 2201 432 2274 civitate
460 2202 713 2292 Thosohnensi,
742 2206 804 2274 aut
831 2201 872 2274 de
901 2201 1078 2275 solvendis
1107 2201 1307 2292 sumptibus
1335 2200 1371 2272 in
1399 2201 1532 2274 bellum
1560 2201 1668 2274 Slesi-

119 2321 248 2408 lioum,
283 2321 319 2393 in
335 2318 365 2410 ²)
399 2321 474 2394 eius
506 2321 747 2396 liberat-ionem
782 2321 963 2412 expensis,
998 2321 1173 2394 attribue
1207 2319 1365 2393 millibus
1399 2321 1606 2393 florenorum
1635 2325 1670 2394 et

120 2441 325 2534 quingentis
352 2442 492 2515 florenis
521 2443 631 2516 eidem
660 2443 749 2514 Duei
776 2441 931 2534 gratuito
964 2441 1119 2530 donatis,
1152 2441 1253 2533 gravi
1281 2441 1525 2514 molestatione
1553 2442 1668 2535 requi·

117 2562 235 2650 rebat,
265 2561 301 2634 in
329 2582 407 2634 eree
434 2562 670 2636 Theeohuensi
699 2562 789 2635 diem
818 2561 921 2650 obiit,
955 2561 992 2634 in
1020 2559 1277 2651 monasterio³l
1310 2562 1457 2634 fratrum
1485 2563 1668 2636 Praedioa·

118 2689 236 2755 torum
256 2683 292 2754 in
311 2683 484 2754 Theeehin
504 2684 665 2774 sepultus
681 2683 729 2773 ⁴):
758 2703 863 2754 ronam
882 2682 1121 2754 tamtummodo
1140 2683 1249 2754 filiam
1270 2681 1475 2774 Hedvigim,
1505 2702 1548 2755 ex
1567 2684 1670 2756 huna

118 2803 279 2876 Boleslai
298 2801 405 2874 Dueis
424 2803 728 2876 Warsehorieusis
752 2803 841 2890 tilia,
871 2808 1085 2894 suseeptam,
1113 2803 1316 2894 relinquens
1336 2803 1572 2894 superstitem.
1602 2803 1668 2896 Qui

118 2923 273 2996 moriens
292 2927 453 3014 nepotem
468 2945 569 2996 suom
583 2945 785 3017 germanum
805 2923 1039 3010 Koolmirom,
1061 2922 1173 2994 tilium
1193 2922 1349 2996 Boleslai
1367 2923 1540 3014 germani,
1560 2926 1667 2996 testa·

118 3052 237 3120 mento
255 3045 401 3135 reliquit
420 3045 574 3118 omnium
592 3045 858 3137 Prinoipetuum
877 3064 1020 3116 suorum
1039 3043 1237 3133 haeredem,
1267 3065 1413 3136 quorum
1429 3043 1460 3132 5)
1489 3064 1531 3117 ex
1551 3045 1666 3136 Praga

118 3165 309 3244 adveniens
329 3165 382 3257 (in
396 3165 573 3258 obsequiis
588 3165 681 3238 enim
694 3165 884 3240 Wlaalielai
902 3164 1090 3240 Bohemiae
1109 3155 1217 3259 Regis
1236 3164 1390 3258 agebat),
1410 3164 1544 3238 Mathia
1563 3161 1664 3236 Hun-

118 3288 240 3382 gariae
276 3288 372 3380 Rege
404 3287 637 3380 nequisquam
670 3287 831 3360 obstante
863 3291 898 3361 ot
925 3285 969 3358 ad
996 3307 1095 3358 suam
1123 3285 1300 3374 trahente,
1333 3284 1409 3359 iure
1437 3285 1585 3375 feudali,
1614 3285 1667 3358 di·

118 3411 267 3500 lionem,
297 3411 351 3482 est
378 3413 597 3482 ooneeoutus.
625 3407 809 3482 Praefatae
837 3406 1010 3499 siquidem
1037 3406 1189 3479 Mathias
1209 3406 1412 3498 Hungariae
1430 3407 1524 3496 Rex,
1553 3409 1667 3479 traus-

118 3533 241 3611 missie
268 3531 379 3625 primo
406 3549 488 3602 aere
517 3529 554 3602 iu
582 3529 732 3602 Slesiam
760 3528 915 3622 quinque
942 3526 1248 3620 stipendiariorum
1271 3525 1447 3616 millibus,
1475 3531 1512 3600 et
1540 3525 1667 3619 Glogo-

118 3659 217 3733 siam
243 3653 406 3727 maiorem
426 3655 461 3725 et
479 3650 621 3740 Geram,
652 3649 880 3723 Suiduioaam
899 3649 1079 3738 otiarer,
1108 3651 1332 3740 caeterasque
1351 3647 1486 3720 Slesiae
1504 3645 1668 3720 civitatee

118 3776 329 3868 intoroipere
356 3778 392 3846 et
418 3791 586 3864 oooupare
616 3771 805 3845 nitebatur.
838 3770 985 3859 Verum,
1019 3790 1098 3842 oum
1130 3773 1268 3841 tanturn
1300 3767 1493 3842 exereitum
1520 3767 1620 3840 nulla
1635 3767 1667 3857 6)

118 3901 248 3975 eivitos
277 3893 427 3981 Slesiae,
456 3893 516 3966 sed
534 3911 597 3966 neo
616 3891 863 3981 Wratislavia,
891 3891 1002 3984 portis
1031 3889 1178 3978 elassis,
1207 3888 1397 3981 perniciem
1417 3909 1533 3977 suam,
1563 3887 1594 3960 si
1612 3887 1666 3960 in·

118 4021 339 4116 graderetur,
367 4014 496 4104 uerita,
525 4010 735 4106 suseiperet,
763 4032 980 4105 magnusque
1000 4011 1154 4084 omnium
1175 4009 1383 4084 victualium
1407 4014 1441 4083 et
1458 4008 1667 4102 pabulorum

118 4142 227 4216 illum
259 4138 415 4212 ueroeam
447 4133 634 4228 affligeret,
672 4133 709 4205 in
740 4133 848 4206 bilem
886 4133 1060 4226 quandam
1092 4137 1128 4205 et
1159 4133 1310 4206 fororem
1345 4149 1550 4219 oonaersue,
1586 4129 1668 4236 plue

119 4283 226 4356 quarn
253 4257 432 4332 hostiliter
463 4253 599 4330 saevire
625 4255 662 4327 iu
690 4275 764 4344 eos,
793 4255 922 4346 quibus
945 4255 1083 4327 laturus
1103 4257 1178 4326 erat
1196 4251 1421 4340 solatioml),
1450 4250 1580 4343 eoepit:
1609 4249 1665 4323 oie-

118 4381 320 4478 populando
346 4399 448 4470 agros
475 4382 511 4450 et
536 4377 660 4466 villas,
689 4395 875 4468 saerasque
902 4375 1004 4449 aedes
1023 4379 1058 4448 et
1076 4375 1207 4466 templa
1230 4373 1459 4463 intendendo,
1488 4370 1666 4445 imbellem

120 4523 245 4579 sexum
264 4497 485 4586 trucidando,
514 4497 686 4590 virgines,
715 4496 896 4586 mulieres,
920 4515 1109 4588 puerperas
1129 4493 1310 4585 spoliando
1331 4497 1436 4584 atque
1454 4491 1664 4566 deflorando.

121 4623 333 4718 Supervenit
359 4625 395 4694 ot
422 4639 466 4692 ex
494 4617 678 4707 Bohemia,
707 4618 772 4691 sub
800 4617 929 4690 durato
945 4616 978 4707 8)
1005 4615 1173 4689 Iohannis
1193 4613 1487 4702 Thouaoaoaslri,
1516 4616 1667 4705 quatuor

120 4745 237 4824 millia
262 4743 419 4840 gentium
447 4739 689 4836 expeditarum
716 4737 865 4828 habens,
894 4759 914 4812 a
940 4736 1137 4812 Wladislao
1170 4735 1358 4808 Bohemiae
1389 4734 1485 4827 Rege
1511 4733 1666 4807 destina·

119 4875 182 4943 tus
209 4865 399 4953 exereitus,
429 4881 531 4956 quern
558 4859 783 4953 Hungarieue
801 4859 936 4932 veritus
961 4857 1160 4951 (ooeernere
1178 4855 1271 4930 enim
1291 4875 1368 4930 eum
1387 4853 1450 4928 illo
1471 4875 1574 4947 quam
1594 4853 1665 4948 pri·

120 5010 217 5064 mum
245 4985 456 5075 aestuabat),
485 5002 529 5058 ex
557 4981 672 5057 Slesio
698 4979 928 5054 tumultuarie
951 4979 988 5053 iu
1007 4977 1224 5073 Huugariam
1255 4977 1380 5070 spoliis
1412 4981 1559 5050 onustus
1587 4996 1666 5050 suo·

121 5173 534 5192 W

231 5280 253 5364 ¹)
277 5214 387 5344 mensis
408 5277 506 5340 hiartii
530 5273 593 5342 Ed.
618 5272 710 5361 Lipe.
745 5268 1022 5358 Ω)ε1Εῶ.Ῑ,1’111.
1055 5270 1080 5352 ³)
1103 5271 1137 5334 ln
1160 5268 1337 5334 monasterio
1364 5273 1461 5332 eutem
1491 5264 1553 5331 Eat
1576 5263 1668 5354 Lipo.
1719 5317 1721 5324 .

121 5383 151 5469 4)
173 5386 306 5466 sepultus
329 5389 374 5446 est
398 5381 458 5445 Ed.
482 5380 572 5465 Lips.
598 5380 623 5460 ⁵)
647 5397 721 5458 quoe
743 5379 938 5456 Principalee
951 5375 1014 5440 Ed.
1037 5374 1128 5460 Lipo.
1153 5375 1178 5456 ⁶)
1203 5383 1232 5438 et
1253 5377 1335 5436 nulla
1354 5371 1416 5438 Ed.
1433 5371 1523 5458 Lipo.
1544 5371 1568 5455 7)
1586 5375 1666 5434 auxi·

120 5493 194 5555 lium
217 5487 280 5552 Ed.
305 5486 395 5573 Lo'ps.
421 5485 447 5569 ⁸)
470 5488 525 5548 sub
547 5485 636 5548 bareto
660 5479 723 5546 Ed.
752 5480 841 5567 Ltpe.
