4046 6278
377 537 453 610 406
885 559 997 615 uranu
1025 559 1270 615 nucnncnrus
1297 541 1411 633 (xm).
1644 537 1713 638 (Α.
1733 537 1778 612 D.
1797 534 1928 634 1405.)

426 856 559 930 lacobus
581 858 622 932 dc
644 859 750 932 tenuo
774 859 993 950 episcopatum
1015 857 1316 931 madulanum
1337 859 1515 947 mamm,
1536 873 1637 948 patro
1660 875 1738 930 urc
1759 858 1883 946 ragom

858 980 1033 1069 pannulum
1056 994 1076 1050 a
1098 995 1135 1052 rc
1158 981 1193 1052 ct
1215 979 1284 1050 ruia
1306 978 1439 1050 urubt.

480 1223 628 1297 Iacobus
648 1225 691 1298 de
710 1223 824 1298 Sonno
844 1225 871 1313 ¹)
899 1223 1207 1297 wladislaviensis
1226 1223 1427 1316 episcopus,
1447 1243 1491 1295 ex
1510 1222 1622 1296 Roma
1637 1242 1821 1310 reversus,
1843 1221 1926 1294 (tra-

377 1342 512 1417 coriam
539 1344 690 1435 primum
717 1343 922 1431 adveniens,
951 1347 986 1416 et
1013 1342 1139 1416 exinde
1166 1343 1204 1415 in
1230 1343 1479 1435 patrimonium
1506 1363 1608 1414 suum
1631 1341 1828 1429 divertens,
1859 1363 1933 1412 nou

378 1462 449 1534 nisi
467 1463 523 1534 die
541 1464 703 1552 Veneris,
731 1463 899 1536 vicesima
921 1463 1033 1554 prima
1051 1463 1170 1536 Martii
1181 1461 1212 1552 2)
1232 1462 1502 1536 Wladisluviam
1522 1461 1680 1534 aduenit:
1709 1461 1771 1535 ubi
1790 1483 1812 1533 a
1832 1462 1930 1534 clero

379 1587 415 1654 et
433 1583 562 1673 populo
590 1583 684 1654 omni
710 1584 839 1655 bonore
858 1585 893 1654 et
911 1581 1127 1674 gratitudine
1160 1588 1360 1674 susceptus,
1390 1583 1561 1654 adventus
1588 1581 1645 1653 sui
1672 1586 1708 1654 ct
1734 1581 1932 1673 ingressio·

378 1701 434 1773 nis
463 1722 546 1774 suae
573 1702 764 1794 primitias,
792 1702 950 1774 donando
974 1701 1141 1775 ecclesiae
1160 1723 1243 1774 suae
1261 1701 1552 1776 Wladielaviensi
1579 1721 1724 1792 cappam
1748 1701 1934 1774 choralom

379 1820 422 1893 de
449 1820 630 1894 adamasco
659 1821 781 1909 rubeo,
810 1842 893 1894 auro
921 1821 1074 1908 intexto,
1103 1820 1393 1894 circumferentiis
1420 1821 1571 1896 intextis
1593 1821 1760 1894 nobiliter
1778 1821 1932 1892 adorna

379 1945 468 2029 tum,
507 1941 590 2014 item
627 1941 779 2014 casulam
818 1940 993 2014 adumasci
1021 1940 1168 2014 alterius
1199 1941 1314 2030 rubei,
1353 1961 1436 2014 auro
1464 1940 1630 2014 similiter
1664 1940 1812 2028 intexti,
1845 1939 1934 2012 item

380 2060 467 2132 duas
507 2060 713 2133 dalmaticae
746 2060 901 2133 eiusdem
934 2060 1125 2147 adamasci,
1160 2066 1194 2133 st
1221 2061 1309 2132 alias
1341 2061 1427 2132 duas
1460 2060 1676 2151 Kythaicxae
1706 2060 1934 2147 brunaticae,

380 2180 424 2252 ad
451 2179 549 2252 mille
576 2180 723 2254 florenos
756 2180 955 2266 aestimata,
989 2180 1163 2252 honestat.
1196 2181 1283 2252 Post
1314 2180 1389 2252 dies
1421 2200 1502 2252 vero
1535 2183 1611 2252 octo
1644 2199 1735 2250 nova
1762 2178 1936 2252 molestia

379 2299 430 2373 ibi
445 2299 476 2389 3)
503 2299 632 2374 iniecta
658 2305 723 2373 est.
752 2300 787 2372 N
788 2321 843 2372 am
863 2299 1043 2390 Mikpesch
1059 2299 1101 2388 ⁴),
1131 2299 1245 2372 Ulrici
1264 2298 1478 2386 Gnirwonlra,
1508 2299 1570 2390 qui
1587 2318 1699 2388 nuper
1716 2299 1811 2370 diem
1833 2299 1935 2371 obis

378 2425 450 2509 rat,
480 2440 524 2493 ex
551 2424 665 2493 castro
693 2419 808 2493 Golub
836 2419 1055 2510 capitaneus,
1084 2419 1253 2492 descensu
1280 2439 1359 2491 cum
1386 2417 1561 2490 militibus
1584 2417 1785 2510 armigeris,
1815 2417 1937 2490 ethis

380 2539 602 2632 praesertim,
632 2539 693 2631 qui
721 2559 757 2612 se
785 2538 1020 2630 querebantur
1046 2538 1083 2609 in
1110 2537 1296 2629 stipendiis
1328 2537 1421 2628 apud
1452 2536 1560 2610 Noae
1587 2536 1743 2610 emeritis
1771 2559 1848 2609 non
1879 2557 1937 2609 so·

380 2661 492 2748 lutos,
530 2661 637 2747 facto,
671 2662 822 2732 montem
854 2657 1141 2745 Dobrainensem,
1179 2657 1240 2750 qui
1272 2657 1407 2730 Wislue
1439 2656 1693 2748 supereminet,
1726 2661 1762 2729 st
1791 2657 1832 2728 in
1863 2677 1937 2748 quo

381 2779 555 2872 quondam
582 2799 646 2852 arx
672 2778 768 2871 rogia
785 2777 993 2864 habebatur,
1022 2777 1239 2865 incastellat,
1269 2775 1383 2869 specie
1399 2775 1431 2864 5)
1459 2775 1599 2866 quidem
1618 2776 1883 2849 Ploceeusibns
1902 2781 1940 2849 et

381 2899 565 2972 Masovicis
597 2899 794 2987 nociturus,
822 2917 948 2970 revera
974 2901 1090 2969 autem
1119 2901 1154 2969 et
1181 2895 1358 2968 Maeoniae
1385 2899 1420 2967 et
1447 2895 1620 2987 Odyssiae
1652 2916 1790 2968 omnem
1817 2917 1937 2984 orani,

381 3019 466 3093 item
494 3019 609 3091 omnia
634 3017 776 3111 navigia
803 3037 941 3090 sursum
968 3020 1003 3089 et
1029 3016 1190 3088 deorsum
1222 3036 1301 3088 cnm
1332 3015 1504 3088 mercibus
1531 3035 1594 3106 per
1620 3015 1759 3086 alveum
1788 3015 1939 3088 wislae

381 3138 616 3227 transeuntia,
645 3139 682 3210 in
710 3159 809 3210 suam
836 3135 1004 3208 ditionem
1032 3140 1066 3208 ot
1094 3135 1265 3208 tributum
1294 3135 1510 3208 redacturus.
1539 3133 1659 3227 (longit
1685 3133 1807 3225 itaque
1827 3135 1938 3208 Iaco-

381 3260 446 3332 bus
480 3257 786 3331 Wladislaricnsis
820 3256 1019 3348 episcopus,
1056 3254 1298 3348 magnitudino
1328 3253 1476 3346 periculi
1506 3257 1670 3346 pensata,
1702 3253 1864 3345 primum
1898 3255 1940 3326 in

382 3379 572 3470 Braescnpe
599 3398 660 3470 pro
688 3377 743 3450 dic
772 3375 953 3449 Dominicc
976 3374 1112 3464 ludica,
1142 3395 1230 3465 quae
1248 3378 1324 3447 erat
1340 3375 1467 3447 ultima
1485 3373 1604 3446 Martii
1618 3373 1662 3462 ⁶),
1691 3373 1938 3462 consiliarios,

382 3497 505 3571 deinde
532 3497 569 3570 in
596 3495 865 3569 Wladielaviam
897 3495 1097 3583 convenire,
1131 3498 1166 3567 et
1193 3493 1439 3585 Mikyescbone
1466 3514 1544 3566 cum
1572 3492 1777 3566 Senioribus
1812 3513 1937 3566 accer-

382 3617 450 3690 sito
478 3621 512 3692 et
539 3617 575 3689 in
604 3615 873 3690 Wladislariam
900 3615 1077 3701 ueniente,
1106 3634 1184 3686 cum
1212 3612 1358 3686 Nicolao
1382 3613 1424 3685 de
1443 3613 1700 3704 Koscnyelpccz
1728 3613 1938 3700 Brestensi,

382 3738 537 3809 Iohanne
564 3736 606 3809 de
633 3737 887 3828 Koscnyolpecn
915 3732 1290 3820 Iuniwladislariensi,
1319 3732 1503 3824 palatinis,
1528 3737 1564 3804 et
1581 3733 1662 3804 aliis
1681 3737 1795 3804 terrae
1814 3731 1938 3824 Onys-

382 3857 513 3930 riensis
540 3856 743 3942 baronibus,
772 3875 833 3946 per
860 3858 1032 3926 tractatus
1051 3853 1183 3938 varios,
1211 3852 1334 3926 diebus
1353 3852 1489 3942 aliquot
1507 3851 1636 3938 factos,
1665 3849 1789 3923 solerti
1808 3857 1936 3924 osten·

384 3975 480 4047 sione
508 3981 542 4047 et
568 3975 793 4066 persuasione
820 3974 922 4045 illum
951 3972 993 4044 de
1020 3972 1095 4044 loco
1122 3972 1360 4058 incastellabo,
1388 3970 1480 4042 datis
1500 3969 1568 4042 sibi
1586 3974 1725 4042 centum
1749 3969 1937 4061 quinqua

383 4097 482 4189 ginta
513 4094 669 4182 florenis,
703 4094 822 4166 cedere
854 4091 1005 4179 inducit,
1038 4095 1074 4163 et
1105 4089 1228 4182 ingens
1260 4089 1456 4182 periculum
1486 4109 1594 4180 parvo
1627 4109 1710 4160 auro
1742 4089 1937 4180 dispellit:

383 4214 475 4307 quod
501 4214 570 4286 nisi
597 4213 763 4305 providus
790 4212 949 4303 pontifex
977 4209 1183 4284 festinanter
1200 4209 1401 4297 avertisset,
1431 4208 1557 4282 fuisset
1575 4208 1722 4281 ecclesia
1740 4228 1807 4279 sna
1826 4209 1937 4281 Wla·

383 4333 609 4407 dislariensis
636 4333 796 4404 omnibus
824 4329 1051 4416 sanctuariis,
1088 4328 1272 4416 calicibus,
1302 4327 1485 4416 clenodiis,
1514 4327 1670 4400 Praelati
1697 4347 1780 4399 roro
1808 4333 1849 4400 ct
1879 4349 1937 4401 ec·

383 4452 574 4527 clesiastici
592 4451 907 4525 Wladislariouses
926 4449 1085 4522 omnibus
1109 4447 1276 4536 fortunis,
1305 4447 1342 4520 in
1360 4447 1417 4520 die
1435 4446 1582 4520 Veneris
1601 4451 1737 4534 sancto,
1767 4445 1831 4538 qui
1855 4447 1937 4520 dies

383 4595 445 4665 pro
473 4571 672 4644 huiusmodi
700 4569 901 4662 exequendo
930 4568 1079 4640 facinore
1106 4568 1320 4640 constitutus
1348 4569 1477 4654 fuerat,
1507 4565 1650 4657 spoliati
1668 4569 1704 4637 et
1721 4565 1937 4656 captivitati

384 4691 525 4765 addicti.
553 4691 711 4764 (lustrum
738 4691 948 4780 praefatum,
977 4708 1019 4758 ne
1046 4687 1173 4760 iterum
1200 4687 1319 4759 hostes
1346 4706 1384 4758 oo
1411 4684 1624 4776 potirentur,
1652 4684 1801 4757 Nicolao
1820 4685 1935 4758 Dnia-

384 4812 493 4884 linski
520 4810 628 4882 militi
655 4809 774 4881 datum
793 4808 830 4880 in
849 4811 1021 4894 tenutam,
1050 4805 1198 4898 pecunia
1217 4825 1354 4897 quoque
1373 4808 1408 4877 et
1426 4808 1587 4896 sumptus
1614 4803 1750 4877 adiecta
1765 4803 1814 4892 7);
1844 4825 1934 4877 con·

385 4931 500 5004 stabat
528 4929 619 5003 enim
646 4929 781 5016 hostes,
810 4925 870 5018 qui
897 4927 934 4998 in
961 4925 1062 4998 Nova
1088 4924 1239 4998 Ciuitate
1261 4923 1426 4996 Prussiae
1453 4944 1559 5014 props
1586 4922 1756 4995 Bratbian
1775 4924 1937 5015 agebant

490 5218 513 5298 ¹)
537 5219 573 5279 do
595 5219 713 5295 Syenno
736 5213 799 5278 Ed.
822 5211 913 5298 Dipa.
937 5213 962 5292 2)
984 5213 1093 5274 mensis
1115 5212 1214 5273 Martii
1235 5208 1299 5274 Ed.
1323 5207 1414 5293 Lipa.
1439 5209 1466 5288 ³)
1489 5211 1546 5272 eibi
1569 5205 1646 5272 Coa.
1668 5206 1780 5272 Prusa.
1801 5211 1848 5271 illi
1865 5210 1934 5275 En

385 5321 474 5405 Lipe.
499 5319 527 5397 4)
547 5322 663 5381 Mikusz
692 5316 767 5382 Ood.
790 5315 897 5379 Pares.
922 5311 949 5399 ⁵)
973 5317 1003 5376 in
1026 5315 1126 5392 specie
1147 5311 1209 5377 Ed.
1232 5312 1324 5397 Lc'pe.
1348 5311 1376 5392 ο)
1397 5313 1508 5374 mensis
1528 5313 1625 5373 Martii
1640 5308 1704 5374 sd.
1721 5309 1813 5395 Lc'pr.
1831 5311 1862 5393 τ)
1881 5317 1937 5376 aa

385 5427 462 5487 isca
483 5430 552 5486 sunt
573 5419 635 5484 Ed.
661 5419 749 5505 Lips.
