<?xml version="1.0" encoding="UTF-8"?>
<!DOCTYPE html PUBLIC "-//W3C//DTD XHTML 1.0 Transitional//EN"
    "http://www.w3.org/TR/xhtml1/DTD/xhtml1-transitional.dtd">
<html xmlns="http://www.w3.org/1999/xhtml" xml:lang="en" lang="en">
 <head>
  <title>
</title>
<meta http-equiv="Content-Type" content="text/html;charset=utf-8" />
  <meta name='ocr-system' content='tesseract 3.04.00' />
  <meta name='ocr-capabilities' content='ocr_page ocr_carea ocr_par ocr_line ocrx_word'/>
</head>
<body>
  <div class='ocr_page' id='page_1' title='image "./operaomnia06paulgoog_0624.png"; bbox 0 0 4040 6290; ppageno 0'>
   <div class='ocr_carea' id='block_1_1' title="bbox 348 543 1908 648">
    <p class='ocr_par' dir='ltr' id='par_1_1' title="bbox 348 543 1908 648">
     <span class='ocr_line' id='line_1_1' title="bbox 348 543 1908 648; baseline -0.005 -20"><span class='ocrx_word' id='word_1_1' title='bbox 348 554 422 628; x_wconf 81' lang='lat' dir='ltr'>ala</span> <span class='ocrx_word' id='word_1_2' title='bbox 856 571 970 628; x_wconf 80' lang='lat' dir='ltr'>amna</span> <span class='ocrx_word' id='word_1_3' title='bbox 995 568 1241 626; x_wconf 84' lang='lat' dir='ltr'>uuonncnrus</span> <span class='ocrx_word' id='word_1_4' title='bbox 1268 550 1382 640; x_wconf 82' lang='lat' dir='ltr'>(mn).</span> <span class='ocrx_word' id='word_1_5' title='bbox 1618 545 1688 648; x_wconf 85' lang='grc' dir='ltr'>(Α.</span> <span class='ocrx_word' id='word_1_6' title='bbox 1707 546 1754 622; x_wconf 88' lang='lat' dir='ltr'>D.</span> <span class='ocrx_word' id='word_1_7' title='bbox 1775 543 1908 644; x_wconf 73' lang='lat' dir='ltr'>lm)</span> 
     </span>
    </p>
   </div>
   <div class='ocr_carea' id='block_1_2' title="bbox 344 753 1918 4955">
    <p class='ocr_par' dir='ltr' id='par_1_2' title="bbox 344 753 1918 4955">
     <span class='ocr_line' id='line_1_2' title="bbox 344 753 1911 852; baseline -0.003 -18"><span class='ocrx_word' id='word_1_8' title='bbox 344 765 429 834; x_wconf 90' lang='lat' dir='ltr'>tunc</span> <span class='ocrx_word' id='word_1_9' title='bbox 465 761 578 834; x_wconf 89' lang='lat' dir='ltr'>adhuc</span> <span class='ocrx_word' id='word_1_10' title='bbox 614 779 722 852; x_wconf 90' lang='lat' dir='ltr'>prope</span> <span class='ocrx_word' id='word_1_11' title='bbox 758 757 913 832; x_wconf 87' lang='lat' dir='ltr'>Olauam</span> <span class='ocrx_word' id='word_1_12' title='bbox 945 757 1069 852; x_wconf 86' lang='lat' dir='ltr'>agebat</span> <span class='ocrx_word' id='word_1_13' title='bbox 1088 757 1116 846; x_wconf 79' lang='grc'>1)</span> <span class='ocrx_word' id='word_1_14' title='bbox 1153 755 1307 846; x_wconf 85' lang='lat' dir='ltr'>stativa,</span> <span class='ocrx_word' id='word_1_15' title='bbox 1340 754 1443 828; x_wconf 83' lang='lat' dir='ltr'>iuxta</span> <span class='ocrx_word' id='word_1_16' title='bbox 1473 756 1596 830; x_wconf 78' lang='lat' dir='ltr'>uillam</span> <span class='ocrx_word' id='word_1_17' title='bbox 1624 753 1911 844; x_wconf 55' lang='lat' dir='ltr'>Swanowicrcb</span> 
     </span>
     <span class='ocr_line' id='line_1_3' title="bbox 344 873 1910 973; baseline -0.003 -19"><span class='ocrx_word' id='word_1_18' title='bbox 344 881 531 971; x_wconf 85' lang='lat' dir='ltr'>invadunt,</span> <span class='ocrx_word' id='word_1_19' title='bbox 562 879 734 973; x_wconf 84' lang='lat' dir='ltr'>facileque</span> <span class='ocrx_word' id='word_1_20' title='bbox 760 879 844 952; x_wconf 93' lang='lat' dir='ltr'>illos</span> <span class='ocrx_word' id='word_1_21' title='bbox 872 878 1034 951; x_wconf 82' lang='lat' dir='ltr'>fundunt.</span> <span class='ocrx_word' id='word_1_22' title='bbox 1064 873 1198 970; x_wconf 77' lang='lat' dir='ltr'>Quibus</span> <span class='ocrx_word' id='word_1_23' title='bbox 1228 897 1305 950; x_wconf 88' lang='lat' dir='ltr'>cum</span> <span class='ocrx_word' id='word_1_24' title='bbox 1334 876 1561 950; x_wconf 90' lang='lat' dir='ltr'>tumultuarii</span> <span class='ocrx_word' id='word_1_25' title='bbox 1584 877 1718 952; x_wconf 79' lang='lat' dir='ltr'><strong>milites</strong></span> <span class='ocrx_word' id='word_1_26' title='bbox 1737 882 1776 953; x_wconf 92' lang='lat' dir='ltr'>et</span> <span class='ocrx_word' id='word_1_27' title='bbox 1795 879 1910 952; x_wconf 82' lang='lat' dir='ltr'>Thar-</span> 
     </span>
     <span class='ocr_line' id='line_1_4' title="bbox 346 996 1910 1093; baseline -0.004 -17"><span class='ocrx_word' id='word_1_28' title='bbox 346 1009 501 1076; x_wconf 87' lang='lat' dir='ltr'>tarorum</span> <span class='ocrx_word' id='word_1_29' title='bbox 529 1004 690 1074; x_wconf 83' lang='lat' dir='ltr'>cateruae</span> <span class='ocrx_word' id='word_1_30' title='bbox 718 999 835 1086; x_wconf 86' lang='lat' dir='ltr'>subito</span> <span class='ocrx_word' id='word_1_31' title='bbox 864 999 1031 1072; x_wconf 91' lang='lat' dir='ltr'>tulissent</span> <span class='ocrx_word' id='word_1_32' title='bbox 1058 1018 1175 1090; x_wconf 89' lang='lat' dir='ltr'>opem,</span> <span class='ocrx_word' id='word_1_33' title='bbox 1207 996 1350 1090; x_wconf 88' lang='lat' dir='ltr'>grandis</span> <span class='ocrx_word' id='word_1_34' title='bbox 1382 997 1601 1072; x_wconf 87' lang='lat' dir='ltr'>instauratur</span> <span class='ocrx_word' id='word_1_35' title='bbox 1632 1020 1770 1093; x_wconf 89' lang='lat' dir='ltr'>pugna,</span> <span class='ocrx_word' id='word_1_36' title='bbox 1800 999 1910 1071; x_wconf 93' lang='lat' dir='ltr'>Polo-</span> 
     </span>
     <span class='ocr_line' id='line_1_5' title="bbox 346 1117 1909 1214; baseline -0.003 -16"><span class='ocrx_word' id='word_1_37' title='bbox 346 1144 470 1198; x_wconf 91' lang='lat' dir='ltr'>norum</span> <span class='ocrx_word' id='word_1_38' title='bbox 497 1120 764 1214; x_wconf 74' lang='lat' dir='ltr'><strong>pabulatoribus</strong></span> <span class='ocrx_word' id='word_1_39' title='bbox 792 1140 837 1194; x_wconf 86' lang='lat' dir='ltr'>ox</span> <span class='ocrx_word' id='word_1_40' title='bbox 864 1120 947 1213; x_wconf 78' lang='lat' dir='ltr'>luga</span> <span class='ocrx_word' id='word_1_41' title='bbox 974 1119 1012 1191; x_wconf 92' lang='lat' dir='ltr'>in</span> <span class='ocrx_word' id='word_1_42' title='bbox 1038 1117 1211 1210; x_wconf 86' lang='lat' dir='ltr'>praelium</span> <span class='ocrx_word' id='word_1_43' title='bbox 1242 1117 1406 1192; x_wconf 81' lang='lat' dir='ltr'>reversis.</span> <span class='ocrx_word' id='word_1_44' title='bbox 1440 1117 1515 1211; x_wconf 77' lang='lat' dir='ltr'>Qua</span> <span class='ocrx_word' id='word_1_45' title='bbox 1540 1139 1579 1193; x_wconf 88' lang='grc'>11</span> <span class='ocrx_word' id='word_1_46' title='bbox 1606 1120 1700 1211; x_wconf 90' lang='lat' dir='ltr'>apud</span> <span class='ocrx_word' id='word_1_47' title='bbox 1731 1119 1909 1194; x_wconf 80' lang='lat' dir='ltr'>Pclcniae</span> 
     </span>
     <span class='ocr_line' id='line_1_6' title="bbox 348 1236 1910 1337; baseline -0.003 -18"><span class='ocrx_word' id='word_1_48' title='bbox 348 1245 478 1337; x_wconf 82' lang='lat' dir='ltr'><strong>Regem</strong></span> <span class='ocrx_word' id='word_1_49' title='bbox 505 1240 684 1330; x_wconf 88' lang='lat' dir='ltr'>nuntiata,</span> <span class='ocrx_word' id='word_1_50' title='bbox 712 1240 917 1314; x_wconf 86' lang='lat' dir='ltr'>bandarium</span> <span class='ocrx_word' id='word_1_51' title='bbox 944 1239 1057 1313; x_wconf 91' lang='lat' dir='ltr'>maius</span> <span class='ocrx_word' id='word_1_52' title='bbox 1089 1237 1372 1330; x_wconf 79' lang='lat' dir='ltr'>comensiumqne</span> <span class='ocrx_word' id='word_1_53' title='bbox 1387 1236 1418 1326; x_wconf 79' lang='lat'>³)</span> <span class='ocrx_word' id='word_1_54' title='bbox 1446 1245 1482 1312; x_wconf 92' lang='lat' dir='ltr'>et</span> <span class='ocrx_word' id='word_1_55' title='bbox 1508 1239 1770 1314; x_wconf 87' lang='lat' dir='ltr'>Lithuanorum</span> <span class='ocrx_word' id='word_1_56' title='bbox 1805 1261 1910 1314; x_wconf 82' lang='lat' dir='ltr'>oxor-</span> 
     </span>
     <span class='ocr_line' id='line_1_7' title="bbox 348 1359 1910 1452; baseline -0.003 -13"><span class='ocrx_word' id='word_1_57' title='bbox 348 1365 456 1452; x_wconf 90' lang='lat' dir='ltr'>citus‚</span> <span class='ocrx_word' id='word_1_58' title='bbox 487 1363 552 1437; x_wconf 90' lang='lat' dir='ltr'>sub</span> <span class='ocrx_word' id='word_1_59' title='bbox 580 1363 710 1436; x_wconf 89' lang='lat' dir='ltr'>ducatu</span> <span class='ocrx_word' id='word_1_60' title='bbox 724 1361 756 1452; x_wconf 80' lang='grc'>4)</span> <span class='ocrx_word' id='word_1_61' title='bbox 784 1361 889 1434; x_wconf 89' lang='lat' dir='ltr'>Pauli</span> <span class='ocrx_word' id='word_1_62' title='bbox 915 1360 1119 1452; x_wconf 78' lang='lat' dir='ltr'>Iaesyenski</span> <span class='ocrx_word' id='word_1_63' title='bbox 1147 1359 1261 1452; x_wconf 82' lang='lat' dir='ltr'>Regni</span> <span class='ocrx_word' id='word_1_64' title='bbox 1281 1359 1448 1433; x_wconf 87' lang='lat' dir='ltr'>Pclcniae</span> <span class='ocrx_word' id='word_1_65' title='bbox 1472 1361 1783 1451; x_wconf 82' lang='lat' dir='ltr'>vicethesaurarii,</span> <span class='ocrx_word' id='word_1_66' title='bbox 1812 1363 1910 1434; x_wconf 87' lang='lat' dir='ltr'>latu·</span> 
     </span>
     <span class='ocr_line' id='line_1_8' title="bbox 347 1480 1909 1575; baseline -0.002 -16"><span class='ocrx_word' id='word_1_67' title='bbox 347 1507 425 1559; x_wconf 89' lang='lat' dir='ltr'>rom</span> <span class='ocrx_word' id='word_1_68' title='bbox 452 1483 643 1574; x_wconf 87' lang='lat' dir='ltr'>auxilium,</span> <span class='ocrx_word' id='word_1_69' title='bbox 671 1481 883 1575; x_wconf 89' lang='lat' dir='ltr'>praemittit:</span> <span class='ocrx_word' id='word_1_70' title='bbox 913 1481 1090 1574; x_wconf 88' lang='lat' dir='ltr'>extemplo</span> <span class='ocrx_word' id='word_1_71' title='bbox 1109 1483 1144 1554; x_wconf 92' lang='lat' dir='ltr'>et</span> <span class='ocrx_word' id='word_1_72' title='bbox 1163 1480 1239 1572; x_wconf 92' lang='lat' dir='ltr'>ipse</span> <span class='ocrx_word' id='word_1_73' title='bbox 1257 1500 1336 1554; x_wconf 88' lang='lat' dir='ltr'>cum</span> <span class='ocrx_word' id='word_1_74' title='bbox 1364 1481 1458 1555; x_wconf 90' lang='lat' dir='ltr'>omni</span> <span class='ocrx_word' id='word_1_75' title='bbox 1484 1480 1621 1574; x_wconf 86' lang='lat' dir='ltr'>reliquo</span> <span class='ocrx_word' id='word_1_76' title='bbox 1640 1483 1804 1556; x_wconf 86' lang='lat' dir='ltr'>exercitu</span> <span class='ocrx_word' id='word_1_77' title='bbox 1822 1482 1909 1556; x_wconf 84' lang='lat' dir='ltr'>sub</span> 
     </span>
     <span class='ocr_line' id='line_1_9' title="bbox 349 1589 1908 1697; baseline -0.004 -15"><span class='ocrx_word' id='word_1_78' title='bbox 349 1609 546 1682; x_wconf 87' lang='lat' dir='ltr'>secuturus.</span> <span class='ocrx_word' id='word_1_79' title='bbox 581 1604 680 1696; x_wconf 77' lang='lat' dir='ltr'>Quod</span> <span class='ocrx_word' id='word_1_80' title='bbox 706 1623 786 1676; x_wconf 92' lang='lat' dir='ltr'>cum</span> <span class='ocrx_word' id='word_1_81' title='bbox 812 1602 955 1676; x_wconf 90' lang='lat' dir='ltr'>hostilis</span> <span class='ocrx_word' id='word_1_82' title='bbox 983 1601 1133 1675; x_wconf 82' lang='lat' dir='ltr'>vidisset</span> <span class='ocrx_word' id='word_1_83' title='bbox 1160 1589 1354 1690; x_wconf 83' lang='lat' dir='ltr'>exereitus,</span> <span class='ocrx_word' id='word_1_84' title='bbox 1389 1605 1521 1676; x_wconf 85' lang='lat' dir='ltr'>terrore</span> <span class='ocrx_word' id='word_1_85' title='bbox 1547 1602 1656 1676; x_wconf 91' lang='lat' dir='ltr'>nimio</span> <span class='ocrx_word' id='word_1_86' title='bbox 1684 1603 1908 1697; x_wconf 83' lang='lat' dir='ltr'>exagitatus,</span> 
     </span>
     <span class='ocr_line' id='line_1_10' title="bbox 347 1720 1911 1822; baseline -0.003 -21"><span class='ocrx_word' id='word_1_87' title='bbox 347 1733 446 1822; x_wconf 90' lang='lat' dir='ltr'>terga</span> <span class='ocrx_word' id='word_1_88' title='bbox 473 1729 630 1813; x_wconf 85' lang='lat' dir='ltr'>vertens,</span> <span class='ocrx_word' id='word_1_89' title='bbox 659 1723 696 1796; x_wconf 93' lang='lat' dir='ltr'>in</span> <span class='ocrx_word' id='word_1_90' title='bbox 725 1724 844 1817; x_wconf 86' lang='lat' dir='ltr'>fugam</span> <span class='ocrx_word' id='word_1_91' title='bbox 872 1744 909 1796; x_wconf 88' lang='lat' dir='ltr'>se</span> <span class='ocrx_word' id='word_1_92' title='bbox 936 1723 1049 1810; x_wconf 87' lang='lat' dir='ltr'>dedit,</span> <span class='ocrx_word' id='word_1_93' title='bbox 1082 1720 1259 1815; x_wconf 91' lang='lat' dir='ltr'>praesidio</span> <span class='ocrx_word' id='word_1_94' title='bbox 1290 1720 1440 1796; x_wconf 88' lang='lat' dir='ltr'>aliarum</span> <span class='ocrx_word' id='word_1_95' title='bbox 1471 1722 1669 1796; x_wconf 72' lang='lat' dir='ltr'>cohortium</span> <span class='ocrx_word' id='word_1_96' title='bbox 1696 1723 1734 1796; x_wconf 90' lang='lat' dir='ltr'>in</span> <span class='ocrx_word' id='word_1_97' title='bbox 1762 1723 1911 1798; x_wconf 75' lang='lat' dir='ltr'>insidiis</span> 
     </span>
     <span class='ocr_line' id='line_1_11' title="bbox 349 1842 1911 1938; baseline -0.003 -16"><span class='ocrx_word' id='word_1_98' title='bbox 349 1849 542 1922; x_wconf 88' lang='lat' dir='ltr'>locatarum</span> <span class='ocrx_word' id='word_1_99' title='bbox 570 1843 750 1918; x_wconf 88' lang='lat' dir='ltr'>audaciam</span> <span class='ocrx_word' id='word_1_100' title='bbox 778 1849 814 1917; x_wconf 92' lang='lat' dir='ltr'>et</span> <span class='ocrx_word' id='word_1_101' title='bbox 840 1865 993 1938; x_wconf 88' lang='lat' dir='ltr'>pugnam</span> <span class='ocrx_word' id='word_1_102' title='bbox 1020 1848 1277 1935; x_wconf 79' lang='lat' dir='ltr'>resumpturus.</span> <span class='ocrx_word' id='word_1_103' title='bbox 1315 1842 1445 1917; x_wconf 84' lang='lat' dir='ltr'>Verum</span> <span class='ocrx_word' id='word_1_104' title='bbox 1472 1863 1552 1917; x_wconf 89' lang='lat' dir='ltr'>cum</span> <span class='ocrx_word' id='word_1_105' title='bbox 1578 1843 1633 1934; x_wconf 83' lang='lat' dir='ltr'>ni,</span> <span class='ocrx_word' id='word_1_106' title='bbox 1663 1844 1794 1936; x_wconf 87' lang='lat' dir='ltr'>quiin</span> <span class='ocrx_word' id='word_1_107' title='bbox 1821 1844 1911 1917; x_wconf 87' lang='lat' dir='ltr'>inei·</span> 
     </span>
     <span class='ocr_line' id='line_1_12' title="bbox 349 1964 1912 2058; baseline -0.001 -16"><span class='ocrx_word' id='word_1_108' title='bbox 349 1968 419 2042; x_wconf 89' lang='lat' dir='ltr'>diis</span> <span class='ocrx_word' id='word_1_109' title='bbox 438 1972 552 2057; x_wconf 89' lang='lat' dir='ltr'>erant,</span> <span class='ocrx_word' id='word_1_110' title='bbox 581 1986 663 2039; x_wconf 92' lang='lat' dir='ltr'>snos</span> <span class='ocrx_word' id='word_1_111' title='bbox 684 1966 804 2058; x_wconf 85' lang='lat' dir='ltr'>lugere</span> <span class='ocrx_word' id='word_1_112' title='bbox 823 1965 1010 2038; x_wconf 83' lang='lat' dir='ltr'>vidissent:</span> <span class='ocrx_word' id='word_1_113' title='bbox 1039 1964 1239 2038; x_wconf 74' lang='lat' dir='ltr'>incredibili</span> <span class='ocrx_word' id='word_1_114' title='bbox 1259 1968 1390 2038; x_wconf 90' lang='lat' dir='ltr'>terrore</span> <span class='ocrx_word' id='word_1_115' title='bbox 1409 1964 1578 2058; x_wconf 88' lang='lat' dir='ltr'>correpti,</span> <span class='ocrx_word' id='word_1_116' title='bbox 1606 1965 1778 2057; x_wconf 76' lang='lat' dir='ltr'>turpiter,</span> <span class='ocrx_word' id='word_1_117' title='bbox 1809 1966 1912 2040; x_wconf 83' lang='lat' dir='ltr'>hosta</span> 
     </span>
     <span class='ocr_line' id='line_1_13' title="bbox 349 2083 1913 2180; baseline -0.003 -18"><span class='ocrx_word' id='word_1_118' title='bbox 349 2110 419 2162; x_wconf 91' lang='lat' dir='ltr'>non</span> <span class='ocrx_word' id='word_1_119' title='bbox 446 2088 539 2177; x_wconf 84' lang='lat' dir='ltr'>riso,</span> <span class='ocrx_word' id='word_1_120' title='bbox 569 2088 688 2180; x_wconf 86' lang='lat' dir='ltr'>fugere</span> <span class='ocrx_word' id='word_1_121' title='bbox 714 2091 916 2178; x_wconf 89' lang='lat' dir='ltr'>coeperant,</span> <span class='ocrx_word' id='word_1_122' title='bbox 945 2106 1057 2177; x_wconf 89' lang='lat' dir='ltr'>neque</span> <span class='ocrx_word' id='word_1_123' title='bbox 1085 2085 1168 2178; x_wconf 84' lang='lat' dir='ltr'>iuga</span> <span class='ocrx_word' id='word_1_124' title='bbox 1196 2083 1461 2177; x_wconf 83' lang='lat' dir='ltr'>semel&#39;cocpta,</span> <span class='ocrx_word' id='word_1_125' title='bbox 1490 2085 1562 2160; x_wconf 91' lang='lat' dir='ltr'>nisi</span> <span class='ocrx_word' id='word_1_126' title='bbox 1580 2084 1618 2157; x_wconf 90' lang='lat' dir='ltr'>in</span> <span class='ocrx_word' id='word_1_127' title='bbox 1637 2085 1913 2160; x_wconf 84' lang='lat' dir='ltr'>Wratislarian</span> 
     </span>
     <span class='ocr_line' id='line_1_14' title="bbox 349 2205 1913 2304; baseline -0.002 -21"><span class='ocrx_word' id='word_1_128' title='bbox 349 2207 515 2304; x_wconf 90' lang='lat' dir='ltr'>ingressi,</span> <span class='ocrx_word' id='word_1_129' title='bbox 545 2207 627 2282; x_wconf 91' lang='lat' dir='ltr'>sisti</span> <span class='ocrx_word' id='word_1_130' title='bbox 653 2211 815 2302; x_wconf 89' lang='lat' dir='ltr'>poterant</span> <span class='ocrx_word' id='word_1_131' title='bbox 831 2205 873 2297; x_wconf 76' lang='grc'>5).</span> <span class='ocrx_word' id='word_1_132' title='bbox 908 2205 1217 2299; x_wconf 77' lang='lat' dir='ltr'>daedabanturqne</span> <span class='ocrx_word' id='word_1_133' title='bbox 1249 2205 1382 2298; x_wconf 89' lang='lat' dir='ltr'>passim</span> <span class='ocrx_word' id='word_1_134' title='bbox 1411 2210 1447 2280; x_wconf 90' lang='lat' dir='ltr'>et</span> <span class='ocrx_word' id='word_1_135' title='bbox 1474 2205 1650 2299; x_wconf 81' lang='lat' dir='ltr'>fugientes</span> <span class='ocrx_word' id='word_1_136' title='bbox 1678 2211 1714 2281; x_wconf 92' lang='lat' dir='ltr'>et</span> <span class='ocrx_word' id='word_1_137' title='bbox 1741 2208 1913 2282; x_wconf 85' lang='lat' dir='ltr'>resistere</span> 
     </span>
     <span class='ocr_line' id='line_1_15' title="bbox 350 2326 1912 2422; baseline -0.002 -18"><span class='ocrx_word' id='word_1_138' title='bbox 350 2330 428 2405; x_wconf 89' lang='lat' dir='ltr'>ausi</span> <span class='ocrx_word' id='word_1_139' title='bbox 454 2330 590 2419; x_wconf 89' lang='lat' dir='ltr'>hostes,</span> <span class='ocrx_word' id='word_1_140' title='bbox 619 2332 724 2422; x_wconf 87' lang='lat' dir='ltr'>atque</span> <span class='ocrx_word' id='word_1_141' title='bbox 750 2327 994 2420; x_wconf 76' lang='lat' dir='ltr'>rapiebantur:</span> <span class='ocrx_word' id='word_1_142' title='bbox 1023 2329 1167 2420; x_wconf 89' lang='lat' dir='ltr'>eratque</span> <span class='ocrx_word' id='word_1_143' title='bbox 1195 2327 1471 2401; x_wconf 86' lang='lat' dir='ltr'>desideratarum</span> <span class='ocrx_word' id='word_1_144' title='bbox 1499 2326 1617 2416; x_wconf 89' lang='lat' dir='ltr'>mille,</span> <span class='ocrx_word' id='word_1_145' title='bbox 1646 2333 1832 2420; x_wconf 87' lang='lat' dir='ltr'>captorum</span> <span class='ocrx_word' id='word_1_146' title='bbox 1859 2329 1912 2401; x_wconf 90' lang='lat' dir='ltr'>in-</span> 
     </span>
     <span class='ocr_line' id='line_1_16' title="bbox 351 2447 1915 2548; baseline -0.003 -23"><span class='ocrx_word' id='word_1_147' title='bbox 351 2451 505 2548; x_wconf 89' lang='lat' dir='ltr'>signium</span> <span class='ocrx_word' id='word_1_148' title='bbox 538 2449 737 2544; x_wconf 73' lang='lat' dir='ltr'>sexaginte,</span> <span class='ocrx_word' id='word_1_149' title='bbox 771 2469 949 2522; x_wconf 88' lang='lat' dir='ltr'>numerus.</span> <span class='ocrx_word' id='word_1_150' title='bbox 982 2448 1195 2540; x_wconf 86' lang='lat' dir='ltr'>Poteratque</span> <span class='ocrx_word' id='word_1_151' title='bbox 1227 2453 1312 2521; x_wconf 87' lang='lat' dir='ltr'>tunc</span> <span class='ocrx_word' id='word_1_152' title='bbox 1344 2447 1457 2520; x_wconf 92' lang='lat' dir='ltr'>omnis</span> <span class='ocrx_word' id='word_1_153' title='bbox 1489 2449 1667 2522; x_wconf 88' lang='lat' dir='ltr'>exercitus</span> <span class='ocrx_word' id='word_1_154' title='bbox 1702 2449 1852 2522; x_wconf 87' lang='lat' dir='ltr'>hostilis</span> <span class='ocrx_word' id='word_1_155' title='bbox 1881 2455 1915 2522; x_wconf 88' lang='lat' dir='ltr'>et</span> 
     </span>
     <span class='ocr_line' id='line_1_17' title="bbox 351 2567 1912 2664; baseline -0.003 -18"><span class='ocrx_word' id='word_1_156' title='bbox 351 2569 464 2646; x_wconf 90' lang='lat' dir='ltr'>omnis</span> <span class='ocrx_word' id='word_1_157' title='bbox 491 2569 650 2664; x_wconf 89' lang='lat' dir='ltr'>potentia</span> <span class='ocrx_word' id='word_1_158' title='bbox 676 2567 832 2642; x_wconf 87' lang='lat' dir='ltr'>Mathiae</span> <span class='ocrx_word' id='word_1_159' title='bbox 859 2569 1064 2662; x_wconf 88' lang='lat' dir='ltr'>Hungariae</span> <span class='ocrx_word' id='word_1_160' title='bbox 1083 2567 1192 2662; x_wconf 86' lang='lat' dir='ltr'>Regis</span> <span class='ocrx_word' id='word_1_161' title='bbox 1212 2567 1337 2658; x_wconf 89' lang='lat' dir='ltr'>deleri,</span> <span class='ocrx_word' id='word_1_162' title='bbox 1366 2568 1398 2642; x_wconf 92' lang='lat' dir='ltr'>si</span> <span class='ocrx_word' id='word_1_163' title='bbox 1425 2569 1637 2642; x_wconf 92' lang='lat' dir='ltr'>Polonorum</span> <span class='ocrx_word' id='word_1_164' title='bbox 1665 2569 1822 2657; x_wconf 85' lang='lat' dir='ltr'>milites,</span> <span class='ocrx_word' id='word_1_165' title='bbox 1851 2571 1912 2642; x_wconf 82' lang='lat' dir='ltr'>luo</span> 
     </span>
     <span class='ocr_line' id='line_1_18' title="bbox 353 2688 1912 2784; baseline -0.001 -18"><span class='ocrx_word' id='word_1_166' title='bbox 353 2698 424 2768; x_wconf 91' lang='lat' dir='ltr'>stes</span> <span class='ocrx_word' id='word_1_167' title='bbox 455 2694 580 2784; x_wconf 90' lang='lat' dir='ltr'>suapte</span> <span class='ocrx_word' id='word_1_168' title='bbox 594 2691 626 2780; x_wconf 79' lang='lat'>⁰)</span> <span class='ocrx_word' id='word_1_169' title='bbox 654 2694 690 2764; x_wconf 89' lang='lat' dir='ltr'>et</span> <span class='ocrx_word' id='word_1_170' title='bbox 712 2689 879 2783; x_wconf 79' lang='lat' dir='ltr'>languide</span> <span class='ocrx_word' id='word_1_171' title='bbox 910 2689 1043 2782; x_wconf 88' lang='lat' dir='ltr'>absque</span> <span class='ocrx_word' id='word_1_172' title='bbox 1070 2688 1190 2763; x_wconf 89' lang='lat' dir='ltr'>ordine</span> <span class='ocrx_word' id='word_1_173' title='bbox 1219 2689 1411 2784; x_wconf 78' lang='lat' dir='ltr'>fugientes,</span> <span class='ocrx_word' id='word_1_174' title='bbox 1440 2689 1578 2781; x_wconf 87' lang='lat' dir='ltr'>insequi</span> <span class='ocrx_word' id='word_1_175' title='bbox 1608 2697 1912 2782; x_wconf 82' lang='lat' dir='ltr'>perseverassent.</span> 
     </span>
     <span class='ocr_line' id='line_1_19' title="bbox 354 2809 1914 2905; baseline -0.003 -17"><span class='ocrx_word' id='word_1_176' title='bbox 354 2811 636 2904; x_wconf 89' lang='lat' dir='ltr'>Incredibileqao</span> <span class='ocrx_word' id='word_1_177' title='bbox 671 2810 769 2884; x_wconf 90' lang='lat' dir='ltr'>dictu</span> <span class='ocrx_word' id='word_1_178' title='bbox 806 2814 876 2900; x_wconf 90' lang='lat' dir='ltr'>ost,</span> <span class='ocrx_word' id='word_1_179' title='bbox 909 2830 1015 2903; x_wconf 88' lang='lat' dir='ltr'>quam</span> <span class='ocrx_word' id='word_1_180' title='bbox 1047 2809 1149 2900; x_wconf 84' lang='lat' dir='ltr'>felix,</span> <span class='ocrx_word' id='word_1_181' title='bbox 1183 2810 1300 2883; x_wconf 88' lang='lat' dir='ltr'>fausta</span> <span class='ocrx_word' id='word_1_182' title='bbox 1331 2814 1367 2884; x_wconf 88' lang='lat' dir='ltr'>ot</span> <span class='ocrx_word' id='word_1_183' title='bbox 1392 2809 1547 2903; x_wconf 87' lang='lat' dir='ltr'>gloriosa</span> <span class='ocrx_word' id='word_1_184' title='bbox 1574 2811 1649 2884; x_wconf 88' lang='lat' dir='ltr'>dies</span> <span class='ocrx_word' id='word_1_185' title='bbox 1677 2811 1745 2884; x_wconf 90' lang='lat' dir='ltr'>illa</span> <span class='ocrx_word' id='word_1_186' title='bbox 1772 2812 1914 2905; x_wconf 48' lang='lat' dir='ltr'>Regin</span> 
     </span>
     <span class='ocr_line' id='line_1_20' title="bbox 354 2930 1912 3024; baseline -0.001 -16"><span class='ocrx_word' id='word_1_187' title='bbox 354 2941 390 3008; x_wconf 90' lang='lat' dir='ltr'>et</span> <span class='ocrx_word' id='word_1_188' title='bbox 416 2932 591 3008; x_wconf 89' lang='lat' dir='ltr'>militibus</span> <span class='ocrx_word' id='word_1_189' title='bbox 618 2931 829 3006; x_wconf 91' lang='lat' dir='ltr'>Polonorum</span> <span class='ocrx_word' id='word_1_190' title='bbox 857 2930 1001 3019; x_wconf 87' lang='lat' dir='ltr'>fuisset,</span> <span class='ocrx_word' id='word_1_191' title='bbox 1030 2930 1062 3004; x_wconf 92' lang='lat' dir='ltr'>si</span> <span class='ocrx_word' id='word_1_192' title='bbox 1089 2931 1218 3004; x_wconf 89' lang='lat' dir='ltr'>collata</span> <span class='ocrx_word' id='word_1_193' title='bbox 1240 2932 1351 3004; x_wconf 90' lang='lat' dir='ltr'>aDoo</span> <span class='ocrx_word' id='word_1_194' title='bbox 1379 2931 1612 3024; x_wconf 88' lang='lat' dir='ltr'>prosperitate</span> <span class='ocrx_word' id='word_1_195' title='bbox 1630 2933 1687 3005; x_wconf 92' lang='lat' dir='ltr'>uti</span> <span class='ocrx_word' id='word_1_196' title='bbox 1706 2932 1912 3007; x_wconf 79' lang='lat' dir='ltr'>scivissent.</span> 
     </span>
     <span class='ocr_line' id='line_1_21' title="bbox 353 3050 1910 3146; baseline -0.001 -18"><span class='ocrx_word' id='word_1_197' title='bbox 353 3055 484 3130; x_wconf 82' lang='lat' dir='ltr'>Verum</span> <span class='ocrx_word' id='word_1_198' title='bbox 512 3054 686 3128; x_wconf 89' lang='lat' dir='ltr'>Iohannes</span> <span class='ocrx_word' id='word_1_199' title='bbox 714 3051 757 3125; x_wconf 88' lang='lat' dir='ltr'>de</span> <span class='ocrx_word' id='word_1_200' title='bbox 784 3051 988 3144; x_wconf 81' lang='lat' dir='ltr'>Ritbuyani</span> <span class='ocrx_word' id='word_1_201' title='bbox 1015 3051 1129 3146; x_wconf 82' lang='lat' dir='ltr'>Regni</span> <span class='ocrx_word' id='word_1_202' title='bbox 1156 3050 1324 3126; x_wconf 91' lang='lat' dir='ltr'>Poloniae</span> <span class='ocrx_word' id='word_1_203' title='bbox 1342 3053 1552 3142; x_wconf 88' lang='lat' dir='ltr'>marsalcns,</span> <span class='ocrx_word' id='word_1_204' title='bbox 1582 3054 1802 3128; x_wconf 88' lang='lat' dir='ltr'>castellanus</span> <span class='ocrx_word' id='word_1_205' title='bbox 1822 3054 1910 3127; x_wconf 84' lang='lat' dir='ltr'>San-</span> 
     </span>
     <span class='ocr_line' id='line_1_22' title="bbox 354 3169 1914 3266; baseline -0.003 -16"><span class='ocrx_word' id='word_1_206' title='bbox 354 3173 593 3265; x_wconf 90' lang='lat' dir='ltr'>domiriensis,</span> <span class='ocrx_word' id='word_1_207' title='bbox 631 3172 789 3250; x_wconf 75' lang='lat' dir='ltr'>uniuersi</span> <span class='ocrx_word' id='word_1_208' title='bbox 816 3169 975 3246; x_wconf 92' lang='lat' dir='ltr'>Polonici</span> <span class='ocrx_word' id='word_1_209' title='bbox 1004 3171 1179 3246; x_wconf 85' lang='lat' dir='ltr'>exercitus</span> <span class='ocrx_word' id='word_1_210' title='bbox 1207 3172 1297 3262; x_wconf 81' lang='lat' dir='ltr'>dux,</span> <span class='ocrx_word' id='word_1_211' title='bbox 1330 3171 1482 3261; x_wconf 85' lang='lat' dir='ltr'>ueritus,</span> <span class='ocrx_word' id='word_1_212' title='bbox 1511 3194 1555 3246; x_wconf 89' lang='lat' dir='ltr'>ne</span> <span class='ocrx_word' id='word_1_213' title='bbox 1583 3173 1710 3248; x_wconf 91' lang='lat' dir='ltr'>Poloni</span> <span class='ocrx_word' id='word_1_214' title='bbox 1738 3173 1914 3266; x_wconf 90' lang='lat' dir='ltr'>praecipi·</span> 
     </span>
     <span class='ocr_line' id='line_1_23' title="bbox 354 3292 1915 3388; baseline -0.002 -17"><span class='ocrx_word' id='word_1_215' title='bbox 354 3300 514 3371; x_wconf 92' lang='lat' dir='ltr'>tarentur</span> <span class='ocrx_word' id='word_1_216' title='bbox 540 3296 577 3369; x_wconf 88' lang='lat' dir='ltr'>in</span> <span class='ocrx_word' id='word_1_217' title='bbox 605 3293 769 3384; x_wconf 91' lang='lat' dir='ltr'>insidias,</span> <span class='ocrx_word' id='word_1_218' title='bbox 800 3293 962 3368; x_wconf 88' lang='lat' dir='ltr'>ardentes</span> <span class='ocrx_word' id='word_1_219' title='bbox 990 3293 1202 3366; x_wconf 89' lang='lat' dir='ltr'>Polonorum</span> <span class='ocrx_word' id='word_1_220' title='bbox 1230 3292 1364 3366; x_wconf 87' lang='lat' dir='ltr'>animos</span> <span class='ocrx_word' id='word_1_221' title='bbox 1392 3315 1413 3366; x_wconf 91' lang='lat' dir='ltr'>a</span> <span class='ocrx_word' id='word_1_222' title='bbox 1439 3295 1679 3387; x_wconf 89' lang='lat' dir='ltr'>persequendo</span> <span class='ocrx_word' id='word_1_223' title='bbox 1699 3300 1736 3368; x_wconf 92' lang='lat' dir='ltr'>et</span> <span class='ocrx_word' id='word_1_224' title='bbox 1754 3315 1776 3366; x_wconf 91' lang='lat' dir='ltr'>a</span> <span class='ocrx_word' id='word_1_225' title='bbox 1794 3315 1915 3388; x_wconf 85' lang='lat' dir='ltr'>pugna</span> 
     </span>
     <span class='ocr_line' id='line_1_24' title="bbox 353 3413 1913 3509; baseline -0.002 -18"><span class='ocrx_word' id='word_1_226' title='bbox 353 3416 545 3492; x_wconf 83' lang='lat' dir='ltr'>revocarit.</span> <span class='ocrx_word' id='word_1_227' title='bbox 575 3417 626 3489; x_wconf 90' lang='lat' dir='ltr'>Do</span> <span class='ocrx_word' id='word_1_228' title='bbox 654 3437 722 3508; x_wconf 91' lang='lat' dir='ltr'>qno</span> <span class='ocrx_word' id='word_1_229' title='bbox 748 3419 871 3507; x_wconf 90' lang='lat' dir='ltr'>postea</span> <span class='ocrx_word' id='word_1_230' title='bbox 898 3436 919 3489; x_wconf 86' lang='lat' dir='ltr'>a</span> <span class='ocrx_word' id='word_1_231' title='bbox 945 3415 1140 3508; x_wconf 86' lang='lat' dir='ltr'>plerisque,</span> <span class='ocrx_word' id='word_1_232' title='bbox 1171 3414 1273 3508; x_wconf 88' lang='lat' dir='ltr'>qnasi</span> <span class='ocrx_word' id='word_1_233' title='bbox 1292 3414 1328 3487; x_wconf 91' lang='lat' dir='ltr'>id</span> <span class='ocrx_word' id='word_1_234' title='bbox 1347 3413 1478 3508; x_wconf 88' lang='lat' dir='ltr'>egisset</span> <span class='ocrx_word' id='word_1_235' title='bbox 1505 3435 1589 3489; x_wconf 89' lang='lat' dir='ltr'>auro</span> <span class='ocrx_word' id='word_1_236' title='bbox 1608 3415 1818 3509; x_wconf 89' lang='lat' dir='ltr'>Hungarico</span> <span class='ocrx_word' id='word_1_237' title='bbox 1838 3436 1913 3489; x_wconf 89' lang='lat' dir='ltr'>cor·</span> 
     </span>
     <span class='ocr_line' id='line_1_25' title="bbox 354 3535 1915 3634; baseline -0.003 -21"><span class='ocrx_word' id='word_1_238' title='bbox 354 3542 497 3634; x_wconf 87' lang='lat' dir='ltr'>ruptus,</span> <span class='ocrx_word' id='word_1_239' title='bbox 525 3535 681 3632; x_wconf 83' lang='lat' dir='ltr'>graviter</span> <span class='ocrx_word' id='word_1_240' title='bbox 699 3541 734 3610; x_wconf 89' lang='lat' dir='ltr'>ot</span> <span class='ocrx_word' id='word_1_241' title='bbox 752 3537 912 3630; x_wconf 84' lang='lat' dir='ltr'>vulgate,</span> <span class='ocrx_word' id='word_1_242' title='bbox 941 3537 1066 3610; x_wconf 88' lang='lat' dir='ltr'>fiotene</span> <span class='ocrx_word' id='word_1_243' title='bbox 1085 3557 1129 3610; x_wconf 91' lang='lat' dir='ltr'>an</span> <span class='ocrx_word' id='word_1_244' title='bbox 1148 3555 1246 3626; x_wconf 86' lang='lat' dir='ltr'>rere,</span> <span class='ocrx_word' id='word_1_245' title='bbox 1275 3535 1311 3608; x_wconf 92' lang='lat' dir='ltr'>in</span> <span class='ocrx_word' id='word_1_246' title='bbox 1339 3539 1474 3628; x_wconf 89' lang='lat' dir='ltr'>partem</span> <span class='ocrx_word' id='word_1_247' title='bbox 1500 3540 1687 3629; x_wconf 88' lang='lat' dir='ltr'>utramque</span> <span class='ocrx_word' id='word_1_248' title='bbox 1706 3536 1827 3610; x_wconf 88' lang='lat' dir='ltr'>dicere</span> <span class='ocrx_word' id='word_1_249' title='bbox 1844 3556 1915 3608; x_wconf 89' lang='lat' dir='ltr'>non</span> 
     </span>
     <span class='ocr_line' id='line_1_26' title="bbox 356 3655 1913 3750; baseline -0.003 -17"><span class='ocrx_word' id='word_1_250' title='bbox 356 3659 486 3748; x_wconf 89' lang='lat' dir='ltr'>ausim,</span> <span class='ocrx_word' id='word_1_251' title='bbox 515 3657 799 3732; x_wconf 85' lang='lat' dir='ltr'>insimulabatur.</span> <span class='ocrx_word' id='word_1_252' title='bbox 833 3656 919 3730; x_wconf 83' lang='lat' dir='ltr'>Erat</span> <span class='ocrx_word' id='word_1_253' title='bbox 947 3656 1121 3750; x_wconf 88' lang='lat' dir='ltr'>siquidem</span> <span class='ocrx_word' id='word_1_254' title='bbox 1149 3657 1341 3730; x_wconf 87' lang='lat' dir='ltr'>marsalcus</span> <span class='ocrx_word' id='word_1_255' title='bbox 1370 3655 1446 3748; x_wconf 92' lang='lat' dir='ltr'>ipse</span> <span class='ocrx_word' id='word_1_256' title='bbox 1472 3656 1516 3730; x_wconf 86' lang='lat' dir='ltr'>ad</span> <span class='ocrx_word' id='word_1_257' title='bbox 1543 3656 1640 3748; x_wconf 88' lang='lat' dir='ltr'>pacis</span> <span class='ocrx_word' id='word_1_258' title='bbox 1668 3656 1816 3750; x_wconf 85' lang='lat' dir='ltr'>nogotia</span> <span class='ocrx_word' id='word_1_259' title='bbox 1842 3677 1913 3730; x_wconf 90' lang='lat' dir='ltr'>non</span> 
     </span>
     <span class='ocr_line' id='line_1_27' title="bbox 356 3777 1915 3870; baseline -0.003 -16"><span class='ocrx_word' id='word_1_260' title='bbox 356 3779 513 3868; x_wconf 84' lang='lat' dir='ltr'>inutilis,</span> <span class='ocrx_word' id='word_1_261' title='bbox 541 3777 629 3852; x_wconf 92' lang='lat' dir='ltr'>belli</span> <span class='ocrx_word' id='word_1_262' title='bbox 656 3798 737 3852; x_wconf 87' lang='lat' dir='ltr'>vero</span> <span class='ocrx_word' id='word_1_263' title='bbox 765 3798 888 3870; x_wconf 87' lang='lat' dir='ltr'>pamm</span> <span class='ocrx_word' id='word_1_264' title='bbox 916 3777 1069 3870; x_wconf 89' lang='lat' dir='ltr'>peritus,</span> <span class='ocrx_word' id='word_1_265' title='bbox 1098 3782 1134 3850; x_wconf 89' lang='lat' dir='ltr'>et</span> <span class='ocrx_word' id='word_1_266' title='bbox 1161 3777 1203 3850; x_wconf 92' lang='lat' dir='ltr'>ob</span> <span class='ocrx_word' id='word_1_267' title='bbox 1232 3777 1268 3850; x_wconf 92' lang='lat' dir='ltr'>id</span> <span class='ocrx_word' id='word_1_268' title='bbox 1295 3780 1478 3850; x_wconf 89' lang='lat' dir='ltr'>cunctator</span> <span class='ocrx_word' id='word_1_269' title='bbox 1496 3777 1533 3850; x_wconf 91' lang='lat' dir='ltr'>in</span> <span class='ocrx_word' id='word_1_270' title='bbox 1553 3777 1723 3870; x_wconf 88' lang='lat' dir='ltr'>singulis:</span> <span class='ocrx_word' id='word_1_271' title='bbox 1753 3799 1813 3852; x_wconf 88' lang='lat' dir='ltr'>res</span> <span class='ocrx_word' id='word_1_272' title='bbox 1834 3798 1915 3852; x_wconf 81' lang='lat' dir='ltr'>vero</span> 
     </span>
     <span class='ocr_line' id='line_1_28' title="bbox 358 3896 1915 3991; baseline -0.003 -17"><span class='ocrx_word' id='word_1_273' title='bbox 358 3906 442 3974; x_wconf 89' lang='lat' dir='ltr'>tunc</span> <span class='ocrx_word' id='word_1_274' title='bbox 473 3920 543 3972; x_wconf 91' lang='lat' dir='ltr'>non</span> <span class='ocrx_word' id='word_1_275' title='bbox 575 3903 646 3972; x_wconf 90' lang='lat' dir='ltr'>tam</span> <span class='ocrx_word' id='word_1_276' title='bbox 679 3897 918 3987; x_wconf 89' lang='lat' dir='ltr'>consultandi,</span> <span class='ocrx_word' id='word_1_277' title='bbox 953 3919 1056 3991; x_wconf 90' lang='lat' dir='ltr'>quam</span> <span class='ocrx_word' id='word_1_278' title='bbox 1090 3897 1215 3991; x_wconf 86' lang='lat' dir='ltr'>agendi</span> <span class='ocrx_word' id='word_1_279' title='bbox 1248 3896 1464 3971; x_wconf 78' lang='lat' dir='ltr'>celeritatem</span> <span class='ocrx_word' id='word_1_280' title='bbox 1496 3898 1720 3991; x_wconf 89' lang='lat' dir='ltr'>flagitabant;</span> <span class='ocrx_word' id='word_1_281' title='bbox 1755 3919 1823 3972; x_wconf 86' lang='lat' dir='ltr'>nce</span> <span class='ocrx_word' id='word_1_282' title='bbox 1850 3899 1915 3971; x_wconf 91' lang='lat' dir='ltr'>snb</span> 
     </span>
     <span class='ocr_line' id='line_1_29' title="bbox 358 4017 1914 4112; baseline -0.001 -18"><span class='ocrx_word' id='word_1_283' title='bbox 358 4021 435 4094; x_wconf 88' lang='lat' dir='ltr'>eius</span> <span class='ocrx_word' id='word_1_284' title='bbox 464 4020 593 4094; x_wconf 89' lang='lat' dir='ltr'>ducatu</span> <span class='ocrx_word' id='word_1_285' title='bbox 607 4017 640 4108; x_wconf 77' lang='grc'>8)</span> <span class='ocrx_word' id='word_1_286' title='bbox 668 4023 702 4094; x_wconf 85' lang='grc'>11</span> <span class='ocrx_word' id='word_1_287' title='bbox 730 4017 899 4110; x_wconf 75' lang='lat' dir='ltr'>auspiciis</span> <span class='ocrx_word' id='word_1_288' title='bbox 917 4039 973 4094; x_wconf 90' lang='lat' dir='ltr'>res</span> <span class='ocrx_word' id='word_1_289' title='bbox 993 4018 1080 4092; x_wconf 89' lang='lat' dir='ltr'>belli</span> <span class='ocrx_word' id='word_1_290' title='bbox 1107 4017 1266 4092; x_wconf 89' lang='lat' dir='ltr'>Polonici</span> <span class='ocrx_word' id='word_1_291' title='bbox 1293 4018 1601 4112; x_wconf 87' lang='lat' dir='ltr'>prosperabantur.</span> <span class='ocrx_word' id='word_1_292' title='bbox 1633 4017 1804 4092; x_wconf 89' lang='lat' dir='ltr'>Oratores</span> <span class='ocrx_word' id='word_1_293' title='bbox 1823 4020 1914 4092; x_wconf 84' lang='lat' dir='ltr'>llar-</span> 
     </span>
     <span class='ocr_line' id='line_1_30' title="bbox 360 4137 1918 4232; baseline -0.002 -17"><span class='ocrx_word' id='word_1_294' title='bbox 360 4138 994 4230; x_wconf 72' lang='grc' dir='ltr'><strong>11111111)Μ11111111111111111,</strong></span> <span class='ocrx_word' id='word_1_295' title='bbox 1029 4161 1073 4212; x_wconf 92' lang='lat' dir='ltr'>an</span> <span class='ocrx_word' id='word_1_296' title='bbox 1106 4139 1272 4213; x_wconf 91' lang='lat' dir='ltr'>Poloniac</span> <span class='ocrx_word' id='word_1_297' title='bbox 1305 4137 1395 4232; x_wconf 83' lang='lat' dir='ltr'>Regi</span> <span class='ocrx_word' id='word_1_298' title='bbox 1414 4139 1459 4228; x_wconf 87' lang='lat'>¹⁰)</span> <span class='ocrx_word' id='word_1_299' title='bbox 1492 4137 1658 4214; x_wconf 89' lang='lat' dir='ltr'>cessisset</span> <span class='ocrx_word' id='word_1_300' title='bbox 1689 4145 1764 4212; x_wconf 89' lang='lat' dir='ltr'>tam</span> <span class='ocrx_word' id='word_1_301' title='bbox 1796 4140 1918 4214; x_wconf 80' lang='lat' dir='ltr'>subita</span> 
     </span>
     <span class='ocr_line' id='line_1_31' title="bbox 359 4258 1916 4354; baseline 0.001 -21"><span class='ocrx_word' id='word_1_302' title='bbox 359 4259 507 4336; x_wconf 85' lang='lat' dir='ltr'>victoria</span> <span class='ocrx_word' id='word_1_303' title='bbox 525 4261 567 4334; x_wconf 91' lang='grc'>11</span> <span class='ocrx_word' id='word_1_304' title='bbox 585 4264 658 4332; x_wconf 89' lang='lat' dir='ltr'>tam</span> <span class='ocrx_word' id='word_1_305' title='bbox 685 4258 822 4351; x_wconf 91' lang='lat' dir='ltr'>potenti</span> <span class='ocrx_word' id='word_1_306' title='bbox 849 4259 1053 4354; x_wconf 89' lang='lat' dir='ltr'>Hungariae</span> <span class='ocrx_word' id='word_1_307' title='bbox 1080 4259 1176 4353; x_wconf 85' lang='lat' dir='ltr'>Rege</span> <span class='ocrx_word' id='word_1_308' title='bbox 1195 4260 1252 4350; x_wconf 83' lang='lat'>¹¹),</span> <span class='ocrx_word' id='word_1_309' title='bbox 1280 4259 1515 4353; x_wconf 90' lang='lat' dir='ltr'>ambigebant.</span> <span class='ocrx_word' id='word_1_310' title='bbox 1544 4258 1630 4332; x_wconf 77' lang='lat' dir='ltr'>dnm</span> <span class='ocrx_word' id='word_1_311' title='bbox 1649 4279 1734 4332; x_wconf 84' lang='lat' dir='ltr'>roro</span> <span class='ocrx_word' id='word_1_312' title='bbox 1754 4261 1916 4353; x_wconf 81' lang='lat' dir='ltr'>captivos</span> 
     </span>
     <span class='ocr_line' id='line_1_32' title="bbox 360 4379 1916 4474; baseline -0.001 -20"><span class='ocrx_word' id='word_1_313' title='bbox 360 4381 550 4470; x_wconf 88' lang='lat' dir='ltr'>notabiles,</span> <span class='ocrx_word' id='word_1_314' title='bbox 579 4381 785 4473; x_wconf 86' lang='lat' dir='ltr'>intorques</span> <span class='ocrx_word' id='word_1_315' title='bbox 813 4384 889 4454; x_wconf 87' lang='lat' dir='ltr'>erat</span> <span class='ocrx_word' id='word_1_316' title='bbox 916 4379 1060 4454; x_wconf 92' lang='lat' dir='ltr'>Ulricus</span> <span class='ocrx_word' id='word_1_317' title='bbox 1079 4379 1124 4472; x_wconf 81' lang='lat'>¹²)</span> <span class='ocrx_word' id='word_1_318' title='bbox 1152 4380 1373 4468; x_wconf 86' lang='lat' dir='ltr'>Perstenski‚</span> <span class='ocrx_word' id='word_1_319' title='bbox 1406 4381 1534 4454; x_wconf 90' lang='lat' dir='ltr'>Petrus</span> <span class='ocrx_word' id='word_1_320' title='bbox 1561 4380 1750 4474; x_wconf 84' lang='lat' dir='ltr'>Hugwica‚</span> <span class='ocrx_word' id='word_1_321' title='bbox 1779 4382 1916 4456; x_wconf 85' lang='lat' dir='ltr'>Paulus</span> 
     </span>
     <span class='ocr_line' id='line_1_33' title="bbox 361 4500 1915 4595; baseline 0 -20"><span class='ocrx_word' id='word_1_322' title='bbox 361 4501 545 4591; x_wconf 84' lang='lat' dir='ltr'>Karwatlr,</span> <span class='ocrx_word' id='word_1_323' title='bbox 574 4505 609 4574; x_wconf 90' lang='lat' dir='ltr'>et</span> <span class='ocrx_word' id='word_1_324' title='bbox 636 4500 726 4574; x_wconf 86' lang='lat' dir='ltr'>alios</span> <span class='ocrx_word' id='word_1_325' title='bbox 753 4500 958 4595; x_wconf 84' lang='lat' dir='ltr'>sexaginta,</span> <span class='ocrx_word' id='word_1_326' title='bbox 988 4501 1026 4574; x_wconf 90' lang='lat' dir='ltr'>in</span> <span class='ocrx_word' id='word_1_327' title='bbox 1052 4507 1169 4575; x_wconf 89' lang='lat' dir='ltr'>castra</span> <span class='ocrx_word' id='word_1_328' title='bbox 1195 4501 1363 4574; x_wconf 91' lang='lat' dir='ltr'>Poloniac</span> <span class='ocrx_word' id='word_1_329' title='bbox 1390 4502 1499 4594; x_wconf 87' lang='lat' dir='ltr'>Regis</span> <span class='ocrx_word' id='word_1_330' title='bbox 1526 4501 1607 4575; x_wconf 92' lang='lat' dir='ltr'>duci</span> <span class='ocrx_word' id='word_1_331' title='bbox 1627 4501 1823 4590; x_wconf 83' lang='lat' dir='ltr'>uidissent,</span> <span class='ocrx_word' id='word_1_332' title='bbox 1851 4521 1915 4575; x_wconf 89' lang='lat' dir='ltr'>nec</span> 
     </span>
     <span class='ocr_line' id='line_1_34' title="bbox 361 4620 1913 4715; baseline -0.003 -17"><span class='ocrx_word' id='word_1_333' title='bbox 361 4642 458 4698; x_wconf 89' lang='lat' dir='ltr'>mora</span> <span class='ocrx_word' id='word_1_334' title='bbox 476 4622 513 4694; x_wconf 90' lang='lat' dir='ltr'>in</span> <span class='ocrx_word' id='word_1_335' title='bbox 532 4626 711 4713; x_wconf 90' lang='lat' dir='ltr'>stuporem</span> <span class='ocrx_word' id='word_1_336' title='bbox 731 4620 841 4696; x_wconf 84' lang='lat' dir='ltr'>versi:</span> <span class='ocrx_word' id='word_1_337' title='bbox 870 4621 989 4712; x_wconf 90' lang='lat' dir='ltr'>Nunc,</span> <span class='ocrx_word' id='word_1_338' title='bbox 1010 4622 1191 4715; x_wconf 89' lang='lat' dir='ltr'>inquiunt,</span> <span class='ocrx_word' id='word_1_339' title='bbox 1212 4642 1327 4695; x_wconf 90' lang='lat' dir='ltr'>coram</span> <span class='ocrx_word' id='word_1_340' title='bbox 1346 4621 1515 4712; x_wconf 84' lang='lat' dir='ltr'>vidimus,</span> <span class='ocrx_word' id='word_1_341' title='bbox 1540 4621 1623 4696; x_wconf 90' lang='lat' dir='ltr'>aliis</span> <span class='ocrx_word' id='word_1_342' title='bbox 1647 4622 1913 4708; x_wconf 90' lang='lat' dir='ltr'>nuntiantibus,</span> 
     </span>
     <span class='ocr_line' id='line_1_35' title="bbox 361 4741 1913 4837; baseline 0 -23"><span class='ocrx_word' id='word_1_343' title='bbox 361 4741 432 4816; x_wconf 90' lang='lat' dir='ltr'>nisi</span> <span class='ocrx_word' id='word_1_344' title='bbox 459 4741 559 4815; x_wconf 85' lang='lat' dir='ltr'>visus</span> <span class='ocrx_word' id='word_1_345' title='bbox 586 4742 688 4816; x_wconf 86' lang='lat' dir='ltr'>fidam</span> <span class='ocrx_word' id='word_1_346' title='bbox 718 4742 862 4832; x_wconf 85' lang='lat' dir='ltr'>laceret,</span> <span class='ocrx_word' id='word_1_347' title='bbox 891 4742 1131 4831; x_wconf 90' lang='lat' dir='ltr'>discredituri,</span> <span class='ocrx_word' id='word_1_348' title='bbox 1161 4745 1292 4835; x_wconf 88' lang='lat' dir='ltr'>quanto</span> <span class='ocrx_word' id='word_1_349' title='bbox 1320 4743 1437 4816; x_wconf 81' lang='lat' dir='ltr'>farore</span> <span class='ocrx_word' id='word_1_350' title='bbox 1457 4742 1624 4817; x_wconf 89' lang='lat' dir='ltr'>Pclcniae</span> <span class='ocrx_word' id='word_1_351' title='bbox 1643 4744 1776 4837; x_wconf 88' lang='lat' dir='ltr'>Regem</span> <span class='ocrx_word' id='word_1_352' title='bbox 1796 4748 1835 4817; x_wconf 93' lang='lat' dir='ltr'>ot</span> <span class='ocrx_word' id='word_1_353' title='bbox 1852 4763 1913 4835; x_wconf 93' lang='lat' dir='ltr'>po·</span> 
     </span>
     <span class='ocr_line' id='line_1_36' title="bbox 361 4862 1914 4955; baseline -0.001 -18"><span class='ocrx_word' id='word_1_354' title='bbox 361 4864 486 4955; x_wconf 87' lang='lat' dir='ltr'>pulum</span> <span class='ocrx_word' id='word_1_355' title='bbox 513 4862 588 4936; x_wconf 90' lang='lat' dir='ltr'>eins</span> <span class='ocrx_word' id='word_1_356' title='bbox 615 4867 849 4955; x_wconf 89' lang='lat' dir='ltr'>prosequatur</span> <span class='ocrx_word' id='word_1_357' title='bbox 866 4862 1056 4938; x_wconf 76' lang='lat' dir='ltr'>Divinitas.</span> <span class='ocrx_word' id='word_1_358' title='bbox 1085 4862 1212 4936; x_wconf 87' lang='lat' dir='ltr'>Paucis</span> <span class='ocrx_word' id='word_1_359' title='bbox 1231 4863 1399 4955; x_wconf 85' lang='lat' dir='ltr'>posthaec</span> <span class='ocrx_word' id='word_1_360' title='bbox 1425 4863 1550 4937; x_wconf 89' lang='lat' dir='ltr'>diebus</span> <span class='ocrx_word' id='word_1_361' title='bbox 1568 4863 1605 4938; x_wconf 92' lang='lat' dir='ltr'>in</span> <span class='ocrx_word' id='word_1_362' title='bbox 1624 4864 1795 4938; x_wconf 91' lang='lat' dir='ltr'>Polonico</span> <span class='ocrx_word' id='word_1_363' title='bbox 1815 4884 1914 4937; x_wconf 81' lang='lat' dir='ltr'>exer·</span> 
     </span>
    </p>
   </div>
   <div class='ocr_carea' id='block_1_3' title="bbox 364 5163 1917 5568">
    <p class='ocr_par' dir='ltr' id='par_1_3' title="bbox 364 5163 1917 5568">
     <span class='ocr_line' id='line_1_37' title="bbox 473 5163 1917 5257; baseline 0 -23"><span class='ocrx_word' id='word_1_364' title='bbox 473 5172 495 5255; x_wconf 89' lang='lat'>¹)</span> <span class='ocrx_word' id='word_1_365' title='bbox 518 5174 647 5236; x_wconf 88' lang='lat' dir='ltr'>habebat</span> <span class='ocrx_word' id='word_1_366' title='bbox 668 5169 732 5236; x_wconf 79' lang='lat' dir='ltr'>Ed.</span> <span class='ocrx_word' id='word_1_367' title='bbox 755 5169 847 5257; x_wconf 76' lang='lat' dir='ltr'>Lips.</span> <span class='ocrx_word' id='word_1_368' title='bbox 871 5171 896 5254; x_wconf 80' lang='lat'>²)</span> <span class='ocrx_word' id='word_1_369' title='bbox 918 5172 1104 5236; x_wconf 82' lang='lat' dir='ltr'>Sramonicze</span> <span class='ocrx_word' id='word_1_370' title='bbox 1125 5170 1190 5236; x_wconf 80' lang='lat' dir='ltr'>Ed.</span> <span class='ocrx_word' id='word_1_371' title='bbox 1215 5169 1305 5256; x_wconf 80' lang='lat' dir='ltr'>La&#39;pa</span> <span class='ocrx_word' id='word_1_372' title='bbox 1333 5170 1358 5252; x_wconf 63' lang='grc'>8)</span> <span class='ocrx_word' id='word_1_373' title='bbox 1381 5171 1461 5250; x_wconf 86' lang='lat' dir='ltr'>quod</span> <span class='ocrx_word' id='word_1_374' title='bbox 1481 5169 1581 5234; x_wconf 79' lang='lat' dir='ltr'>Aulioi</span> <span class='ocrx_word' id='word_1_375' title='bbox 1603 5163 1668 5234; x_wconf 78' lang='lat' dir='ltr'>Ed.</span> <span class='ocrx_word' id='word_1_376' title='bbox 1692 5168 1785 5255; x_wconf 78' lang='lat' dir='ltr'>Lipo.</span> <span class='ocrx_word' id='word_1_377' title='bbox 1811 5169 1839 5250; x_wconf 80' lang='lat'>⁴)</span> <span class='ocrx_word' id='word_1_378' title='bbox 1861 5173 1917 5234; x_wconf 81' lang='lat' dir='ltr'>snb</span> 
     </span>
     <span class='ocr_line' id='line_1_38' title="bbox 364 5271 1916 5361; baseline -0.003 -21"><span class='ocrx_word' id='word_1_379' title='bbox 364 5279 455 5341; x_wconf 87' lang='lat' dir='ltr'>ductu</span> <span class='ocrx_word' id='word_1_380' title='bbox 477 5273 540 5341; x_wconf 82' lang='lat' dir='ltr'>Ed.</span> <span class='ocrx_word' id='word_1_381' title='bbox 563 5274 654 5361; x_wconf 76' lang='lat' dir='ltr'>Lipe.</span> <span class='ocrx_word' id='word_1_382' title='bbox 687 5274 713 5358; x_wconf 61' lang='grc' dir='ltr'>δ)</span> <span class='ocrx_word' id='word_1_383' title='bbox 734 5281 861 5356; x_wconf 80' lang='lat' dir='ltr'>poterat.</span> <span class='ocrx_word' id='word_1_384' title='bbox 891 5273 954 5338; x_wconf 80' lang='lat' dir='ltr'>Ed.</span> <span class='ocrx_word' id='word_1_385' title='bbox 985 5272 1075 5360; x_wconf 83' lang='lat' dir='ltr'>Lipr.</span> <span class='ocrx_word' id='word_1_386' title='bbox 1107 5275 1133 5358; x_wconf 82' lang='lat'>⁶)</span> <span class='ocrx_word' id='word_1_387' title='bbox 1157 5280 1261 5355; x_wconf 86' lang='lat' dir='ltr'>suapte</span> <span class='ocrx_word' id='word_1_388' title='bbox 1287 5281 1393 5355; x_wconf 88' lang='lat' dir='ltr'>sponte</span> <span class='ocrx_word' id='word_1_389' title='bbox 1414 5271 1479 5339; x_wconf 79' lang='lat' dir='ltr'>Ed.</span> <span class='ocrx_word' id='word_1_390' title='bbox 1501 5272 1593 5358; x_wconf 71' lang='lat' dir='ltr'>napa.</span> <span class='ocrx_word' id='word_1_391' title='bbox 1625 5271 1820 5354; x_wconf 76' lang='lat' dir='ltr'>⁷)(lasimiro</span> <span class='ocrx_word' id='word_1_392' title='bbox 1841 5276 1916 5354; x_wconf 81' lang='lat' dir='ltr'>Regi</span> 
     </span>
     <span class='ocr_line' id='line_1_39' title="bbox 365 5375 1915 5464; baseline -0.003 -19"><span class='ocrx_word' id='word_1_393' title='bbox 365 5379 430 5445; x_wconf 74' lang='lat' dir='ltr'>Ed.</span> <span class='ocrx_word' id='word_1_394' title='bbox 452 5379 544 5464; x_wconf 75' lang='lat' dir='ltr'>Lipr.</span> <span class='ocrx_word' id='word_1_395' title='bbox 568 5380 597 5460; x_wconf 77' lang='lat'>⁸)</span> <span class='ocrx_word' id='word_1_396' title='bbox 619 5381 708 5444; x_wconf 86' lang='lat' dir='ltr'>ductu</span> <span class='ocrx_word' id='word_1_397' title='bbox 730 5377 794 5444; x_wconf 81' lang='lat' dir='ltr'>Ed.</span> <span class='ocrx_word' id='word_1_398' title='bbox 817 5377 909 5463; x_wconf 80' lang='lat' dir='ltr'>Lipr.</span> <span class='ocrx_word' id='word_1_399' title='bbox 942 5378 1313 5460; x_wconf 58' lang='grc' dir='ltr'>Ι1)1111111111111ιὶ1111</span> <span class='ocrx_word' id='word_1_400' title='bbox 1336 5376 1399 5442; x_wconf 79' lang='lat' dir='ltr'>Ed.</span> <span class='ocrx_word' id='word_1_401' title='bbox 1422 5375 1512 5461; x_wconf 77' lang='lat' dir='ltr'>Lips.</span> <span class='ocrx_word' id='word_1_402' title='bbox 1544 5375 1584 5458; x_wconf 85' lang='lat'>¹⁰)</span> <span class='ocrx_word' id='word_1_403' title='bbox 1607 5378 1753 5440; x_wconf 74' lang='lat' dir='ltr'>casimiro</span> <span class='ocrx_word' id='word_1_404' title='bbox 1773 5379 1915 5440; x_wconf 74' lang='lat' dir='ltr'>Pclcniae</span> 
     </span>
     <span class='ocr_line' id='line_1_40' title="bbox 367 5479 1801 5568; baseline -0.004 -20"><span class='ocrx_word' id='word_1_405' title='bbox 367 5486 443 5566; x_wconf 83' lang='lat' dir='ltr'>Regi</span> <span class='ocrx_word' id='word_1_406' title='bbox 464 5482 527 5548; x_wconf 81' lang='lat' dir='ltr'>Ed.</span> <span class='ocrx_word' id='word_1_407' title='bbox 551 5481 643 5568; x_wconf 82' lang='lat' dir='ltr'>Lipr.</span> <span class='ocrx_word' id='word_1_408' title='bbox 670 5482 1143 5565; x_wconf 67' lang='grc' dir='ltr'>11)111ς1111131111111111111</span> <span class='ocrx_word' id='word_1_409' title='bbox 1165 5480 1227 5546; x_wconf 85' lang='lat' dir='ltr'>Ed.</span> <span class='ocrx_word' id='word_1_410' title='bbox 1251 5480 1345 5565; x_wconf 83' lang='lat' dir='ltr'>Lips.</span> <span class='ocrx_word' id='word_1_411' title='bbox 1373 5481 1412 5563; x_wconf 63' lang='grc' dir='ltr'>ι1)</span> <span class='ocrx_word' id='word_1_412' title='bbox 1435 5482 1599 5544; x_wconf 77' lang='lat' dir='ltr'>vilhelmus</span> <span class='ocrx_word' id='word_1_413' title='bbox 1621 5479 1688 5548; x_wconf 75' lang='lat' dir='ltr'>Eo.</span> <span class='ocrx_word' id='word_1_414' title='bbox 1711 5479 1801 5565; x_wconf 78' lang='lat' dir='ltr'>Lipo.</span> 
     </span>
    </p>
   </div>
   <div class='ocr_carea' id='block_1_4' title="bbox 0 0 2046 6290">
    <p class='ocr_par' dir='ltr' id='par_1_4' title="bbox 0 0 2046 6290">
     <span class='ocr_line' id='line_1_41' title="bbox 0 0 2046 6290; baseline 0 0"><span class='ocrx_word' id='word_1_415' title='bbox 0 0 2046 6290; x_wconf 95' lang='lat' dir='ltr'> </span> 
     </span>
    </p>
   </div>
   <div class='ocr_carea' id='block_1_5' title="bbox 2012 1337 2027 3171">
    <p class='ocr_par' dir='ltr' id='par_1_5' title="bbox 2012 1337 2027 3171">
     <span class='ocr_line' id='line_1_42' title="bbox 2012 1337 2027 3171; baseline 0 0"><span class='ocrx_word' id='word_1_416' title='bbox 2012 1337 2027 3171; x_wconf 95' lang='lat' dir='ltr'> </span> 
     </span>
    </p>
   </div>
  </div>
 </body>
</html>
