4126 6280
411 553 485 633 226
920 576 1034 632 arnna
1061 577 1305 632 nucnncrnrus
1334 559 1448 651 (x111).
1683 558 1749 659 (Α.
1769 557 1815 632 D.
1836 557 1958 658 1456.)

409 791 486 841 rum
514 769 725 860 Imperator,
755 767 837 838 dum
866 767 1040 859 fuglentes
1067 767 1219 839 retinere
1246 788 1314 838 non
1333 787 1437 858 posse
1455 765 1612 854 videbat,
1639 767 1676 840 iu
1696 769 1813 860 lugam
1834 768 1960 859 etipse

409 891 547 981 lapsuS,
578 910 656 961 cum
683 889 818 982 gemitu
845 892 882 959 et
910 887 1045 960 eiulatu
1072 887 1212 979 grandi,
1243 887 1335 978 quod
1363 891 1497 958 tantam
1529 888 1662 960 cladem
1691 893 1725 961 et
1752 889 1959 982 ignominio-

411 1032 484 1081 sam
512 1010 651 1082 caedem
680 1009 716 1081 iu
744 1009 876 1080 vlotore
903 1009 1093 1080 multarum
1125 1007 1283 1100 gentium
1317 1008 1473 1080 exercitu
1502 1008 1710 1099 accepisset,
1739 1010 1894 1100 primum
1921 1010 1960 1081 ad

411 1131 576 1223 oppidum
605 1129 787 1220 Sophiam,
816 1127 877 1200 ubi
904 1127 1062 1220 insignes
1089 1128 1236 1200 barones
1265 1127 1320 1199 sui
1340 1127 1516 1201 exercitus
1535 1134 1735 1220 propterea,
1762 1131 1857 1221 quod
1876 1131 1960 1201 malo

410 1254 643 1343 pugnassent,
673 1256 708 1322 et
736 1251 852 1352 lugam
881 1249 1109 1341 capessendo,
1139 1249 1228 1320 alios
1253 1249 1289 1320 in
1310 1251 1427 1341 fugam
1447 1249 1657 1338 traxissent,
1685 1251 1804 1342 gladio
1823 1272 1959 1342 percus·

411 1371 474 1458 sit,
504 1371 630 1444 exinde
657 1370 694 1442 iu
722 1370 966 1460 adrianopolim
995 1370 1158 1462 fuglendo
1185 1370 1357 1460 pervenit.
1392 1369 1593 1442 Outholicus
1626 1371 1805 1444 exercitus
1839 1372 1960 1442 castrii

411 1493 599 1564 Turcorum
629 1495 663 1563 et
690 1491 784 1562 omni
812 1491 956 1582 praeda,
986 1512 1090 1581 quam
1119 1510 1235 1562 secum
1264 1491 1369 1563 Turci
1396 1491 1586 1578 vehebant,
1616 1493 1676 1564 sed
1696 1497 1731 1564 et
1749 1497 1893 1564 centum
1912 1491 1959 1562 iu-

412 1612 571 1704 signibus
598 1611 813 1700 bombardis,
844 1611 1029 1702 sexaginta
1061 1616 1212 1702 quatuor
1238 1611 1366 1704 galeis,
1400 1611 1696 1703 multitudineque
1730 1611 1958 1704 captivorum,

412 1733 539 1825 quibus
573 1734 684 1805 fessae
717 1754 839 1803 monus
873 1738 1113 1823 pepercerant,
1147 1731 1299 1824 gloriose
1331 1733 1483 1822 potitus,
1516 1731 1710 1824 gratiarum
1743 1733 1901 1806 actiones
1927 1732 1959 1804 in

411 1855 539 1942 Deum,
571 1853 630 1945 qui
659 1853 715 1924 illi
743 1853 785 1925 de
813 1852 1057 1944 potentissimo
1077 1853 1178 1925 hoste
1198 1853 1233 1924 in
1254 1853 1375 1944 paucis
1395 1853 1547 1924 contulit
1567 1852 1766 1941 uictoriam,
1798 1853 1957 1940 celebrat,

410 1974 583 2066 gloriante
611 1980 709 2064 patre
738 1975 893 2045 Iohanne
921 1973 1142 2064 Oapistrano,
1173 1995 1251 2045 cum
1278 1973 1442 2046 bubulcis
1474 1973 1676 2064 pastoribus
1709 1979 1745 2046 ct
1771 1973 1958 2060 ruralibus,

411 2117 481 2166 non
508 2094 722 2167 militaribus
750 2094 932 2186 gentibus,
961 2115 1137 2186 pugnaces
1166 2093 1226 2166 diu
1254 2095 1401 2181 lurcos
1435 2095 1549 2186 gratia
1570 2095 1596 2182 ¹)
1625 2094 1807 2166 AltIssimi
1836 2094 1958 2166 contri-

412 2215 518 2288 visse.
547 2215 623 2287 Hac
651 2211 798 2287 victoria
826 2220 961 2301 secuta,
995 2214 1154 2286 ruinates
1187 2219 1302 2288 turres
1331 2221 1366 2286 ct
1393 2235 1510 2286 muros
1543 2214 1719 2287 Iohannes
1752 2215 1794 2287 de
1823 2215 1958 2286 Huniad

411 2337 624 2427 gubernator
651 2337 692 2408 de
720 2335 868 2408 consilio
896 2335 1007 2426 patris
1036 2335 1205 2406 Iohannis
1233 2335 1433 2426 Oapistreni
1460 2335 1658 2407 instaurare
1692 2336 1824 2427 coepit,
1855 2335 1956 2406 victo-

411 2478 553 2548 remque
589 2457 780 2528 exercitum
809 2455 845 2527 in
873 2456 1025 2544 Eadem,
1065 2457 1346 2547 supplementum
1384 2477 1553 2527 novorum
1587 2459 1772 2529 ethorum
1811 2456 1957 2528 militurn

413 2578 655 2665 ordinaturus,
688 2573 909 2665 ominetus2)
943 2577 1133 2648 lurcorum
1165 2577 1433 2668 Imperatorem,
1467 2599 1529 2669 pro
1563 2577 1772 2670 detergenda
1805 2578 1904 2650 clade
1929 2582 1958 2649 et

412 2699 605 2792 ignominia
632 2704 789 2788 accepta,
819 2695 979 2770 celeriter
1006 2717 1084 2768 cum
1113 2697 1213 2769 novis
1242 2696 1352 2788 copiis
1381 2697 1631 2786 adventurum,
1661 2697 1816 2770 reduxit.

428 3056 577 3126 bornaim
599 3055 633 3124 in
655 3053 765 3143 hagno
787 3053 938 3124 latoniae
961 3053 1131 3142 apparitio.
1154 3053 1236 3124 hora
1258 3052 1410 3124 iohannis
1434 3053 1474 3124 da
1497 3053 1621 3124 hurried
1643 3054 1746 3143 Regni
1769 3053 1947 3144 hungariae

1070 3175 1307 3264 gubernatoris.

519 3424 593 3496 Nec
621 3423 762 3495 silentio
790 3424 1042 3496 transeundum
1067 3429 1136 3512 est,
1166 3424 1258 3515 quod
1279 3422 1364 3496 feria
1383 3427 1507 3516 quarta
1525 3428 1605 3515 post
1624 3423 1715 3496 dlem
1736 3425 1860 3497 Sancti
1878 3425 1958 3511 liti,

415 3545 451 3617 in
479 3546 599 3636 Regno
627 3543 795 3615 Poloniae
823 3543 979 3615 Cometes
1008 3544 1188 3634 apperuit,
1217 3545 1278 3636 qui
1307 3545 1388 3616 Sole
1415 3544 1609 3632 occidente,
1630 3545 1722 3617 inter
1741 3544 1960 3619 Occidentem

415 3671 450 3737 et
482 3664 762 3756 Septentrionem
796 3670 956 3752 exortus,
996 3669 1070 3736 tota
1103 3671 1219 3752 nocte,
1253 3685 1365 3756 usque
1398 3667 1441 3736 ad
1470 3665 1564 3738 Solis
1597 3671 1728 3752 ortum,
1762 3665 1960 3739 videntibus

414 3787 619 3877 apparebat,
649 3785 803 3877 dirigens
833 3787 940 3858 facem
970 3807 1031 3858 seu
1059 3807 1191 3857 comam
1208 3784 1238 3875 ³)
1272 3786 1484 3877 superiorem
1517 3807 1640 3858 versus
1669 3785 1960 3878 Septentrionem,

415 3907 514 3979 etin
542 3927 684 3978 aurorae
717 3905 831 3998 spatio
863 3927 986 3978 versus
1019 3906 1211 3979 Orientem:
1250 3907 1285 3978 in
1315 3929 1439 3979 aurora
1472 3907 1599 3980 etenim
1628 3908 1671 3977 ed
1699 3907 1878 3980 Orientem
1906 3930 1960 4000 up·

415 4027 655 4118 proximabat;
684 4026 895 4118 quantitatis
915 4047 1084 4099 veronen
1104 4028 1326 4115 excellentis,
1348 4029 1408 4100 sed
1427 4027 1625 4116 mediocris,
1647 4035 1682 4100 et
1701 4047 1847 4100 cursum
1866 4050 1961 4100 suum

416 4169 534 4220 mense
562 4169 630 4218 uno
659 4148 788 4240 exegit.
822 4147 876 4218 Ex
910 4148 1010 4219 cuius
1039 4148 1257 4239 apparitione
1286 4149 1427 4240 quidem
1459 4155 1591 4240 pestem
1628 4153 1690 4220 aut
1720 4169 1886 4241 guerram
1914 4151 1961 4220 I-

415 4276 531 4340 turem
547 4270 590 4358 4),
620 4269 760 4360 quidam
790 4269 925 4360 Regum
946 4275 980 4339 et
1000 4269 1203 4360 Principum
1232 4275 1394 4356 mortem,
1415 4274 1450 4343 et
1468 4268 1613 4342 effectus
1633 4271 1802 4342 molestos
1822 4270 1860 4341 in
1880 4272 1964 4342 fane
2052 4349 2053 4368 χ

319 4477 323 4484 ,
416 4397 451 4462 et
488 4390 635 4461 caritate
667 4411 838 4476 annonae,
877 4389 1018 4480 quidam
1052 4411 1171 4461 cesum
1201 4393 1235 4462 et
1263 4391 1396 4462 cladem
1428 4391 1618 4462 lurcorum
1652 4395 1772 4482 (quam
1811 4395 1962 4464 secutam

417 4510 598 4602 praemisi)
627 4510 905 4602 augurabantur,
931 4511 1149 4602 maioresque
1168 4510 1312 4583 effectus
1341 4510 1559 4601 praedictum
1580 4511 1742 4582 Oometcn
1762 4511 1800 4583 in
1821 4511 1963 4584 Prassia

417 4637 452 4702 et
479 4631 687 4717 Lithuania,
717 4635 751 4701 ot
780 4631 959 4722 aliquibus
987 4631 1147 4722 partibus
1181 4629 1324 4702 Maioris
1357 4631 1540 4718 Poloniae,
1575 4652 1613 4703 eo
1646 4632 1738 4722 quod
1773 4632 1964 4722 proximior
2052 4647 2053 4698 Ὺ

417 4752 491 4824 illis
519 4751 738 4844 regionibus,
769 4772 872 4841 quam
901 4752 1063 4834 caeteris,
1094 4753 1130 4823 iu
1159 4774 1221 4823 suo
1241 4771 1346 4824 cursu
1365 4751 1565 4840 videbatur,
1595 4753 1903 4844 apparaturum5),
1931 4757 1961 4823 et
2052 4837 2053 4852 χ

417 4874 562 4946 effectus
590 4893 671 4944 suos
700 4871 792 4944 eirca
818 4872 1031 4964 priucipIum
1050 4872 1180 4945 mensis
1204 4873 1413 4945 Novembris
1437 4873 1678 4961 initiaturum‚
1708 4874 1958 4964 praedicebant
2051 4881 2053 4910 ¹

417 4995 528 5065 Tarrta
556 4998 671 5066 autem
695 4992 895 5085 pluviarum
915 4995 1029 5064 moles
1049 4993 1206 5085 integrae
1235 4994 1380 5066 aestatis
1409 4993 1523 5085 spatio
1552 4995 1800 5082 descendebat,
1831 4999 1869 5065 ut
1888 4993 1956 5064 nui·
2052 5063 2053 5072 ,

525 5266 549 5348 ¹)
571 5270 679 5329 virtute
703 5265 765 5330 Ee.
789 5267 883 5351 Lips.
915 5265 940 5348 ⁹)
965 5269 1099 5328 ominans
1124 5264 1200 5330 Cod.
1226 5264 1314 5330 Calo.
1346 5267 1372 5345 ³)
1397 5269 1448 5328 sed
1478 5268 1628 5329 Cometam
1658 5267 1720 5330 Ed.
1746 5267 1838 5352 Lipa.
1866 5267 1890 5347 ⁴)
1911 5272 1954 5326 ant

415 5375 525 5434 bellurn
549 5373 676 5433 futurum
700 5371 761 5434 Ed.
787 5371 877 5453 Lips.
903 5371 928 5451 5)
952 5379 1138 5448 operaturum
1162 5371 1224 5434 Ed.
1251 5371 1339 5454 Lips.
