4264 6280
197 508 263 608 (Α.
284 509 329 582 D.
350 508 476 608 1446.)
710 534 823 588 arnna
850 535 1094 589 nuonncmrus
1123 517 1237 608 (nrm).
1696 521 1744 594 25

196 716 308 806 Iunii,
343 717 529 790 celebratis
561 720 654 810 apud
688 720 852 812 oppidum
886 722 1064 794 Thurobin
1098 744 1141 794 en
1169 744 1263 798 more
1295 726 1447 816 nuptiis,
1483 725 1521 797 in
1553 731 1747 799 consortem

196 843 390 928 acceperat,
419 839 575 912 Iohanne
603 839 800 913 chelmensi
833 842 995 932 episcopo
1027 843 1109 914 illos
1137 844 1381 934 desponsante.
1416 845 1472 916 Ad
1500 849 1609 917 artem
1638 847 1745 918 fabri-

195 957 265 1028 lem
293 956 344 1028 ita
370 958 581 1030 naturaliter
607 959 775 1050 proclivis
805 963 839 1031 11
866 961 1040 1051 intentae,
1069 967 1110 1032 11
1130 964 1327 1054 frequenter
1345 964 1445 1036 illam
1469 966 1668 1054 tractando,
1691 988 1745 1038 sa·

193 1077 319 1168 gittas,
348 1098 502 1168 secures,
533 1099 633 1152 enses
662 1080 795 1152 stalis
823 1081 964 1153 fabrilia
992 1103 1112 1173 opera,
1140 1105 1246 1155 manu
1273 1084 1414 1184 propria
1442 1085 1641 1157 exauderat.

279 1412 459 1501 111ιὶ111111
482 1431 673 1502 1111111111
697 1431 767 1502 bux
789 1433 934 1504 incertus
958 1433 1056 1504 enini
1078 1435 1112 1504 in
1135 1434 1244 1523 hagno
1267 1435 1417 1506 Poloniae
1440 1437 1657 1525 surripienda,

234 1550 499 1622 ruczoviamau
533 1554 729 1623 conventum
759 1552 793 1622 in
825 1553 981 1623 Brzcsczc
1011 1571 1119 1624 secun
1150 1554 1297 1640 abducit,
1332 1555 1399 1626 illic
1429 1555 1469 1626 dc
1499 1573 1622 1626 summa
1653 1558 1700 1627 roi

843 1673 1099 1744 consultaturus.

294 1918 401 1990 Festo
430 1918 551 1990 Sancti
578 1919 761 1991 Michaelis
789 1919 1011 2008 adveniente,
1041 1920 1259 1991 instauratur
1286 1919 1322 1990 in
1343 1919 1468 2010 oppido
1493 1921 1654 1993 Parenos
1681 1942 1740 2013 ge-

189 2035 321 2108 neralis
349 2037 550 2126 conventio,
586 2043 621 2110 et
648 2038 822 2111 Praelatio
851 2043 886 2110 et
914 2039 1101 2110 baronibus
1129 2039 1216 2111 illuc
1240 2038 1495 2111 confluentibus
1516 2041 1555 2127 ¹),
1585 2040 1669 2130 quid
1690 2041 1738 2110 t-

189 2155 350 2228 ciendum
385 2161 548 2246 restaret,
587 2161 820 2230 consultatur.
863 2159 988 2231 Plures
1027 2179 1183 2231 rumores
1220 2158 1474 2230 nuntiabantur
1509 2159 1664 2246 adversi,
1702 2159 1740 2230 hi

188 2276 412 2366 praesertim,
442 2277 533 2367 quod
557 2277 814 2350 Lithuanorum
834 2278 1024 2350 multitudo
1044 2278 1225 2350 Phartaris
1243 2279 1434 2370 permixta,
1454 2279 1491 2350 in
1510 2279 1738 2351 Parenovien-

189 2416 261 2468 sem
289 2397 404 2476 locum
432 2397 572 2470 deberet
591 2397 801 2489 intempesta
819 2403 920 2470 noete
938 2398 1145 2488 irrumpere,
1176 2403 1210 2471 11
1237 2399 1516 2470 consiliariorum
1536 2398 1652 2490 Regni
1672 2400 1738 2470 Po·

187 2516 303 2588 loniae
332 2516 483 2607 spolium
511 2521 650 2607 patrare
678 2537 756 2590 cum
789 2517 1008 2608 captivitate.
1041 2518 1190 2608 Propter
1223 2519 1314 2607 quod
1343 2519 1540 2608 trequentes
1569 2518 1738 2590 excubiae

185 2656 247 2726 pro
276 2636 468 2708 securitate
495 2635 533 2707 in
560 2637 647 2709 locis
675 2637 838 2728 pluribus
867 2642 950 2708 sunt
977 2638 1175 2710 institutae.
1205 2637 1335 2727 Sophia
1358 2638 1494 2729 Regina
1513 2637 1738 2710 solicitudine

186 2759 343 2828 materna
370 2755 407 2826 in
435 2756 603 2828 Brnesene
631 2755 858 2828 Ruthonicali
878 2777 915 2826 11
934 2757 1144 2844 contulerat,
1179 2757 1309 2828 Ducem
1337 2757 1573 2844 Karimirum,
1595 2779 1636 2828 ne
1656 2779 1735 2828 con·

185 2875 338 2947 tumacia
366 2875 472 2946 solita
498 2897 601 2962 usus,
636 2897 714 2948 eum
747 2877 869 2968 Regno
885 2874 916 2964 ²)
949 2877 1016 2948 tide
1047 2881 1082 2948 et
1109 2877 1235 2964 nobili,
1271 2877 1376 2948 toties
1407 2877 1561 2968 regimen
1590 2877 1658 2948 sibi
1686 2877 1735 2946 of-

185 2992 375 3083 11111113),
405 2995 514 3066 vitam
552 3017 688 3086 quoque
724 3017 786 3086 per
822 2997 1090 3068 subsecuturum
1126 2997 1259 3068 bellum
1297 2997 1385 3088 eripi
1416 2998 1649 3088 permitteret,
1684 2997 1734 3066 al-

186 3114 357 3186 11111111.
394 3115 498 3186 Η111
513 3115 543 3204 ⁴)
573 3115 803 3206 nequicquam
840 3115 1016 3186 mollitum
1048 3121 1110 3186 aut
1142 3121 1314 3188 mutatum
1347 3116 1486 3204 videns,
1516 3137 1640 3208 magna
1669 3137 1729 3186 an·

184 3233 302 3325 gustia
338 3233 466 3306 mentis
503 3236 697 3307 tenebatur.
735 3235 935 3308 Consiliarii
972 3257 1054 3308 vero
1082 3235 1196 3328 Regni
1213 3235 1243 3324 5)
1271 3236 1410 3308 levibus
1438 3237 1573 3308 nuntiis
1602 3237 1733 3308 Ducem

184 3353 403 3426 Kanimirum
430 3353 670 3444 requirebant,
704 3359 745 3426 ut
772 3355 874 3426 iuxta
905 3355 1162 3428 intimationem
1189 3376 1251 3445 per
1277 3356 1419 3427 Petrum
1452 3355 1640 3427 Korouski
1677 3377 1732 3427 ca-

184 3474 373 3546 stellanum
401 3473 654 3547 Sandecensem
682 3475 825 3562 tactam,
854 3474 892 3545 in
919 3475 1080 3546 Parenos
1099 3475 1251 3562 veniret,
1280 3475 1322 3546 de
1346 3497 1410 3546 sua
1429 3475 1467 3546 in
1485 3477 1645 3567 Regnum
1665 3477 1730 3547 Po-

182 3593 297 3665 loniae
325 3593 494 3666 electione
522 3614 729 3666 consensum
756 3599 1015 3685 praestaturus,
1045 3599 1107 3665 aut
1134 3599 1323 3680 tractatus
1354 3616 1440 3685 quos
1468 3596 1592 3682 vellet,
1622 3595 1730 3666 inter-

180 3713 373 3804 positurus.
402 3711 471 3784 Ille
499 3719 632 3803 autern,
662 3735 740 3786 eum
768 3714 838 3785 iam
867 3713 903 3784 in
931 3714 1145 3802 Β11111116)
1173 3713 1210 3784 in
1238 3714 1412 3805 frequenti
1448 3714 1730 3786 consiliariorum

180 3832 393 3905 Lithuaniae
420 3855 563 3906 numero
591 3835 807 3922 advenisset,
840 3834 1019 3906 renuntiat
1046 3854 1083 3906 se
1109 3833 1290 3926 genitricis
1323 3855 1406 3906 suae
1439 3834 1589 3924 Sophiae
1623 3834 1728 3927 Regi-

180 3973 245 4025 nae
272 3958 308 4026 et
335 3953 533 4045 aliquorum
560 3955 727 4027 baronum
755 3954 869 4046 Regni
896 3953 1062 4026 Poloniae
1082 3954 1306 4026 suasionibus
1325 3959 1474 4041 motum,
1504 3954 1540 4024 in
1561 3955 1730 4026 Brnescne

180 4073 320 4145 uenisse
347 4077 382 4144 11
409 4094 487 4146 cum
516 4074 728 4146 consiliariis
756 4073 870 4166 Regni
896 4073 1064 4146 Poloniae
1092 4075 1134 4146 de
1162 4078 1258 4144 statu
1285 4073 1400 4165 Regni
1427 4077 1598 4146 tractatus
1623 4095 1726 4164 quos·

177 4193 268 4265 libet
293 4214 363 4264 non
389 4198 643 4267 recusaturum.
677 4196 744 4267 Per
770 4195 915 4266 Petrum
943 4215 1025 4266 vero
1052 4194 1240 4265 Kuroushi
1272 4194 1426 4283 aliquam
1455 4193 1722 4282 intimationem,

177 4314 236 4386 vel
262 4313 305 4385 de
332 4313 552 4404 suscipiendo
580 4315 701 4406 Regno
718 4314 761 4402 ⁷),
800 4315 856 4386 rel
884 4314 926 4386 de
953 4314 1101 4386 tenenda
1133 4313 1170 4384 in
1197 4315 1358 4384 Parenos
1390 4313 1618 4384 conventione
1645 4313 1723 4384 infi-

177 4433 338 4505 ciabatur
364 4454 401 4505 se
428 4433 563 4505 fecisse.
601 4433 752 4505 Proinde
780 4433 811 4504 11
839 4432 923 4524 quid
950 4433 1001 4504 rei
1030 4437 1138 4520 esset,
1179 4431 1246 4504 sibi
1283 4453 1361 4504 cum
1394 4433 1457 4503 illo
1491 4433 1528 4503 in
1556 4433 1724 4506 Bruescue

176 4552 441 4640 descenderent,
476 4556 510 4626 et
541 4557 614 4625 tam
642 4553 684 4625 de
712 4575 775 4625 sua
802 4553 839 4624 in
867 4554 1027 4644 Regnum
1060 4552 1315 4643 assumptione,
1350 4573 1452 4643 quam
1486 4553 1528 4625 de
1555 4552 1726 4624 eiusmodi

176 4672 434 4761 stabilimento,
464 4695 552 4765 qnae
581 4677 775 4765 opportuna
803 4677 935 4761 essent,
967 4693 1083 4745 secum
1111 4673 1355 4765 transigerent.
1384 4673 1510 4762 Itaque
1538 4693 1616 4744 cum
1644 4674 1722 4764 plu·

175 4793 275 4866 ribus
301 4793 471 4884 placeret,
502 4794 607 4866 ctiam
635 4795 672 4865 in
699 4795 867 4866 Brnescne
893 4793 960 4878 iro,
991 4798 1025 4865 11
1048 4793 1179 4880 omnia,
1209 4815 1296 4884 quae
1315 4794 1358 4864 ad
1377 4793 1634 4884 susceptionem
1654 4794 1722 4864 Re-

174 4913 237 5006 gni
267 4933 331 5004 per
361 4913 492 4986 Ducem
524 4913 744 4986 Kauimirum
776 4913 925 4986 fiendam
958 4914 1113 4986 conterre
1144 4915 1297 5004 possint,
1332 4913 1500 5004 experiri:
1543 4913 1721 5003 aliquibus

282 5203 305 5283 ¹)
328 5205 359 5263 in
381 5223 488 5280 magno
511 5222 632 5264 numero
654 5203 724 5262 illue
747 5203 961 5262 confluentibus
983 5199 1046 5262 Ed.
1071 5199 1161 5285 Lapa.
1193 5201 1217 5280 ²)
1241 5203 1382 5262 Poloniae
1410 5201 1515 5278 Regno
1545 5198 1607 5261 Ed.
1632 5199 1722 5283 Le'ps.

174 5307 200 5384 ²)
225 5308 283 5367 sibi
305 5307 404 5367 oblato
425 5304 496 5367 Ed,v
520 5305 609 5390 Le'prs.
634 5303 661 5384 ⁴)
684 5305 778 5379 Quem
802 5301 878 5368 Coe.
902 5303 1010 5368 Przez.
1036 5304 1061 5384 ⁵)
1084 5301 1524 5386 RegniPoloniaeEd.Lips.
1543 5301 1722 5384 6)Β1111111

175 5405 253 5474 cod.
276 5407 344 5471 Lis.
369 5407 394 5490 ⁷)
416 5411 557 5471 Poloniae
578 5411 681 5486 Regno
704 5405 768 5469 Ed.
792 5406 881 5491 Lips.

200 5563 223 5604 J.
237 5561 333 5612 Dlugon.
347 5561 433 5602 nima
447 5562 527 5602 Polou.
541 5561 566 5602 ’1.
581 5561 609 5602 V.
1513 5539 1531 5592 4
