4126 6280
95 613 158 715 (Α.
179 613 229 698 o.
244 613 370 713 roes.)

604 638 717 690 arsur
742 634 987 691 nuonncnuus
1015 618 1129 710 (ΜΠ).
1564 614 1637 702 217

93 936 295 1026 burgariam,
318 936 479 1007 lustricm
503 939 538 1007 ct
560 936 755 1008 canntliam
778 938 899 1026 pestis,
921 937 1083 1008 boloniam
1106 955 1183 1008 uero
1206 955 1355 1009 annonae
1376 939 1498 1010 cantas
1513 940 1639 1028 promit.

195 1185 355 1276 Regnum
388 1183 593 1277 Hungariae
626 1184 693 1257 etsi
729 1206 790 1276 pro
827 1206 917 1256 anno
950 1185 1013 1257 illo
1056 1185 1159 1258 bellis
1192 1186 1347 1259 externis
1380 1187 1639 1278 aliquantulum

94 1304 289 1397 quietatum
317 1309 408 1394 erat,
436 1306 549 1398 pestis
577 1313 693 1378 tamen
725 1305 950 1398 gravissima,
985 1327 1073 1397 quae
1105 1306 1209 1379 etiam
1246 1307 1427 1378 Austriam
1459 1311 1494 1378 ot
1521 1307 1638 1379 Garin-

91 1425 201 1497 thiam
227 1432 445 1518 pervaserat,
473 1427 565 1498 illud
583 1427 772 1518 premebat.
801 1425 968 1499 Poloniae
988 1447 1068 1514 roro
1088 1427 1265 1518 Regnum,
1294 1432 1432 1518 praeter
1449 1449 1592 1520 guerras
1612 1429 1639 1516 ¹)

91 1546 127 1618 in
153 1545 301 1619 Prussia
327 1551 461 1639 gestae,
491 1547 598 1620 etiam
626 1547 781 1620 deiectus
808 1525 966 1618 annonae
994 1521 1186 1638 affligebat:
1216 1569 1296 1618 nam
1316 1569 1406 1619 anno
1427 1549 1546 1621 eodem
1566 1549 1637 1620 iru-

91 1672 208 1740 menta
223 1689 392 1760 ¹quaeque
411 1671 642 1759 provenerant
657 1666 701 1757 ²),
719 1671 765 1746 ¹ot
784 1668 869 1748 haec
888 1665 975 1757 ipsa
996 1687 1058 1757 per
1081 1667 1270 1760 armigeros
1293 1669 1330 1751 in
1348 1669 1479 1740 bollum
1499 1689 1638 1761 pregre:

91 1787 243 1875 dientes,
272 1785 538 1880 consumptae).

124 2143 322 2214 wladislau
344 2143 506 2216 latonae
529 2143 600 2213 linx
623 2142 1030 2231 anteambulonem,
1053 2141 1177 2213 relictis
1200 2142 1324 2213 dnobus
1346 2142 1439 2228 illlis,
1462 2143 1607 2214 noritur.

191 2388 297 2462 Faria
325 2393 449 2480 quarta
476 2393 557 2494 ante
585 2389 676 2463 diem
705 2390 854 2462 Sanctae
881 2389 1027 2478 Lucios,
1056 2389 1275 2462 Wladislaus
1303 2385 1479 2462 Maeoniae
1504 2393 1538 2462 et
1557 2389 1637 2460 Plo-

89 2509 202 2582 censis
231 2509 417 2600 Princeps,
447 2510 488 2582 de
515 2509 734 2601 aegritudine
762 2510 893 2598 ethica,
922 2531 1010 2600 quae
1034 2509 1259 2600 Principibus
1289 2510 1465 2582 Maserius
1485 2513 1538 2582 ost
1555 2509 1637 2581 hae-

88 2630 272 2719 reditaria,
301 2631 339 2702 iu
367 2630 465 2702 ouria
492 2651 555 2701 sua
583 2630 778 2722 oppidoque
797 2629 1105 2722 Nyodnwyedna4)
1133 2650 1240 2720 prope
1261 2629 1475 2718 Soc-haccon,
1503 2629 1639 2702 relictis
1675 2665 1677 2671 ·

89 2750 172 2823 filiis
202 2751 356 2836 duobuS,
387 2750 565 2824 Semovito
593 2756 628 2822 et
646 2750 859 2838 Wladislao,
889 2770 933 2823 en
952 2749 1027 2822 lilia
1056 2749 1412 2839 ConradiKanthnsr
1430 2749 1538 2821 Ducis
1559 2749 1637 2821 Ole-

90 2870 307 2942 schnicensis
336 2871 441 2942 Anna
466 2876 664 2962 susceptos,
694 2869 842 2942 moritur
866 2876 900 2944 et
923 2871 961 2942 in
979 2870 1142 2942 Plccensi
1162 2869 1309 2960 ecclesia
1329 2871 1511 2962 sepelitur.
1535 2870 1637 2941 Prin·

89 3011 169 3082 ceps
198 2990 301 3062 fortis
329 2990 483 3080 viribus,
512 2995 548 3063 et
574 2991 706 3082 optima
733 2991 864 3063 habens
892 2989 1085 3077 naturalia,
1116 2989 1146 3062 si
1174 2989 1238 3062 illa
1264 2989 1444 3080 potatione
1464 2991 1640 3080 superflua

90 3111 267 3184 interdum
294 3132 364 3182 non
392 3111 627 3184 debilitasset:
657 3111 757 3182 nulla
784 3110 854 3182 alia
882 3110 1030 3198 uirtute,
1056 3131 1160 3201 quam
1179 3109 1333 3198 iustitia,
1353 3109 1536 3201 insignior.
1565 3109 1637 3180 Ma-

90 3231 187 3304 soria
225 3237 355 3304 extunc
390 3253 452 3324 por
479 3233 626 3305 feminas
662 3231 831 3304 Ducissas
858 3231 932 3324 regi
960 3231 1089 3322 coepit,
1118 3209 1279 3322 omnibus
1308 3229 1505 3302 senioribus
1537 3229 1637 3302 Prin-

90 3353 229 3442 cipibus
262 3351 299 3422 in
327 3372 414 3424 sexu
442 3351 540 3424 virili
567 3353 777 3444 absumptis.
805 3352 982 3424 Consonsu
1010 3357 1127 3424 tamen
1151 3355 1185 3422 et
1205 3351 1374 3424 electione
1393 3350 1546 3422 omnium
1565 3351 1637 3421 Ma-

90 3473 207 3544 soriae
236 3473 420 3561 baronum,
449 3473 582 3544 Paulus
610 3472 652 3544 dc
680 3472 818 3546 Ginioae
846 3473 1031 3564 episcopus
1050 3471 1230 3557 Plccensis
1249 3471 1285 3543 in
1304 3475 1438 3561 patrem
1466 3471 1500 3542 e't
1527 3475 1637 3542 recto-

24 3667 27 3679 ,
88 3614 159 3665 rem
187 3593 384 3680 Maeoniae,
414 3594 522 3665 donec
548 3591 730 3684 Principes
758 3598 907 3664 aetatem
926 3593 1078 3664 debitam
1098 3592 1327 3684 attingerent,
1349 3595 1552 3681 surrogatus
1572 3595 1638 3662 est.

90 3712 155 3804 Qui
181 3717 360 3804 potestate
388 3712 457 3784 sibi
484 3712 615 3784 tradita
641 3733 727 3784 usus
756 3713 931 3784 seniorum
957 3713 1126 3803 baronum
1154 3711 1317 3800 consilio,
1355 3709 1584 3800 gravissimas
1604 3714 1639 3781 ot

89 3854 256 3905 onerosas
283 3833 553 3906 consuetudines
582 3808 619 3906 ef
644 3833 902 3921 observantias,
937 3833 1064 3924 quibus
1092 3831 1129 3926 in
1157 3831 1259 3902 illum
1294 3831 1385 3920 diem
1419 3830 1576 3902 Masoria
1602 3829 1639 3901 in

89 3953 396 4027 administratione
422 3954 633 4027 iudiciorum
659 3960 695 4036 et
722 3952 903 4041 exactione
930 3974 1119 4056 poenarum
1152 3951 1389 4044 premebatur,
1429 3951 1491 4022 rin
1515 3950 1638 4056 barba·

89 4073 137 4146 ris
166 4075 385 4162 tolerandas,
415 4096 485 4147 nou
512 4075 588 4148 sine
615 4074 766 4146 nominis
796 4073 851 4146 sui
876 4073 1095 4166 amplissima
1113 4073 1216 4145 laude
1235 4077 1270 4144 et
1289 4071 1428 4159 merito,
1457 4069 1640 4162 abrogavit

90 4199 124 4265 et
150 4193 326 4283 extinxit,
356 4194 524 4285 quasdam
552 4215 630 4268 aere
657 4193 798 4285 proprio
826 4193 984 4284 redemit.
1110 4274 1115 4305 ἑ

122 4589 124 4594 ,
168 4547 368 4619 lorostaria
390 4547 528 4640 fratrum
550 4548 702 4638 diuorum
725 4547 836 4646 Sancti
858 4547 1017 4652 lrcnciscl
1041 4547 1081 4616 de
1104 4546 1313 4634 obseruantia
1336 4547 1369 4616 in
1392 4544 1562 4631 Posnania,
1591 4528 1593 4537 ἱ

337 4760 338 4768 .
460 4668 649 4755 llorrtlrcn,
670 4667 841 4738 llsolowc
864 4669 900 4754 et
922 4667 1071 4759 Kobilino
1095 4666 1271 4763 eriguntur.

198 4915 318 4988 Tertia
354 4915 514 4990 Octobris
530 4915 560 5005 ὃ)
597 4915 809 5006 monasteria
845 4915 991 4986 fratrum
1023 4913 1345 4998 Minorumsancti
1380 4911 1561 4984 Francisci
1597 4911 1640 4983 de

92 5035 316 5109 obseruantia
344 5035 381 5107 in
408 5036 600 5123 Posnania,
628 5036 868 5123 Kosnthenssl,
897 5035 1081 5107 Wschowa
1108 5038 1143 5108 et
1169 5033 1355 5122 Kobilino,
1383 5054 1446 5124 per
1473 5033 1639 5105 Consula-

200 5327 224 5408 ¹)
247 5330 326 5389 bella
350 5323 425 5390 Coa.
449 5311 519 5389 La'c.
550 5326 576 5404 ²)
598 5328 675 5386 male
705 5331 859 5387 creuerant
889 5320 965 5386 cod.
989 5322 1057 5386 Lis.
1089 5323 1115 5402 ³)
1147 5329 1320 5400 consumpta
1349 5329 1427 5384 sunt.
1456 5321 1519 5384 Ed.
1551 5319 1640 5403 Lipc.

91 5429 119 5511 ⁴)
141 5433 399 5509 W'yedczuy'cdna
419 5429 483 5522 Ed.
506 5428 597 5513 Lo'ps'.
628 5425 657 5512 ᾖ)
680 5431 784 5490 Tertia
810 5429 947 5522 Octobris
969 5429 1080 5504 mensis
1103 5428 1151 5488 dic
1172 5425 1236 5488 Ea.
1259 5424 1350 5509 Lips.
1379 5425 1406 5507 ⁶)
1430 5428 1538 5487 Costen
1564 5420 1640 5486 Cori.

93 5532 203 5598 Przcc.
225 5536 383 5611 Koeczyan
406 5531 470 5596 Ed.
496 5531 587 5616 Lipc.
1339 5553 1343 5560 ·

118 5685 141 5728 J.
154 5685 250 5736 Dlugon.
264 5685 351 5746 Hister.
364 5684 444 5725 Polou.
458 5683 484 5724 Τ.
498 5684 525 5723 V.
1435 5664 1468 5717 28
