4152 6270
139 505 419 608 (Α.11.1454.)
652 531 765 584 arnna
791 531 1035 584 nuonnourus
1064 513 1178 628 (xrrr).

416 831 631 920 bespeneetio
654 834 689 904 et
711 833 879 906 1111111111
902 833 1068 904 Elisabeth
1090 832 1234 922 llegim
1255 833 1415 911 leleeiae.

243 1078 413 1169 Sequenti
441 1078 622 1152 Dominico
650 1079 707 1152 die
727 1080 876 1154 Sanctae
899 1080 1153 1169 Scholasticae,
1182 1101 1308 1172 magna
1326 1080 1418 1153 inter
1436 1082 1584 1155 barones
1604 1083 1688 1154 Ora-

139 1199 318 1270 corienses
346 1204 381 1271 et
409 1199 551 1272 Maioris
578 1200 744 1273 Poloniae
772 1201 971 1290 altercatio,
1001 1223 1045 1273 an
1073 1201 1246 1293 Sbignens
1273 1200 1468 1273 Cardinalis
1497 1207 1532 1274 ot
1551 1203 1684 1294 episco-

139 1341 205 1412 pus
237 1319 492 1409 Cracouiensis,
530 1342 574 1392 an
606 1321 782 1394 Iohannes
818 1321 1104 1413 archiepiscopus
1137 1320 1367 1410 Gnesnensis,
1401 1323 1535 1414 Regem
1554 1323 1581 1411 ¹)
1610 1345 1689 1395 cum

139 1439 277 1533 uirgine
303 1441 502 1530 Elisabeth,
531 1462 621 1514 nova
648 1446 774 1532 nupta,
803 1442 1046 1533 desponsaret,
1075 1441 1218 1514 suborta
1245 1445 1315 1530 est,
1345 1461 1433 1534 quae
1461 1441 1554 1516 diem
1581 1463 1690 1535 prope

138 1561 320 1636 meridiem
335 1559 367 1652 ²)
394 1561 572 1652 perduxit.
602 1562 798 1635 Gurdinalis
825 1563 901 1636 iure
929 1563 1074 1655 cogebat
1100 1561 1264 1653 hospitii,
1294 1562 1467 1635 neminem
1487 1563 1539 1634 ias
1559 1585 1635 1638 esse
1654 1563 1692 1636 in

139 1681 270 1755 diocesi
298 1687 333 1754 et
360 1681 507 1755 ecclesia
535 1703 598 1756 sua
615 1682 929 1756 autrimentorum
949 1703 1051 1776 agere
1070 1682 1427 1756 administrationem:
1457 1684 1688 1775 archiepisco·

140 1824 208 1896 pne
225 1801 256 1893 ³)
285 1803 360 1875 iure
387 1802 643 1894 metropolitico
671 1804 871 1892 refellebat;
899 1803 1009 1876 maior
1036 1806 1154 1876 tamen
1180 1807 1215 1876 et
1238 1803 1356 1876 sanior
1373 1825 1455 1896 pars
1475 1804 1693 1878 Cardinalom

138 1925 216 1998 iure
243 1922 457 2016 superiorem
485 1944 562 1996 esse
590 1923 804 1996 clamitabat.
819 1924 821 1934 ’
834 1925 880 1996 Et
908 1924 990 1996 dum
1013 1923 1212 1997 differentia
1229 1924 1308 2015 ipsa
1327 1924 1480 1997 faciliter
1498 1945 1537 1998 eo
1556 1924 1612 1997 dis
1631 1925 1690 1997 de·

138 2045 209 2118 cidi
237 2067 305 2117 non
332 2048 485 2136 poterat,
519 2039 671 2144 1111111111,
700 2049 739 2116 ut
758 2066 820 2136 pro
840 2044 1034 2118 dirimenda
1066 2043 1272 2136 quaestione
1299 2044 1336 2116 in
1363 2049 1560 2136 posterum,
1590 2045 1692 2120 Sum·
1730 2041 1733 2046 ’

137 2188 216 2240 mus
245 2166 485 2240 consuleretur
512 2165 692 2253 Pontifex,
722 2165 941 2238 venerandus
960 2164 1102 2238 interim
1130 2165 1305 2238 Iohannes
1324 2165 1367 2237 de
1386 2165 1607 2257 Capistrano,
1638 2188 1692 2238 or-

136 2287 234 2360 dinis
252 2285 484 2376 1111111114),
513 2285 738 2377 apostolicae
759 2285 860 2358 Sedis
887 2285 922 2357 N
923 2285 1061 2373 untias,
1091 2305 1178 2376 opus
1198 2286 1478 2377 desponsationis
1499 2285 1691 2378 expediret.

137 2409 205 2500 Qui
235 2407 425 2482 accersitus
454 2407 497 2479 ad
524 2406 659 2499 regium
687 2407 891 2495 eonsilium,
926 2406 1018 2480 sicut
1045 2407 1184 2478 nullum
1212 2405 1269 2478 ins
1297 2405 1558 2501 archispiscopo
1583 2406 1693 2482 Gnes-

135 2527 256 2618 nensi,
284 2527 335 2602 ita
361 2549 461 2602 omne
488 2525 665 2600 cardinali
693 2527 908 2620 abepiscopo
936 2526 1173 2616 Oracoriensi,
1203 2527 1241 2599 in
1260 2525 1548 2600 administrandis
1568 2527 1691 2601 Sacra-

135 2650 268 2724 mentis
295 2649 332 2722 in
360 2647 508 2723 ecclesia
535 2648 773 2738 tirasonensi,
802 2647 1078 2722 euidentissimis
1093 2647 1294 2720 rationibus
1313 2648 1477 2736 deduxit,
1506 2649 1694 2722 nataliter

135 2773 404 2845 Sacramentum
431 2770 576 2861 copulae
591 2768 621 2858 5)
650 2791 688 2842 11
715 2768 1044 2842 administraturum
1072 2767 1275 2860 spopondit,
1303 2768 1392 2858 nisi,
1423 2768 1455 2841 si
1473 2768 1510 2841 id
1528 2768 1693 2842 011111111-

133 2893 182 2966 111
211 2898 250 2966 11
276 2891 461 2984 episcopus
489 2889 730 2962 cracoviensis
759 2889 933 2982 Shignsus
964 2888 1198 2981 permittendo
1225 2892 1341 2962 ratum
1367 2889 1541 2962 hahuerit.
1571 2889 1689 2964 Cardi-

133 3014 232 3086 nalis
260 3013 325 3086 suh
352 3013 418 3086 1111
445 3010 672 3084 altercatione
700 3010 743 3082 ad
771 3031 866 3084 aram
893 3010 1023 3085 Divina
1051 3009 1190 3103 agebat:
1220 3009 1362 3102 quibus·
1380 3011 1549 3102 expletis,
1577 3012 1694 3104 ponti-

133 3135 264 3208 ficibus
299 3131 467 3206 Poloniae
502 3131 718 3220 astantibus,
755 3131 1019 3222 pontificalibus
1055 3130 1211 3218 indutis,
1253 3136 1327 3204 tam
1363 3131 1565 3204 Kauimirus
1599 3133 1691 3222 Rex,

133 3277 244 3348 qnam
272 3243 456 3327 Elisabeth
474 3253 574 3345 virgo
594 3251 746 3344 Regina,
776 3251 819 3326 ad
838 3251 1114 3324 contrahendum
1133 3251 1394 3326 matrimonium
1413 3253 1575 3325 accessit.
1603 3254 1688 3326 Ere-

135 3383 191 3451 ter
226 3377 403 3450 Iohannes
439 3373 481 3448 de
514 3372 719 3465 Oapistrano
752 3393 830 3445 eum
867 3393 993 3465 magna
1024 3372 1228 3446 humilitate
1258 3377 1472 3464 prostratus,
1512 3372 1692 3447 licentiam

131 3496 370 3571 1011111111
402 3494 636 3586 desponsandi
667 3494 798 3586 Regem
836 3497 871 3566 et
902 3493 1075 3586 Reginam
1108 3492 1273 3567 obtinuit.
1309 3493 1383 3584 Qua
1416 3495 1576 3583 obtenta,
1611 3495 1693 3568 dum

131 3618 203 3692 rite
232 3615 539 3708 desponsationem
566 3614 678 3706 ipsam
706 3634 871 3707 peragere
899 3635 968 3686 non
994 3618 1132 3706 posset,
1164 3615 1265 3688 reiut
1291 3613 1451 3688 Polonici
1477 3621 1513 3688 et
1540 3615 1690 3690 Thente-

131 3737 207 3812 nici
236 3735 417 3810 idiomatis
444 3735 604 3828 ignarus,
639 3739 781 3808 coactus
809 3739 864 3808 est
892 3735 1088 3808 cardinalis
1121 3736 1275 3808 officium
1307 3735 1604 3830 desponsationis,
1632 3737 1695 3828 qui

131 3863 324 3950 utramque
343 3857 501 3948 linguam
524 3861 686 3944 nouerat,
712 3857 890 3930 conficere.
926 3855 1000 3947 Qua
1028 3857 1200 3944 coniecta,
1215 3855 1509 3948 archiepiscopus
1524 3857 1555 3946 ⁰)
1584 3857 1692 3930 Gnes-

131 3978 259 4054 nensis
293 3977 335 4048 ad
364 3977 475 4050 altare
510 3976 693 4065 accedens,
732 3976 876 4048 missam
905 3976 947 4048 do
975 3976 1103 4049 Sancto
1132 3976 1285 4069 Spiritu,
1315 3998 1393 4050 cnm
1426 3977 1573 4051 torrenti
1593 3978 1691 4052 iesti-

130 4100 282 4172 uatione
308 4101 451 4190 propter
478 4101 617 4188 tempus
645 4097 953 4188 advesperascens
983 4097 1021 4170 in
1048 4101 1154 4170 cantu
1181 4097 1270 4190 egit,
1300 4101 1335 4170 et
1362 4099 1554 4189 praefatam
1582 4098 1690 4191 virgi-

130 4243 214 4296 nem
245 4218 431 4294 Elisabeth
457 4217 494 4290 in
512 4217 684 4311 Reginam
711 4217 878 4290 Poloniae
905 4217 1011 4292 unxit
1030 4222 1065 4290 at
1083 4217 1274 4291 coronarit.
1304 4217 1388 4291 Dias
1408 4223 1484 4292 octo
1504 4225 1690 4310 sequentes

130 4341 295 4415 celebres
322 4339 359 4412 in
386 4338 521 4412 choreis
541 4343 576 4411 et
594 4338 689 4411 ludis
707 4337 821 4411 habiti
841 4343 940 4428 sunt,
969 4343 1004 4411 st
1023 4345 1148 4412 omnes·
1161 4339 1307 4412 barones
1326 4339 1544 4432 Hungariae,
1575 4341 1688 4413 Boho·

130 4462 228 4536 miae
259 4464 294 4533 et
320 4459 503 4547 niustriae,
532 4459 693 4534 omnibus
721 4459 928 4532 necessariis
955 4480 1017 4551 per
1040 4459 1114 4532 dies
1134 4459 1216 4532 illos
1235 4459 1394 4548 tractati,
1423 4459 1511 4532 feria
1538 4460 1690 4532 secunda

128 4587 217 4675 post
249 4581 415 4684 81111111Ι
434 4579 610 4668 Iulianae,
648 4579 844 4673 magnificis
872 4585 906 4654 ot
932 4579 1111 4672 regalibus
1144 4579 1262 4668 donis,
1300 4601 1370 4652 una
1403 4601 1481 4652 cum
1509 4580 1690 4669 matronis,

130 4725 227 4796 quae
248 4723 375 4774 nouam
393 4701 563 4793 Reginam
582 4699 854 4789 comitabantur,
874 4701 1103 4790 remunerati,
1131 4699 1325 4792 gratiarum
1344 4699 1542 4773 actionibus
1562 4699 1690 4772 mirum

128 4826 170 4898 in
198 4823 345 4896 modum
373 4822 462 4915 Regi
488 4820 667 4896 Kanimiro
695 4820 801 4910 actis,
830 4820 867 4894 in
893 4821 1035 4913 propria
1061 4821 1194 4896 reuersi
1222 4825 1317 4894 sunt.

247 5113 273 5193 ¹)
296 5111 471 5176 casimirum
493 5113 634 5174 Poloniae
656 5112 767 5189 Regem
789 5109 853 5174 Ed.
879 5109 968 5196 Lipe.
993 5111 1018 5191 ²)
1040 5129 1133 5189 prope
1156 5109 1195 5171 ad
1217 5111 1374 5172 meridiem
1396 5105 1460 5172 Ed.
1486 5107 1576 5193 Lipa.
1601 5107 1627 5188 ³)
1651 5127 1697 5169 ar·

128 5220 348 5297 chiepisoopus
369 5235 439 5277 vero
460 5213 523 5278 Ea.
547 5213 638 5298 Iza'pea.
670 5213 696 5293 ⁴)
720 5217 832 5277 ordinis
853 5217 997 5277 minorum
1020 5215 1111 5276 frater
1135 5213 1161 5294 ὅ)
1184 5215 1405 5276 Sacramentum
1432 5215 1584 5292 corporale
1612 5209 1688 5274 Ood.

128 5319 246 5390 Przcz.
274 5319 300 5404 ⁶)
323 5322 448 5384 Ioannes
469 5320 709 5401 archiepiscopus
731 5315 795 5381 Ed.
820 5315 909 5404 Lipa.
