4126 6280
96 553 163 655 (Α.
183 555 227 630 D.
248 555 375 656 1454.)
604 579 719 631 nunna
745 580 991 634 nuonaonrus
1019 563 1134 652 (nur).
1570 563 1642 636 195

95 765 229 838 alienae
256 766 452 854 intendero;
480 766 670 838 missurum
689 771 805 839 tamen
825 766 1075 840 ambasiatore's
1095 767 1122 858 ¹)
1150 768 1342 856 notabiles,
1368 769 1429 861 qui
1448 791 1547 841 suem
1566 790 1642 861 per·

95 907 216 959 sonam
243 893 518 978 repraesentent.
547 888 623 960 Hoo
646 909 812 979 responso
841 889 951 976 edito,
984 889 1175 961 Iohannem
1204 889 1503 982 arehiepiscopum
1533 890 1642 964 (ines-

94 1028 251 1096 nensom,
281 1008 491 1107 queslaum
518 1009 559 1080 ‹le
586 1009 824 1080 Kuroawanki
851 1010 1082 1081 castellanum
1101 1009 1368 1097 Lnblineusem‚
1399 1017 1434 1082 et
1452 1011 1645 1084 Iohannem

93 1129 292 1202 Luthkonis
319 1129 504 1220 utriusque
531 1129 625 1200 Iuris
658 1130 858 1218 Dentonem,
893 1129 1023 1202 Palatii
1051 1130 1236 1222 apostolici
1268 1131 1492 1222 Auditorem,
1531 1133 1643 1206 arohi-

93 1250 276 1323 diaeonum
305 1250 558 1337 Gnesnensom,
588 1249 625 1322 in
653 1250 918 1323 Wratislaviem
947 1251 1168 1324 transmittit.
1198 1251 1345 1324 Inutilis
1365 1257 1481 1326 tamen
1502 1253 1569 1324 init
1589 1273 1643 1326 eo-

92 1393 170 1444 rum
199 1371 387 1458 aduentus,
418 1373 501 1444 lieet
529 1377 563 1443 et
590 1392 651 1463 per
681 1372 886 1444 Ladislaum
914 1373 1062 1464 Regem,
1092 1377 1127 1444 et
1153 1393 1215 1464 per
1242 1373 1374 1446 olerum
1403 1378 1437 1446 et
1460 1374 1642 1466 populum,

92 1512 239 1584 magnos
268 1491 335 1563 fuit
362 1492 437 1564 illis
464 1493 574 1564 honos
602 1491 798 1564 exhibitus:
829 1493 994 1584 qnoniam
1021 1493 1240 1565 Marohionos
1260 1493 1490 1580 Misenenses,
1521 1496 1641 1587 explo-

91 1616 184 1700 rato,
214 1613 306 1704 quod
333 1612 535 1684 Karimirus
564 1613 729 1684 Poloniae
758 1613 835 1686 Rex
863 1613 1095 1704 personaliter
1122 1635 1191 1686 non
1219 1614 1397 1702 veniebat,
1427 1616 1643 1688 distulerunt

91 1733 228 1822 venire,
258 1755 326 1804 non
354 1733 391 1804 in
418 1731 716 1822 ambasiatoros2)
746 1733 852 1826 Regis
881 1733 1063 1820 Poloniae,
1094 1734 1155 1806 sed
1174 1734 1210 1806 in
1229 1733 1345 1826 ipsum
1370 1735 1518 1828 Regem,
1548 1757 1641 1810 asse-

90 1859 209 1927 rentes
238 1875 274 1926 se
297 1854 588 1945 oompromisisse.
617 1854 650 1925 N
653 1875 671 1926 e
698 1859 815 1927 tamen
843 1854 880 1926 in
909 1859 1021 1926 totum
1040 1875 1096 1926 res
1115 1859 1208 1927 esset
1227 1855 1372 1944 inlecta,
1390 1831 1530 1929 'norum
1549 1877 1640 1929 oom-

90 1975 302 2067 promissum
334 1975 376 2046 ab
410 1974 499 2065 ipsis
531 1975 691 2066 partibus
724 1975 761 2048 in
793 1977 925 2068 Regem
957 1976 1125 2049 Poloniae
1158 1977 1372 2049 oelebratnm
1407 1983 1475 2066 est,
1506 1982 1540 2052 et
1567 1978 1643 2051 dies

91 2096 214 2169 Sauoti
242 2095 360 2169 Iaeobi
388 2096 551 2186 Apostoli
579 2097 622 2169 ad
650 2096 860 2169 audiendum
888 2097 1209 2188 pronuntiationem
1237 2099 1432 2172 sententiae
1463 2099 1567 2171 instit
1594 2103 1641 2172 ta.
1748 2138 1752 2144 ·

90 2217 264 2290 Petebant
290 2217 434 2307 iusuper
463 2217 580 2289 nuntii
600 2217 706 2310 Regis
727 2218 931 2306 Bohemiae,
960 2223 1000 2290 ut
1018 2218 1220 2290 Karimirus
1239 2219 1333 2314 Rex,
1363 2219 1469 2292 armis
1489 2219 1640 2308 omissis,

91 2359 196 2430 super
223 2338 327 2411 terris
354 2338 520 2411 Prnssiae
548 2338 584 2410 in
612 2339 742 2430 Regem
772 2338 960 2411 Bohemiae
978 2339 1291 2432 compromitteret:
1321 2361 1399 2412 oum
1418 2345 1453 2413 et
1472 2339 1642 2433 Magister

90 2457 258 2532 Prussiae
285 2459 428 2549 plenum
457 2480 561 2550 super
589 2460 654 2530 hoo
682 2458 751 2530 iam
780 2459 982 2530 mandatnm
1009 2459 1161 2532 fecisset.
1183 2459 1382 2552 Superque
1402 2459 1640 2552 illisrespon-

91 2601 167 2652 sum
196 2583 265 2652 est:
295 2578 374 2651 Non
393 2579 544 2652 abnuere
571 2579 790 2652 Kanimirum
809 2581 940 2672 Regem
974 2579 1030 2652 sui
1054 2580 1188 2668 affinis,
1217 2581 1326 2674 Regis
1351 2580 1556 2670 Bohemiae,
1586 2602 1640 2654 ar-

89 2700 356 2788 bitramentum,
385 2701 569 2772 dummodo
597 2700 700 2771 illum
720 2701 904 2790 oortiiioet,
925 2701 962 2773 in
982 2702 1163 2774 traotanda
1183 2705 1217 2774 et
1231 2701 1421 2776 deridenda
1439 2723 1555 2791 eausa,
1576 2703 1639 2774 Al-

90 2820 262 2896 manniois
290 2821 502 2896 consiliariis
532 2821 703 2908 exolusiS,
735 2821 968 2894 Bohemornm
989 2822 1226 2894 tantummodo
1247 2844 1284 2896 ee
1302 2823 1462 2896 oonsiliie
1480 2845 1639 2896 usurum.

121 3177 293 3252 hereitur
316 3179 468 3250 kazimiri
490 3178 638 3250 Poloniae
660 3178 758 3269 Regia
780 3179 922 3250 tentans
943 3179 977 3250 ir
999 3178 1173 3266 Prmsiam,
1197 3177 1308 3250 onam
1331 3179 1448 3250 lumen
1471 3179 1606 3251 troiioit.

192 3427 297 3501 Faria
325 3428 448 3519 quinta
474 3432 554 3518 post
582 3429 709 3500 festum
743 3427 892 3500 Sanctae
924 3426 1131 3500 (lethariuae
1163 3426 1273 3498 morit
1305 3424 1430 3516 Rex⁸)
1467 3427 1637 3500 aetatio-

90 3551 193 3623 nibus
227 3570 334 3641 prope
362 3550 502 3621 Thoruu
530 3549 653 3621 diebus
690 3548 827 3640 aliquot
854 3549 1003 3638 habitis,
1039 3552 1074 3620 et
1101 3547 1200 3620 vonit
1227 3547 1264 3619 in
1292 3547 1464 3620 Obelmua.
1499 3547 1638 3622 Abinde

90 3671 326 3743 continuando
354 3671 542 3742 transitum
570 3692 632 3761 per
659 3670 795 3761 aliquot
815 3670 961 3756 statiua,
986 3669 1147 3760 peruenit
1166 3668 1254 3741 feria
1273 3673 1390 3756 sexta,
1419 3669 1456 3740 in
1476 3668 1531 3742 die
1550 3670 1636 3742 San-

90 3797 164 3864 otae
197 3791 343 3877 Lnoiao,
378 3790 421 3861 ad
454 3791 599 3862 flurium
632 3790 736 3878 Ossa,
773 3789 865 3862 inter
897 3790 1079 3878 Radzin4)
1106 3789 1257 3881 regium,
1292 3795 1327 3861 et
1354 3788 1547 3878 Lassainss)
1576 3791 1637 3862 ho·

90 3912 213 3999 stium,
236 3911 363 4003 oppida
381 3911 556 3983 florentem.
586 3912 632 3982 Et
650 3911 734 3983 lieet
752 3895 872 3982 hostes
891 3910 1129 3982 molendinum
1149 3931 1192 3982 ex
1211 3931 1309 3983 muro
1333 3911 1463 3982 laetum
1482 3909 1519 3982 in
1537 3931 1636 4002 prae·

90 4033 180 4105 dioto
211 4032 320 4104 fluvio
344 4031 431 4104 Ossa
462 4031 625 4123 gentibus
650 4032 850 4104 leuauerant
866 4031 910 4120 6),
940 4032 1099 4103 volentos
1118 4031 1307 4103 transitum
1328 4031 1436 4123 Regis
1455 4030 1636 4123 impedire,

89 4153 147 4244 qui
175 4157 295 4225 tamen
323 4172 419 4237 mox,
449 4155 489 4222 ut
515 4157 637 4244 gentos
665 4153 774 4244 Regis
799 4157 967 4224 uenerant
984 4151 1026 4241 ⁷),
1056 4153 1191 4225 deserto
1219 4151 1416 4224 molendino
1436 4151 1633 4244 fugierunt:

88 4273 163 4346 Rex
192 4272 343 4344 transito
371 4271 536 4360 fluviofl),
571 4294 680 4344 unum
713 4273 864 4345 milliare
893 4273 936 4345 ab
965 4271 1090 4364 oppido
1119 4271 1156 4344 in
1183 4271 1330 4361 borrel)
1363 4275 1478 4345 eastra
1504 4273 1635 4364 posuit,

88 4397 126 4463 ut
153 4393 294 4466 facilius
322 4392 498 4466 exereitus
526 4414 611 4464 suus
643 4415 705 4484 pro
734 4394 874 4485 ignibus
903 4394 1017 4486 ligna,
1056 4399 1090 4465 et
1118 4414 1180 4484 pro
1209 4413 1246 4465 so
1278 4399 1312 4466 et
1338 4414 1401 4484 pro
1429 4393 1529 4484 equis
1557 4415 1636 4484 pos·

89 4513 134 4584 sit
159 4514 288 4586 habere
316 4519 540 4586 oommeatus
575 4513 686 4584 Tanta
717 4521 832 4586 antem
868 4514 934 4584 fuit
962 4515 998 4585 in
1027 4515 1152 4586 eastris
1188 4513 1294 4606 regiis
1322 4533 1487 4586 ourrnnm
1516 4513 1636 4586 multi·

87 4634 185 4722 tudo,
215 4639 256 4706 ut
283 4633 447 4705 ultimum
475 4654 599 4725 agmen
626 4634 688 4706 vix
716 4635 772 4707 die
799 4636 910 4707 altera
930 4635 972 4706 ad
992 4635 1161 4707 stationes
1180 4634 1294 4725 possit
1311 4633 1525 4726 pertingere:
1556 4655 1637 4706 nam

88 4759 120 4826 et
146 4755 239 4827 aeris
267 4752 507 4846 intemperiae,
537 4760 572 4825 et
600 4758 711 4827 terrae
738 4756 907 4827 resolutio
936 4760 970 4827 et
989 4754 1190 4843 lubrioitas,
1225 4775 1388 4848 magnum
1420 4754 1635 4846 praebebant

88 4877 183 4946 tanto
212 4874 383 4948 exercitui
410 4874 697 4966 impedimentum
725 4875 767 4948 ad
795 4876 943 4948 oelorius
971 4851 1234 4948 transeundum.
1265 4875 1314 4946 llo
1338 4879 1454 4947 autem
1473 4879 1635 4966 respeotu

193 5185 216 5264 ¹)
238 5187 368 5263 Legatos
390 5182 454 5246 Ed.
470 5182 562 5267 Lipe.
579 5183 605 5260 ῃ)
622 5185 652 5244 in
667 5185 797 5260 Legatos
822 5182 882 5245 Ed.
896 5182 986 5266 Lipe.
1011 5183 1037 5263 ³)
1054 5185 1216 5245 Cesimirus
1231 5184 1372 5244 Poloniae
1386 5185 1450 5242 Rex
1465 5179 1529 5272 Ed„
1544 5179 1636 5264 Lipa.

89 5286 115 5370 ⁴)
135 5291 257 5351 Radnim
279 5287 342 5352 aa.
359 5287 452 5372 Lips.
479 5287 506 5366 ⁵)
528 5289 637 5348 Lassin
655 5283 730 5349 cod.
746 5286 813 5350 Lis.
842 5285 867 5366 ⁰)
890 5293 1078 5348 firmaverant
1103 5282 1177 5349 Coa.
1204 5284 1269 5347 Lo'e.
1292 5285 1466 5365 ⁷)volentes
1481 5287 1636 5346 transitum

89 5395 226 5455 exercitui
256 5394 339 5470 regio
372 5393 543 5470 probibere,
574 5393 789 5469 quamprimum
818 5397 915 5453 temen
951 5393 1055 5452 velites
1086 5396 1115 5452 et
1144 5408 1352 5467 praeoni-sores
1380 5389 1455 5466 regii
1483 5394 1637 5468 venerunt,

89 5496 185 5558 hostes
208 5493 269 5556 Ed.
294 5493 382 5579 Lapa
408 5494 433 5575 ⁸)
457 5497 521 5556 Rex
544 5495 705 5556 Gasimirus
727 5495 851 5556 transito
874 5495 964 5556 fluvio
988 5495 1066 5557 Ossa
1087 5491 1150 5556 Ed.
1169 5491 1259 5576 Lipe.
1280 5490 1307 5573 ⁹)
1324 5495 1354 5554 in
1370 5495 1447 5556 silva
1471 5487 1548 5555 cod.
1566 5489 1635 5556 Lis.
