4082 6284
98 551 158 653 (Α.
177 548 221 622 D.
242 546 368 646 1400.)
603 569 716 622 ursus
742 562 986 624 nuonncnuus
1014 550 1128 639 (xur).
1561 554 1634 624 307

95 759 205 844 iactis,
234 761 387 831 caeterae
415 756 509 828 omni
536 755 759 828 multitudini
785 777 926 847 parsum
954 759 1019 830 est.
1049 756 1120 829 Sub
1149 755 1267 829 eodem
1285 760 1439 848 tempore
1459 759 1632 832 Bernhar-

95 881 157 952 dus
184 876 432 951 Schumborski
460 898 502 949 ex
532 876 688 948 Moravia
715 877 873 965 advenit,
902 877 1032 950 ducens
1053 897 1168 950 secum
1188 897 1231 950 ex
1251 877 1416 950 Bohemis
1436 884 1471 951 ot
1490 881 1633 952 Almam

94 1000 145 1073 nis
175 1019 243 1070 uon
271 998 560 1071 contemnendam
588 998 780 1084 cohortem,
819 997 862 1068 ad
895 997 964 1069 tria
990 997 1104 1069 millia
1131 997 1168 1069 in
1195 997 1373 1088 peditibus
1402 1003 1436 1071 ot
1456 999 1635 1090 equitibus

93 1119 323 1194 aestimatam.
352 1118 447 1210 Quae
475 1138 552 1190 cum
580 1139 692 1209 usque
714 1118 981 1191 Frankfordiam
1009 1139 1115 1210 supra
1142 1117 1285 1206 Odrem,
1314 1119 1375 1192 ubi
1402 1120 1531 1193 hostile
1562 1125 1636 1193 erat

91 1240 360 1333 receptaculum,
389 1237 567 1311 Friderico
595 1238 905 1330 Brundebnrgenso
933 1237 1132 1310 Marohioue
1159 1239 1319 1311 fortunae
1344 1239 1555 1312 Polonorum
1580 1242 1634 1312 in-

93 1363 246 1450 vidente,
274 1361 493 1452 pervenisset
512 1361 551 1449 ¹),
581 1359 757 1431 deditione
785 1359 1009 1451 Marienburg
1035 1358 1171 1446 andita,
1201 1358 1287 1431 duce
1314 1360 1467 1447 desorto,
1505 1364 1633 1433 retror·
1737 1365 1743 1380 ’

92 1471 165 1555 sum
192 1481 297 1554 abiit:
334 1487 472 1572 praeter
508 1480 734 1571 quingentos,
772 1501 859 1572 quoe
892 1479 1116 1570 Bernhardus
1149 1477 1250 1550 vanis
1277 1479 1569 1570 promissionibus
1597 1485 1633 1553 et

91 1601 262 1696 figmentis
290 1622 391 1694 aegre
419 1599 578 1672 retinuit.
607 1599 841 1672 Obsidebatur
867 1605 902 1672 et
929 1605 1014 1672 tunc
1041 1620 1062 1670 a
1087 1599 1252 1691 gentibus
1281 1599 1388 1691 regiis
1416 1605 1571 1673 castrum
1598 1606 1634 1673 et

90 1721 252 1814 oppidum
279 1722 416 1809 Walcu,
456 1722 547 1792 forna
578 1741 716 1812 quoque
748 1721 932 1813 vulgatum
965 1723 1055 1808 erat,
1089 1719 1176 1792 illuc
1207 1719 1359 1811 primum
1381 1709 1634 1794 ‘Bernhardum

89 1864 164 1915 cum
192 1841 303 1934 copiis
330 1846 579 1933 perventurum
608 1848 642 1912 ot
670 1840 824 1913 obsessis
856 1840 1099 1940 liberationem
1132 1840 1307 1912 daturum.
1345 1841 1427 1912 Dux
1460 1841 1635 1914 exercitus

88 1961 173 2054 regii
199 1962 349 2034 Iacobus
369 1961 605 2053 Dambyenslri
621 1959 651 2050 2)
681 1962 896 2033 castellanus
915 1961 1201 2053 Malogostensis,
1231 1961 1393 2033 dedomo
1415 1960 1633 2051 Odrovansn,

90 2082 268 2156 obsidione
295 2082 426 2169 soluta,
455 2082 492 2152 in
520 2083 633 2154 locum
661 2103 825 2173 aequum,
859 2101 938 2154 cum
970 2081 1173 2153 Bernhardo
1201 2081 1442 2166 conflicturus,
1476 2083 1633 2172 secessit,

88 2223 279 2296 magnaque
308 2223 368 2293 spe
396 2202 572 2276 exereitus
601 2202 785 2275 tenebatur
812 2201 1013 2274 certaminis
1041 2201 1164 2274 futuri.
1202 2201 1271 2274 Sed
1303 2202 1526 2274 Bernhardus
1560 2205 1630 2276 oal-

87 2323 226 2396 liditate
252 2344 356 2412 usus,
386 2323 564 2415 obliquam
591 2316 852 2410 imminuens,
882 2327 917 2395 et
945 2326 1047 2394 nocte
1065 2343 1136 2393 una
1155 2327 1260 2413 atque
1278 2321 1434 2395 interdiu
1452 2323 1634 2396 duodecim

87 2443 255 2517 milliaria
282 2464 467 2534 superaus,
496 2443 687 2516 exercitum
707 2443 842 2536 regium
862 2449 897 2516 et
915 2443 1037 2514 ducem
1057 2443 1199 2528 fallens,
1228 2442 1475 2534 Ohoyuicuam,
1495 2448 1635 2516 centum

93 2565 191 2656 equis
221 2563 377 2652 amissis,
409 2564 581 2654 pervenit.
614 2563 687 2655 Quo
716 2563 853 2656 cognito
884 2565 1004 2636 hostes
1023 2584 1067 2636 er
1084 2563 1207 2636 Walcu
1234 2584 1359 2656 magua
1389 2563 1635 2654 trepidatione,

86 2692 197 2758 castro
227 2685 362 2758 deserto
390 2689 496 2776 atque
523 2682 681 2771 incenso,
711 2683 952 2782 Bernhardum
981 2681 1092 2754 secuti
1120 2686 1213 2754 snut.
1243 2682 1311 2754 Sed
1338 2703 1450 2775 nequo
1473 2683 1556 2756 illos
1576 2685 1633 2756 Ia-

85 2807 189 2880 cobus
210 2791 495 2898 Dambyeuskil)
522 2803 686 2894 persequi
706 2802 839 2874 valuit:
870 2824 948 2875 cum
968 2807 1068 2876 nocto
1087 2802 1334 2875 discessionem
1354 2803 1530 2876 fecissent.
1559 2805 1633 2877 Ita·

85 2947 149 3019 que
177 2930 328 3017 uterque
354 2924 468 2996 hostis
495 2925 537 2997 de
564 2923 726 2996 manibus
760 2924 922 2996 emissus.
957 2924 1181 2997 Bernhardus
1211 2944 1254 2996 ex
1281 2922 1492 3016 Shoynicna,
1525 2924 1632 2997 maio-

83 3047 179 3120 ribus
209 3045 320 3138 copiis
348 3050 490 3134 auctus,
523 3065 646 3117 versus
679 3042 823 3116 Gdansk
855 3044 1042 3135 prooessit,
1077 3047 1112 3116 et
1138 3042 1279 3115 insidiis
1311 3044 1508 3133 collocatis,
1539 3045 1629 3118 (ida-

83 3167 247 3241 neusinm
274 3166 503 3239 munitionem
536 3186 604 3237 uuo
632 3164 779 3237 milliari
806 3170 887 3238 ante
915 3165 1058 3239 Gdauslr
1086 3163 1190 3236 sitam
1219 3169 1253 3236 et
1275 3165 1450 3256 praesidio
1477 3164 1633 3238 militnm

82 3291 234 3376 firmam,
271 3288 442 3360 lacessere
478 3285 603 3378 coepit.
645 3286 862 3374 (immensos,
900 3307 970 3357 non
1004 3284 1175 3376 praevisis
1208 3283 1364 3372 insidiis,
1400 3286 1632 3358 tumultuario

82 3430 191 3496 more,
224 3409 299 3480 siue
328 3407 464 3495 ordine,
494 3407 569 3480 sine
595 3408 688 3500 lego,
718 3406 800 3477 dum
821 3426 864 3478 ex
884 3405 1027 3480 Gdanslr
1045 3404 1269 3496 incompositi
1288 3405 1493 3494 deourruut,
1523 3407 1559 3478 in
1579 3406 1631 3478 in-

81 3530 190 3602 sidias
220 3528 395 3600 incidunt:
426 3528 609 3619 sexaginta
637 3526 745 3611 caesi,
775 3526 917 3598 ducenti
944 3525 1055 3616 capti,
1084 3525 1290 3617 intorques
1319 3525 1386 3597 duo
1414 3526 1482 3598 viri
1508 3547 1631 3598 cousu-

81 3651 172 3723 lares
201 3649 486 3721 numerabantur.
514 3648 566 3719 lla
593 3647 709 3720 clades
738 3647 871 3718 animos
899 3646 1054 3718 hostium
1073 3645 1203 3734 erexit,
1232 3645 1515 3738 occasionemque
1535 3647 1632 3720 dedit

81 3769 328 3845 (idanousibns
356 3768 520 3860 carpendi
537 3767 684 3860 Regem,
715 3767 806 3858 qnod
827 3767 1068 3839 Bernhardum
1087 3766 1271 3858 confligere
1286 3767 1318 3854 ⁴)
1347 3767 1532 3839 tardasset.
1562 3767 1630 3859 Op·

79 3891 203 3983 pidum
223 3890 366 3981 iusuper
385 3887 514 3976 Golub,
534 3887 665 3960 civium
684 3888 913 3977 tredimeuto,
934 3887 1135 3960 Bernhardo
1154 3887 1331 3978 proditum
1360 3890 1413 3960 est
1429 3887 1476 3976 5);
1505 3887 1542 3959 iu
1562 3909 1630 3980 qno

79 4013 201 4104 plures
231 4009 485 4082 Dobrniueuses
512 4013 624 4082 torrae
652 4008 787 4080 nobiles
815 4009 925 4099 capti,
957 4015 992 4081 et
1019 4009 1178 4080 fortunae
1206 4029 1324 4080 eorum
1352 4007 1429 4080 illio
1456 4008 1628 4095 conditae,

79 4133 122 4204 ab
150 4131 315 4204 hostibus
342 4130 566 4221 internuptae.
596 4129 771 4214 Castrum,
802 4129 892 4219 quod
920 4129 963 4200 ab
991 4127 1112 4200 Ulrico
1131 4128 1331 4201 Cuirwoulra
1349 4133 1385 4200 et
1403 4149 1465 4200 suo
1485 4129 1628 4220 burgra-

76 4252 135 4324 bio
162 4251 342 4324 Pusalrarn
368 4271 430 4341 pro
458 4251 554 4342 Rege
581 4249 760 4321 Kaaimiro
788 4249 988 4337 tenebatur,
1018 4249 1144 4340 oppido
1164 4248 1472 4340 superimminens,
1493 4255 1528 4322 et
1546 4271 1628 4341 geu-

77 4373 176 4445 tibus
206 4377 242 4444 et
270 4370 483 4443 fulcimentis
511 4369 719 4442 necessariis
746 4390 808 4460 per
835 4371 967 4461 Regem
990 4370 1158 4441 refectum
1177 4377 1242 4441 est.
1272 4369 1326 4440 Ab
1347 4390 1386 4440 eo
1405 4374 1522 4440 autem
1541 4374 1630 4441 tem·

77 4513 162 4584 pore
191 4491 426 4564 Prutheuieae
451 4511 507 4563 roe
535 4490 571 4562 iu
600 4489 796 4562 evidentem
824 4489 1088 4562 vacillationem
1121 4509 1307 4561 conversae
1341 4493 1440 4576 suut,
1476 4495 1510 4562 el
1538 4493 1632 4562 terra

77 4611 330 4686 Dobruiuensis
348 4609 510 4683 hostibus
529 4610 701 4701 pendebat
718 4611 862 4683 tributa.
892 4613 974 4682 Dur
1000 4631 1137 4702 quoque
1156 4609 1370 4682 Stetineusis
1390 4609 1530 4698 Ericus,
1560 4611 1629 4681 ioe-

77 4734 240 4820 deratus,
270 4731 378 4825 Regis
405 4731 622 4823 propinquus
655 4737 689 4804 et
716 4733 847 4818 affinis,
878 4732 914 4803 iu
942 4752 1045 4822 quem
1075 4735 1110 4804 et
1134 4729 1209 4802 eius
1237 4729 1449 4822 insigniores
1478 4729 1628 4801 familia-

76 4874 134 4926 res
163 4853 260 4940 Rox,
289 4853 371 4924 dum
399 4852 491 4944 apud
519 4851 621 4923 illum
650 4851 686 4924 iu
713 4852 863 4924 Kalisch
880 4851 1015 4944 pridem
1034 4856 1168 4943 ageret,
1188 4850 1321 4943 regalia
1340 4850 1429 4922 dona
1447 4849 1629 4938 effuderat,

76 4974 180 5045 nullo
208 4972 314 5044 verbo
341 4973 475 5059 laesus,
508 4973 609 5044 nulla
640 4972 770 5044 iniuria
802 4972 970 5060 offensus,
1004 4973 1071 5044 lide
1099 4975 1268 5044 temerata
1295 4976 1330 5043 et
1357 4971 1511 5056 foedere,
1542 4970 1630 5042 duas

76 5093 244 5166 civitates
272 5113 355 5165 snae
381 5091 462 5165 fidei
490 5113 510 5164 a
537 5093 633 5186 Rege
661 5093 934 5180 commendatas,
968 5092 1132 5165 videlicet
1158 5091 1331 5184 Lamberg
1358 5095 1393 5164 et
1420 5091 1569 5182 Bythos
1585 5091 1628 5179 ⁶),

189 5362 214 5450 ¹)
236 5367 407 5428 advenisset
428 5365 491 5428 Ed.
516 5363 605 5449 Lipa.
630 5366 656 5447 ²)
678 5367 844 5445 Dabieuslri
867 5365 930 5428 Ed.
953 5365 1045 5449 Lipa.
1071 5365 1096 5443 ³)
1118 5365 1285 5443 Dabieuslri
1308 5362 1372 5427 Ee.
1397 5362 1490 5446 Lipa.
1514 5360 1540 5440 ⁴)
1563 5381 1629 5440 pro-

75 5473 184 5552 fligare
205 5468 269 5533 Ed.
293 5467 384 5552 Lipa.
409 5467 435 5548 ⁵)
459 5471 599 5532 traditum
622 5476 667 5532 est
688 5467 751 5533 Ed.
774 5467 864 5553 Lipa.
889 5469 915 5550 ⁸)
938 5471 1077 5548 Wythovv
1106 5467 1181 5532 de.
1207 5465 1295 5532 Calo.
