4090 6290
945 545 1064 614 ⁴arnum
1089 543 1334 600 uuonnomnue
1361 527 1476 616 (xrrrl.
1710 522 1775 623 (Α.
1792 523 1830 601 o.
1846 530 1933 634 llll.)

757 845 847 919 lorol
869 845 980 918 lorum
1003 844 1073 920 lulli
1096 862 1201 938 orere
1222 846 1265 920 od
1287 847 1464 920 mularum
1486 846 1676 920 deumtmt.

546 1092 721 1168 Intestino
752 1093 863 1183 bello,
897 1095 989 1187 quod
1020 1093 1113 1169 inter
1140 1095 1320 1168 Gaesarem
1348 1101 1383 1170 ot
1418 1094 1623 1188 Hungariao
1650 1095 1778 1186 Regem
1795 1096 1818 1186 1)
1841 1099 1937 1176 lunato

302 1199 308 1205 ’
442 1214 554 1289 llarte
576 1215 763 1306 agebatur,
794 1215 896 1288 Turci
924 1215 1063 1309 cognito
1091 1215 1199 1307 (nihil
1226 1217 1319 1288 onim
1346 1216 1446 1305 illos,
1475 1215 1643 1309 quicquid
1669 1215 1796 1307 ubique
1812 1223 1936 1296 mnarum

442 1336 627 1429 agebatur,
656 1334 798 1408 Iudaeis
826 1335 1092 1428 explorantibus
1120 1341 1155 1408 et
1183 1337 1375 1410 lurcorum
1403 1336 1543 1410 Caesari
1561 1336 1740 1410 mensibus
1759 1337 1937 1434 singulieper

442 1457 568 1530 literae·
593 1455 890 1548 significantibus,
919 1457 1029 1530 latero
1046 1459 1211 1548 poterat),
1241 1478 1320 1529 oum
1342 1456 1491 1550 triginta
1509 1457 1669 1530 millibus
1691 1462 1881 1534 armatomn
1894 1463 1938 1536 lo

440 1597 518 1650 rum
545 1575 632 1649 Iulii
660 1576 838 1650 hostiliter
868 1575 961 1651 circa
993 1578 1121 1651 festum
1154 1576 1275 1650 Sancti
1307 1577 1490 1651 Michaelis
1522 1577 1688 1670 ingressi,
1725 1557 1848 1652 omnem
1869 1581 1938 1656 illiue

442 1697 618 1790 regionem
654 1717 765 1789 usque
802 1697 846 1770 ad
879 1696 1134 1786 Gauianum²l
1154 1697 1243 1770 aliae
1280 1697 1544 1794 Onniglienum‚
1582 1698 1626 1770 ad
1662 1717 1785 1770 novem
1816 1699 1940 1776 milliaria

443 1815 664 1905 pleurisin,
698 1817 903 1910 depopulati
935 1823 1029 1890 eunt.
1063 1817 1212 1910 Trieque
1244 1819 1361 1892 millia
1392 1818 1716 1910 stipendiariorum,
1752 1839 1830 1909 qnos
1853 1820 1940 1897 Veneti

443 1937 536 2012 circa
562 1943 712 2032 angusta
739 1944 775 2012 at
802 1939 982 2012 elenenses
1010 1938 1174 2031 Alpium,
1208 1940 1397 2013 transitum
1425 1940 1615 2014 Turcorum
1642 1938 1857 2031 prohibituri,
1879 1942 1940 2015 lota

445 2063 585 2149 verant,
622 2058 715 2132 facta
750 2058 1012 2154 impugnatione
1044 2066 1079 2134 et
1107 2060 1363 2154 conquisitione
1390 2059 1475 2150 loci,
1513 2059 1750 2148 trucidarunt,
1787 2079 1942 2154 omnemque

443 2198 583 2269 sexam,
612 2177 714 2252 iuxta
741 2201 781 2253 ao
807 2201 947 2273 pecora,
977 2179 1213 2273 captivantes,
1251 2179 1493 2274 impuberibus
1520 2185 1555 2254 et
1582 2180 1727 2255 senibus
1758 2180 1880 2270 occisis,
1901 2203 1941 2274 pu·

444 2299 560 2386 beros,
588 2298 687 2372 nullo
716 2301 846 2375 ferente
874 2301 1038 2375 solatium
1055 2299 1098 2390 ³l,
1127 2301 1164 2376 in
1190 2308 1394 2395 perpetuam
1414 2301 1657 2394 captiuitatem
1675 2301 1868 2394 abegerunt,
1891 2324 1942 2394 par·

451 2419 679 2510 turientibue,
707 2421 935 2513 prohdolor!
965 2426 1036 2495 tam
1056 2422 1244 2496 horrendae
1272 2422 1507 2510 calamitates,
1537 2421 1788 2496 catholicorum
1804 2421 1945 2514 Rmuuet

446 2539 652 2632 Principum
681 2540 882 2632 discordiis,
912 2563 1000 2635 quae
1027 2542 1151 2616 lurcio
1174 2543 1307 2616 animos
1327 2546 1362 2616 et
1379 2541 1647 2635 prosperitatem
1667 2543 1943 2616 subminietmbmt.

446 2657 529 2736 Non
555 2667 784 2756 pepercerunt
811 2663 917 2737 etiem
944 2669 1029 2737 tunc
1056 2663 1160 2737 Turoi
1187 2664 1318 2737 nostris
1344 2663 1521 2751 basilicis,
1556 2663 1617 2736 sed
1644 2664 1728 2736 illes
1755 2663 1891 2757 ignibus,
1911 2663 1944 2735 in·

436 2781 649 2877 -cendiieque
677 2787 712 2858 et
738 2783 852 2859 ruinis
889 2783 1088 2876 tradebant,
1126 2784 1336 2879 singulaque
1372 2783 1502 2859 dabant
1534 2783 1655 2858 divina
1687 2789 1723 2858 et
1753 2784 1886 2856 humane
1906 2801 1944 2857 er·

445 2902 621 2978 terminio.

442 3207 628 3335 ¹herinatius
650 3258 719 3334 ltex
740 3260 775 3335 ln
798 3258 965 3339 doctrin
988 3260 1076 3336 idom
1099 3259 1239 3336 hairto
1263 3259 1399 3336 horosio
1420 3259 1594 3350 instituta,
1624 3258 1802 3334 eutnonn
1823 3259 1948 3350 pttlnitb

1088 3400 1108 3454 e
1130 3383 1200 3454 suis
1222 3383 1360 3456 obtinet.
2002 3455 2003 3492 Ν

462 3663 464 3666 ·
550 3632 717 3724 Tempore
744 3631 864 3725 longo,
893 3655 913 3705 a
941 3637 1065 3724 quarta
1092 3633 1258 3706 uidelicet
1286 3631 1372 3706 Iulii
1388 3632 1431 3720 ⁴),
1461 3632 1634 3725 usquead
1654 3631 1851 3705 vicesimam
1874 3625 1948 3719 septi·

448 3773 539 3826 mam
577 3753 778 3826 Decembris
794 3752 837 3843 5),
875 3753 1077 3826 Karimirus
1114 3753 1281 3826 Poloniae
1312 3753 1390 3828 Rex
1422 3753 1514 3845 apud
1546 3752 1749 3826 Gracouiam
1778 3751 1948 3834 immoratm,

449 3873 623 3946 discessit.
657 3873 704 3946 hc
730 3873 936 3965 particulari
967 3874 1005 3948 in
1032 3874 1133 3947 Nova
1166 3873 1317 3948 civitate
1348 3873 1501 3948 Koronin
1528 3879 1606 3948 acta
1632 3893 1713 3946 cum
1742 3871 1841 3944 terris
1864 3869 1947 3942 oea

447 3993 627 4068 vieneibue
655 3997 690 4068 et
716 3991 868 4068 Rnssine
895 3993 1026 4084 diaeta,
1056 4015 1134 4068 cum
1161 3995 1300 4066 nullum
1327 3992 1522 4067 subsidium
1541 4013 1562 4068 a
1580 4013 1617 4066 ee
1636 3992 1790 4085 petitum
1808 3990 1947 4082 impetras·

448 4122 517 4204 eet,
546 4114 617 4187 alia
643 4113 760 4188 diaeta
786 4113 824 4187 in
851 4115 969 4188 eodem
996 4115 1089 4204 loco,
1123 4135 1185 4207 pro
1214 4113 1395 4188 Dominica
1426 4115 1588 4202 Laetare,
1623 4133 1713 4206 quae
1742 4112 1780 4186 in
1805 4111 1884 4184 dien
1903 4107 1948 4201 pri·
2002 4111 2003 4120 '

447 4257 539 4309 mam
567 4235 732 4324 llartiill
760 4235 920 4324 cadebat,
949 4235 1127 4309 instituta.
1160 4235 1204 4308 Iu
1232 4255 1300 4327 qna
1327 4255 1428 4328 aegre
1455 4234 1523 4308 eibi
1550 4233 1682 4308 decreti
1711 4235 1808 4307 fuere
1829 4233 1948 4304 tertona.
2002 4227 2003 4266 ³

445 4356 493 4432 Et
521 4356 646 4430 exinde
664 4357 693 4445 7)
721 4376 844 4428 versus
872 4355 1021 4445 hadom,
1050 4356 1194 4428 visitato
1221 4355 1432 4428 hlonasterio
1461 4355 1608 4428 Sanctae
1627 4353 1752 4428 Crucis
1780 4349 1947 4426 Galainon·
2002 4447 2003 4460 Ν

447 4478 495 4550 tis
523 4477 681 4563 advenit,
711 4477 857 4569 illicque
884 4478 1099 4552 mansionem
1127 4497 1226 4550 enam
1254 4497 1365 4569 usque
1391 4475 1435 4548 ad
1463 4476 1552 4548 festa
1579 4474 1713 4548 Christi
1743 4469 1936 4547 continuarit.
2002 4463 2003 4496 ³

556 4768 579 4849 ¹)
602 4771 679 4832 luter·
700 4767 889 4834 Fredericum
912 4770 1068 4832 Caesarem
1091 4775 1121 4830 ct
1142 4766 1312 4847 Hungoniae
1334 4769 1445 4845 Regem
1467 4767 1607 4828 Mallium
1631 4761 1695 4829 Ed.
1720 4761 1815 4851 Lipe.
1843 4760 1950 4844 ²)Cunt·

447 4889 517 4936 num
546 4868 609 4934 Ed.
636 4871 726 4957 Lipa.
752 4872 777 4952 ³)
801 4874 943 4940 auxilium
963 4871 1027 4936 Ed.
1053 4869 1143 4955 Lips.
1177 4869 1204 4954 ⁴)
1228 4874 1276 4934 die
1298 4873 1437 4934 videlicet
1458 4873 1568 4933 mensis
1590 4873 1657 4931 Iulii
1679 4869 1748 4934 Ed.
1774 4869 1860 4955 Lipr.
1879 4867 1900 4948 5)
1914 4865 1950 4926 le
2002 4849 2003 4924 )

352 5061 353 5064 ¹
448 4978 576 5042 vembrie
604 4972 666 5042 Ed.
691 4974 780 5060 Lipe.
804 4975 830 5057 ⁶)
855 4977 965 5038 mansis
987 4976 1085 5036 Martii
1107 4973 1171 5037 Ec.
1196 4972 1288 5058 Lipa
1314 4973 1339 5056 ⁷)
1363 4977 1409 5035 Ex
1430 4975 1577 5040 Korczino
1600 4971 1663 5038 Ed.
1690 4971 1785 5058 [ripa.
1841 4993 1842 4998 ¹
2002 4963 2003 4968 ἵ
