4090 6290
127 579 196 685 (Α.
216 581 261 659 D.
281 578 407 681 1478.)
640 605 753 660 arcun
779 606 1023 664 ouonncurus
1050 585 1165 680 (arn).
1604 585 1677 662 675

126 793 348 888 quindecima
375 792 462 867 Iulii
482 793 520 884 ¹),
548 795 687 867 uterum
714 790 935 887 gravidatum
955 795 1113 884 soluens,
1140 792 1249 868 filiam
1269 797 1422 886 sextam,
1442 796 1575 889 prolem
1594 817 1675 871 uero

124 916 382 1005 duodecimam,
411 929 601 1008 aequatura
620 913 712 988 filias
731 914 902 1004 maribus,
928 916 1032 989 enixa
1051 919 1115 988 est.
1144 915 1238 1008 Quae
1257 937 1277 989 a
1295 917 1452 991 Iohanne
1470 917 1676 992 Rneschou·

124 1037 183 1112 shi
210 1036 371 1130 episcopo
399 1035 679 1125 cracoviensis),
708 1035 745 1108 in
774 1037 920 1110 ecclesia
949 1038 1096 1111 Sanctae
1115 1036 1245 1110 Mariae
1266 1038 1542 1113 Sandomiriensi
1561 1039 1676 1131 bapti·

123 1161 220 1247 sata,
249 1158 403 1231 Barbara
430 1178 554 1230 nomon
582 1157 727 1250 accepit.
758 1156 890 1232 Diebus
909 1161 1026 1232 autem
1045 1155 1266 1250 purgationis
1295 1158 1445 1248 exactis,
1474 1159 1677 1233 Maximinus

122 1277 293 1352 Poloniaa
323 1279 401 1350 Rex
436 1298 479 1351 ex
508 1276 742 1367 Saudomiria,
777 1277 928 1351 Sabbata
961 1282 1042 1351 anto
1076 1279 1204 1352 festum
1236 1278 1448 1354 Natiuitatis
1465 1278 1495 1369 ³)
1528 1280 1676 1354 Sanctae

126 1398 315 1488 Mariae⁴),
344 1419 521 1492 egressus,
550 1398 587 1471 in
614 1399 750 1472 Noram
778 1397 964 1472 Civitatem
992 1399 1144 1473 Korouin
1172 1400 1330 1478 transiit:
1364 1399 1425 1478 ubi
1452 1401 1673 1498 publicarum

125 1541 242 1600 rerum
269 1517 487 1620 expeditioni
513 1540 661 1610 uacans,
689 1539 801 1620 nsque
828 1520 871 1598 ad
899 1520 985 1597 duos
1013 1541 1149 1598 menses
1176 1521 1318 1598 mansit.

124 1879 279 1971 ludatur
299 1879 462 1967 martra,
485 1880 607 1969 negato
628 1877 777 1969 homagio
798 1876 877 1969 uagi
900 1877 1073 1966 hertuinc,
1100 1877 1307 1954 brodntorrn
1330 1879 1365 1954 ot
1388 1878 1495 1954 dholn
1517 1878 1674 1952 acuatu

124 2003 261 2095 occupat
283 2003 476 2092 atgrecum
499 2000 647 2071 exercitu
669 2000 703 2071 tn
726 2015 871 2089 campum
893 1999 1052 2092 proosdit;
1075 1999 1134 2073 aod
1156 1999 1336 2073 hortentur
1357 1999 1501 2077 subsidio
1516 2016 1536 2075 a
1551 1999 1673 2076 latua

442 2121 623 2224 Hungariae
644 2119 731 2214 uaga
753 2121 925 2214 proniore,
948 2121 990 2196 ad
1012 2122 1139 2218 propria
1161 2121 1348 2197 revortitur.

225 2370 391 2446 Pressius
417 2390 537 2446 recens
564 2369 731 2464 Magister
758 2370 931 2445 Martinus
959 2371 1127 2462 Truhscs,
1156 2373 1253 2446 totus
1271 2370 1342 2446 ianr
1361 2391 1439 2446 cnm
1459 2369 1586 2446 Ordine
1605 2392 1668 2446 suo

123 2492 162 2568 in
188 2491 414 2568 rebellionem
450 2495 485 2565 et
516 2490 648 2565 bellum
680 2495 800 2564 contra
827 2490 1046 2568 Maximinum
1077 2493 1207 2588 Regem
1240 2495 1275 2567 ct
1301 2491 1461 2586 Regnum
1488 2492 1667 2582 Poloniaa,

121 2614 325 2709 Hungariae
352 2613 447 2708 Rege
474 2611 609 2686 Mathia
634 2632 743 2686 noros
771 2615 807 2686 et
833 2633 977 2707 magnos
1005 2611 1168 2708 spiritus,
1197 2614 1297 2687 fictos
1324 2617 1441 2688 tamen
1468 2617 1504 2688 et
1522 2613 1666 2688 simula·

120 2741 177 2810 tos
203 2735 332 2830 magis,
361 2755 465 2830 quarn
491 2733 612 2808 fideles
639 2731 709 2808 sibi
736 2739 958 2828 suggerente,
991 2738 1234 2827 prospectans,
1268 2733 1350 2807 dum
1382 2733 1425 2808 ad
1461 2738 1556 2810 certa
1588 2735 1666 2811 loca

121 2855 191 2932 sibi
208 2877 271 2950 por
288 2854 508 2929 Maximinum
534 2854 666 2948 Regem
694 2851 892 2948 designata,
922 2853 965 2928 ad
983 2854 1246 2949 praestandum,
1275 2858 1442 2949 tanquam
1461 2875 1573 2929 novus
1592 2855 1664 2930 Ma·

119 2977 246 3072 gister,
274 2975 458 3051 fidelitatis
486 2979 521 3049 et
547 2974 701 3069 homagii
724 2974 974 3066 iuramentum,
1004 2975 1121 3051 venire
1139 2975 1425 3068 contempsisset,
1445 2975 1666 3051 rebellionis·

121 3120 188 3192 qno
207 3101 437 3172 monstrasset
463 3096 619 3185 nultum,
647 3116 807 3188 guerram
832 3117 969 3189 quoque
987 3096 1076 3190 Regi
1096 3101 1131 3170 et
1149 3098 1270 3190 Regno
1289 3095 1494 3172 mouendam
1511 3096 1541 3188 ⁵)
1569 3097 1665 3171 clan-

119 3217 256 3295 destine
278 3239 356 3292 cunr
375 3217 560 3290 Fratribus
587 3215 727 3290 Ordinis
755 3220 849 3308 (oum
877 3238 996 3291 omnes
1015 3216 1149 3291 subditi
1168 3217 1239 3306 sui,
1260 3222 1332 3289 tam
1351 3216 1538 3306 militares,
1560 3239 1664 3310 quam

118 3339 230 3429 cives,
258 3338 359 3410 illam
386 3357 593 3432 magnopere
620 3342 867 3410 execrarentur
882 3337 913 3426 θ)
941 3337 1207 3430 decoquebatur.
1237 3337 1338 3412 Unde
1365 3341 1401 3410 et
1424 3337 1510 3410 duas
1538 3337 1662 3411 cirita·

118 3465 173 3534 tes
201 3459 238 3532 in
265 3462 359 3533 terra
386 3457 599 3546 Cholmansi,
628 3455 793 3531 uidelicet
821 3458 1049 3531 Brodnicram
1077 3461 1112 3531 et
1139 3457 1273 3548 dhelm,
1303 3461 1338 3530 et
1365 3477 1478 3531 arcem
1497 3462 1663 3550 veterem,

118 3601 209 3672 quae
235 3579 352 3673 regiae
378 3577 523 3651 ditionis
551 3581 665 3666 erant,
694 3577 787 3650 datis
815 3578 974 3669 pecuniis
993 3577 1142 3651 Iohanni
1162 3577 1429 3668 Schumborshi,
1459 3578 1559 3652 fratri
1578 3581 1662 3653 Ber-

117 3701 235 3790 nardi,
263 3704 299 3773 et
326 3699 402 3772 eius
430 3698 665 3787 satellitibus,
694 3719 781 3790 quas
810 3719 846 3771 se
869 3699 1070 3772 asserebant
1098 3699 1163 3772 sub
1191 3702 1347 3789 tempore
1373 3719 1519 3791 guerrae
1535 3699 1565 3788 7)
1592 3719 1662 3772 me·

117 3822 252 3910 ruisse,
286 3841 373 3913 quas
405 3839 443 3892 sc
474 3819 676 3891 Karimirus
713 3819 880 3892 Poloniaa
916 3821 993 3895 Rex
1027 3819 1192 3893 offerebat
1224 3820 1404 3912 daturum,
1443 3823 1478 3892 et
1515 3841 1662 3912 quarum

116 3941 269 4015 nobilem
297 3939 491 4032 portionem
522 3940 701 4031 praefatus
734 3933 908 4015 iohannes
941 3937 1207 4030 Sahumborski,
1236 3939 1463 4034 sexingentos
1496 3937 1663 4012 videlicet

117 4062 281 4148 florenos,
311 4083 331 4132 a
358 4059 537 4131 Karimiro
568 4060 664 4152 Rege
697 4059 845 4133 mendax
873 4064 909 4133 ot
935 4080 1044 4152 ganeo
1077 4064 1273 4152 acceperat,
1307 4059 1427 4152 inique
1459 4059 1660 4152 occupauit:

117 4185 312 4274 opportuna
330 4180 400 4252 iarn
418 4180 510 4267 loca,
538 4201 600 4271 pro
624 4179 802 4252 inferendo
830 4179 919 4274 Regi
934 4179 966 4271 8)
994 4185 1028 4254 et
1052 4180 1126 4253 suis
1144 4179 1254 4268 bello,
1282 4179 1479 4252 habiturus.
1507 4179 1551 4252 In
1569 4201 1660 4252 cam·

114 4323 200 4393 pum
228 4321 366 4393 quoque
393 4321 471 4373 cum
498 4299 592 4371 iusto
622 4301 794 4388 exercitu,
823 4301 860 4373 in
888 4323 956 4393 quo
983 4305 1100 4374 tamen
1128 4300 1237 4372 maior
1264 4322 1345 4392 pars
1364 4298 1556 4392 agrestium
1574 4303 1660 4388 erat,

116 4421 181 4494 sub
209 4423 379 4511 tempore,
408 4419 450 4493 de
478 4441 545 4511 quo
573 4419 808 4512 interipsum
836 4425 870 4494 ct
898 4421 1066 4493 Mathiam
1098 4420 1300 4513 Hungariae
1332 4420 1463 4512 Regem
1492 4439 1659 4491 convene·

114 4547 186 4629 rat,
215 4539 401 4632 processit,
430 4542 465 4612 et
490 4540 652 4631 pluribus
680 4539 802 4613 diebus
830 4540 921 4614 circa
950 4541 1096 4614 Osterod
1123 4540 1255 4612 stativa
1277 4539 1408 4628 tenuit;
1438 4540 1498 4612 aod
1518 4560 1595 4612 cum
1615 4537 1658 4611 ab

113 4659 317 4752 Hungariae
344 4660 439 4752 Rege
455 4660 485 4748 Ω)
514 4681 551 4732 se
578 4660 726 4734 vidisset
757 4661 936 4748 delusum,
971 4661 1031 4752 qni
1064 4682 1127 4733 nec
1153 4683 1262 4732 unum
1294 4661 1491 4752 pedestrem
1518 4658 1556 4731 in
1583 4658 1659 4732 cius

113 4779 281 4853 solatium
299 4779 344 4869 10)
372 4779 486 4868 misit,
519 4780 580 4854 ssd
607 4779 701 4854 intra
732 4781 884 4870 Budam,
919 4781 1073 4870 solatiis,
1106 4779 1241 4854 choreis
1268 4801 1397 4853 uacans
1429 4783 1464 4854 et
1490 4778 1658 4871 crapulis,

221 5104 245 5185 ¹)
268 5106 316 5168 die
330 5107 440 5168 mensis
462 5107 529 5168 Iulii
552 5101 615 5167 Ed.
637 5102 727 5188 Lips.
752 5104 777 5185 ²)
799 5105 1044 5169 Wratislaviense
1066 5103 1128 5170 Ed.
1152 5103 1242 5190 Lipa.
1266 5104 1293 5186 ⁸)
1308 5111 1377 5169 ante
1392 5106 1565 5168 Natiuitatis
1582 5101 1659 5170 dod.

111 5207 222 5272 Proca.
247 5206 275 5290 ⁴)
297 5210 424 5271 Sanctae
445 5210 557 5271 Mariae
579 5210 711 5286 Virginis
733 5206 796 5272 Ed.
823 5207 913 5291 Lipa.
938 5208 965 5288 ⁵)
987 5211 1096 5272 bellum
1119 5228 1237 5288 quoque
1258 5209 1334 5287 Regi
1350 5216 1379 5272 et
1393 5211 1496 5287 Regno
1518 5211 1660 5272 Poloniaa

110 5313 287 5374 movendum
310 5310 373 5374 Ec.
397 5310 490 5395 Lips.
521 5310 748 5392 ⁶)magnopere
777 5313 850 5373 iliud
880 5315 1093 5375 execrabantur
1124 5311 1185 5376 Ed.
1208 5311 1298 5396 Lips.
1332 5311 1357 5390 ⁷)
1384 5315 1454 5376 belli
1478 5310 1541 5375 Ed.
1564 5311 1658 5396 Lips.

112 5415 141 5493 ⁸)
168 5415 312 5476 casimiro
340 5417 414 5492 Regi
445 5413 508 5477 Ec.
540 5413 630 5498 Lips.
664 5415 692 5496 ⁹)
721 5435 740 5476 a
769 5415 881 5476 Mathia
911 5417 1082 5492 Hungariae
1111 5416 1192 5494 Rege
1223 5413 1288 5478 ha.
1319 5413 1410 5500 Lips.
1447 5413 1486 5500 ¹⁰)
1518 5419 1659 5480 auxilium

108 5515 175 5581 Ed.
197 5514 289 5601 Lips.
