4126 6280
101 461 161 562 (Α.
181 459 225 536 D.
246 461 373 563 1457.)
607 487 720 540 urana
746 486 991 544 nuonncmus
1019 471 1134 564 (xm).
1570 469 1644 548 251

99 671 173 745 6111
200 676 235 745 61
260 672 379 764 platea
406 692 590 765 apparere;
618 695 710 747 unus
738 695 876 768 quoque
903 696 946 750 ex
973 676 1228 769 proditoribus,
1261 678 1466 769 bombarda,
1496 679 1644 754 dunin

99 791 219 886 oppido
247 791 444 886 obequitat,
474 793 582 884 fotus,
611 795 823 868 temeritatis
852 817 935 872 suae
963 797 1071 871 solvit
1098 819 1256 890 poenam.
1286 799 1505 894 Quapropter
1524 803 1643 874 hostes

98 914 131 986 in
150 912 275 1005 oppido
303 912 449 1004 inclusi,
479 937 522 988 ne
541 937 561 987 a
580 916 727 990 fulmine
754 916 1022 990 bombardarnnr
1050 917 1306 1009 obtererentur,
1333 921 1374 993 de
1392 942 1463 993 una
1481 921 1516 994 in
1538 920 1644 994 aliam

97 1034 249 1123 domum,
277 1033 394 1125 ruptis
421 1034 633 1127 parietibus,
662 1035 895 1128 disponebant
922 1037 1102 1114 introitus.
1132 1039 1201 1114 Sed
1228 1060 1340 1134 neque
1359 1041 1423 1114 illa
1442 1042 1581 1114 cautela
1599 1040 1643 1114 11-

96 1153 140 1226 116
166 1154 346 1246 praestitit
372 1155 668 1245 incolumitatem,
697 1157 779 1229 dum
807 1156 930 1230 dietim
961 1159 1082 1251 plures
1113 1159 1304 1252 pronisaui
1333 1181 1439 1234 sexus
1467 1161 1644 1254 1116161-

97 1274 186 1348 tione
212 1275 481 1348 bombardorum
513 1276 726 1368 expirarent.
759 1277 873 1350 Veriti
905 1281 1022 1352 antem
1053 1280 1190 1372 hostes,
1223 1301 1267 1354 ne
1299 1301 1343 1354 ex
1375 1285 1490 1354 oestro
1508 1287 1645 1379 ¹eontra

96 1395 174 1468 11166
202 1397 301 1469 fieret
328 1395 495 1487 irruptio,
525 1398 654 1470 fossam
683 1418 761 1470 oum
790 1399 901 1487 vallo,
935 1418 1003 1490 qao
1030 1404 1180 1490 possunt
1212 1400 1389 1491 altiorem,
1424 1401 1643 1475 ordinarunt.

96 1515 318 1588 Bemhardns
338 1537 475 1608 quoqne
495 1516 746 1591 Sohumborslri
765 1519 940 1592 ferentem
960 1518 1029 1592 sibi
1048 1520 1223 1594 fortunam
1237 1521 1403 1614 prosequi
1417 1527 1641 1611 exaestuans,

95 1635 311 1728 octingentos
340 1636 476 1728 equites
503 1657 565 1729 per
592 1637 739 1711 fluuium
767 1638 919 1712 Wislam
938 1639 977 1729 ¹),
1007 1639 1123 1732 quiin
1142 1640 1206 1713 1116
1233 1663 1340 1734 passu
1369 1642 1511 1736 Negath
1539 1663 1642 1716 noea·

93 1761 164 1845 tur,
192 1755 344 1829 naribus
373 1778 496 1830 versus
524 1759 697 1831 Zolawam
734 1758 905 1848 tradueit,
939 1764 981 1831 ut
1013 1759 1082 1833 eibi
1108 1760 1310 1834 universam
1337 1763 1507 1836 Zolawam
1538 1763 1644 1836 faeiat

93 1875 313 1949 tributariam
334 1882 369 1950 et
388 1878 632 1970 homagialem.
661 1878 874 1972 Fuissetque
892 1879 944 1970 id,
974 1882 1066 1972 qnod
1089 1881 1315 1970 moliebatur,
1344 1888 1544 1973 assecutus,
1573 1883 1644 1965 nisi

92 1997 267 2070 Prandota
293 1997 628 2090 Lyubyesohowski,
658 1999 719 2091 qui
747 2000 861 2072 adhue
888 1999 1008 2092 oppidi
1037 1999 1167 2093 Gnyew
1200 2002 1416 2076 obsidionem
1444 2024 1522 2076 eum
1551 2003 1642 2080 Gda-

92 2116 258 2189 nensibus
286 2123 321 2190 61
349 2119 525 2191 exereitus
558 2119 648 2212 regii
679 2119 857 2212 reliquiis,
890 2119 1012 2192 audita
1042 2121 1236 2212 proditoria
1269 2122 1495 2214 oeenpatione
1524 2122 1644 2216 oppidi

91 2237 329 2331 Marianburg,
360 2240 613 2312 suueurendum
641 2245 756 2313 eastre
784 2239 1008 2334 Marienburg
1035 2241 1206 2334 optimum
1235 2242 1444 2334 salubreque
1462 2249 1578 2332 ratus,
1605 2243 1643 2320 ia
1780 2278 1781 2281 ¹

91 2358 262 2430 Zolawem
290 2363 326 2432 61
352 2358 429 2450 ipse
457 2380 535 2432 eum
563 2360 729 2453 gentibus
764 2359 856 2452 suis,
890 2361 952 2433 vix
980 2360 1025 2432 ad
1053 2361 1326 2455 quadringentos
1358 2362 1572 2452 aestimatis,
1601 2363 1643 2436 de

91 2479 243 2552 aduentu
273 2479 469 2552 Bernhardi
489 2462 740 2554 Sohunborski
755 2479 786 2569 2)
814 2479 974 2574 ignarus,
1004 2481 1219 2556 advenisset.
1248 2483 1295 2555 Et
1312 2483 1397 2556 lieet
1417 2504 1526 2575 paror
1544 2503 1642 2558 exer·

91 2599 198 2672 eitum
227 2600 426 2673 Prandotae
441 2598 472 2690 ³)
500 2601 821 2694 Lyubyesohowaki
847 2601 1054 2692 invasisset,
1083 2607 1118 2676 et
1144 2603 1303 2696 refugere
1320 2603 1440 2696 plures
1459 2603 1502 2675 ad
1521 2624 1641 2691 nares,

91 2719 218 2812 quibus
248 2740 291 2794 ex
321 2719 465 2794 (111161
492 2722 635 2794 fuerunt
661 2721 815 2812 adveeti,
844 2721 1096 2796 tentavissent:
1128 2723 1308 2796 Prandota
1335 2727 1453 2796 tamen
1481 2724 1642 2818 Lyubye·

91 2841 264 2914 sohowslri
297 2841 412 2914 aerius
446 2862 483 2914 se
510 2841 547 2914 in
574 2843 810 2935 transfugam,
844 2863 948 2934 quam
975 2842 1013 2916 in
1039 2843 1193 2932 hostem,
1226 2842 1364 2916 vibrato
1396 2847 1480 2917 tune
1511 2843 1642 2936 gladio,

90 2981 237 3033 usurum
275 2961 478 3052 minitante,
517 2983 575 3035 eos
610 2963 740 3056 afuga
776 2963 1006 3055 eompesonit,
1044 2967 1079 3037 et
1110 2967 1151 3035 ut
1182 2961 1336 3036 marimo
1369 2962 1501 3052 auimo,
1540 2985 1643 3056 quem

90 3081 287 3173 desperatio
315 3081 438 3156 afferre
466 3084 556 3155 66161
583 3083 621 3155 11
649 3087 823 3173 extremo,
857 3090 992 3174 esseut,
1026 3082 1180 3157 induxit.
1213 3082 1322 3156 Pauoi
1356 3087 1472 3156 tanen
1501 3083 1561 3176 qui
1587 3105 1641 3158 re·

90 3202 284 3294 fugierant,
312 3224 332 3274 a
360 3202 604 3277 Gdauensibus
633 3203 748 3296 eapite
776 3203 869 3277 eaesi
896 3207 992 3278 sunt.
1020 3203 1167 3298 Ingenio
1197 3207 1313 3276 autem
1331 3203 1529 3278 Prandotae
1548 3204 1641 3298 Lyn·

89 3323 348 3415 bpesehowslri,
387 3324 564 3398 exereitus
588 3345 674 3397 suns
702 3343 739 3397 se
758 3324 802 3396 ad
829 3345 1006 3418 aggerem,
1041 3324 1103 3418 qni
1140 3325 1248 3398 Tama
1282 3329 1442 3413 rotatur,
1481 3325 1641 3414 eollooat,

89 3448 123 3516 et
140 3445 178 3517 11
199 3444 341 3518 castelli
360 3445 510 3537 speeiem
529 3466 651 3518 ourrus
671 3444 827 3538 opponit.
856 3445 1082 3520 Bemhardns
1105 3449 1223 3519 autem
1242 3444 1509 3534 Sohumborslri,
1532 3446 1641 3518 Pran-

89 3565 207 3638 dotam
237 3566 535 3658 Lubpesehouski
563 3570 598 3638 61
624 3571 763 3658 gentes,
793 3587 881 3658 quae
910 3587 989 3639 oum
1016 3566 1079 3639 illo
1108 3571 1223 3656 erant,
1251 3565 1415 3660 praedam
1443 3587 1542 3638 suam
1560 3586 1640 3658 pro-

88 3689 165 3778 pter
202 3707 323 3760 eorum
350 3687 564 3778 paucitatem
600 3690 715 3776 ratus,
753 3685 850 3778 ipsos
886 3686 1131 3761 inounotenter
1161 3686 1311 3759 invadit.
1349 3687 1392 3758 In
1420 3685 1497 3779 ipso
1525 3691 1642 3760 autem

87 3827 227 3900 pugnae
253 3806 375 3896 initio,
409 3806 656 3900 quadringenti
683 3806 809 3880 armati
837 3828 881 3879 ex
909 3807 1078 3902 stargard
1104 3808 1300 3881 Prandotae
1324 3805 1643 3900 Lynbyesehouski

88 3931 263 4001 venerunt
290 3927 327 4000 in
355 3949 574 4002 suueursnm:
607 3931 749 4020 propter
781 3928 873 4019 quod
904 3928 1072 4002 aeeuime
1104 3928 1147 4001 ab
1179 3913 1352 4019 utrisque
1373 3932 1408 4000 61
1435 3947 1643 4002 eonoursum

88 4051 123 4120 61
149 4052 349 4142 pugnatum
377 4052 442 4121 est.
471 4049 518 4120 Idt
545 4049 627 4121 dnm
655 4048 897 4138 Bernhardns,
925 4049 1039 4141 prima
1066 4052 1101 4121 et
1128 4048 1240 4120 altera
1259 4047 1336 4121 viee
1354 4049 1534 4140 repulsus,
1561 4048 1640 4140 pln-

88 4189 143 4241 res
172 4189 219 4242 en
248 4168 323 4241 suis
350 4168 543 4258 amisisset,
574 4169 612 4241 in
636 4170 876 4243 uehementem
901 4170 1052 4242 furorem
1071 4172 1188 4258 aetus,
1217 4168 1309 4260 quod
1328 4189 1403 4257 eos,
1423 4189 1510 4260 quos
1529 4168 1642 4241 rietes

88 4288 256 4377 eredidit,
285 4288 428 4362 videbat
454 4289 623 4378 viatores,
652 4289 747 4362 omui
773 4289 874 4378 nisu,
902 4288 1130 4381 potentiaque
1156 4287 1285 4360 virium
1310 4308 1452 4360 suarum
1470 4287 1640 4379 glomera-

88 4413 162 4499 tus,
192 4413 333 4502 tergum
360 4409 535 4483 exereitus
563 4409 759 4482 Prandotae
786 4408 1121 4502 Lyubyesehonsln',
1151 4408 1243 4502 quod
1270 4406 1346 4480 illie
1373 4407 1567 4481 fetidiorem
1594 4407 1640 4480 ir·

87 4530 291 4622 ruptionem
318 4530 494 4618 eradebat,
523 4534 597 4602 tarn
624 4530 708 4603 forti
734 4529 870 4623 impetu
896 4529 1051 4620 invadit,
1079 4553 1103 4602 u
1147 4550 1270 4602 eurrus
1290 4528 1469 4602 obstantes
1488 4532 1640 4620 proster-

88 4654 187 4724 neret
216 4653 252 4724 et
279 4649 373 4722 viam
400 4649 475 4722 suis
503 4649 664 4744 aperiret.
694 4649 762 4723 Sed
789 4650 872 4723 dnm
899 4650 1075 4724 exereitus
1094 4649 1289 4722 Prandotae
1308 4647 1639 4742 Lynbpesehowski,

89 4771 231 4864 eoguito
258 4769 432 4862 periendo,
460 4792 530 4842 non
558 4770 684 4843 minori
711 4770 827 4843 auimo
845 4769 1043 4860 resisteret,
1073 4769 1459 4864 oetuagintahastariis
1479 4770 1639 4842 (166161-

89 4891 162 4964 nitu
191 4891 389 4964 Bernhardi
416 4889 557 4980 oeoisis,
587 4891 664 4983 ipso
692 4890 798 4964 etiam
825 4892 1010 4964 vulnerato
1037 4891 1257 4980 Bsrnbardo,
1291 4891 1449 4983 fugatur,
1477 4889 1639 4983 pellitur·

89 5033 156 5104 qne
184 5011 300 5084 omnis
328 5010 403 5085 eius
431 5010 608 5084 exereitus
639 5010 830 5084 residuitas
857 5016 893 5084 et
920 5011 957 5084 in
985 5010 1151 5104 oppidum
1178 5011 1357 5104 Nepthioh
1371 5011 1403 5102 ⁴)
1430 5011 1577 5103 refugit,
1606 5014 1642 5082 et

199 5288 224 5367 ¹)
246 5289 367 5349 Istnlam
383 5285 446 5350 Ea.
463 5285 554 5370 Lips.
580 5284 607 5364 α)
622 5285 787 5347 Bernhardi
802 5285 976 5347 Sumborslri
991 5283 1055 5348 Ea.
1073 5281 1163 5370 Lipe.
1187 5283 1365 5365 (Bemherdi
1380 5285 1417 5347 de
1432 5283 1642 5365 Zinnenberg).

93 5391 117 5474 ³)
142 5395 265 5453 Ioannis
288 5389 349 5454 Ed.
371 5389 463 5474 Lips.
488 5389 514 5469 ⁴)
537 5389 680 5467 Mythyoh
709 5387 784 5451 dod.
811 5385 899 5452 Calo.
923 5389 1106 5471 (Neuteioh).

116 5543 444 5596 enumeraturum.
458 5543 525 5584 nv.
1436 5521 1472 5577 33
