4152 6270
385 541 458 616 134
890 563 1004 618 arana
1030 564 1275 618 uuonaonrus
1303 547 1420 638 (xuni).
1654 541 1721 642 (Α.
1741 541 1787 618 D.
1806 541 1916 620 1453.

382 772 525 822 suorum
552 750 686 823 animos
713 749 958 823 exhortatione
986 755 1129 826 strenua
1157 753 1383 839 confirmans,
1413 751 1449 823 in
1477 755 1593 824 eastra
1620 751 1739 841 irruit,
1776 759 1811 825 et
1842 753 1936 824 nulli

382 892 527 963 parcens
556 871 764 960 conditioni,
794 872 1042 944 Tharturorum
1070 893 1170 946 omno
1197 873 1289 944 illud
1315 873 1437 962 robur,
1467 873 1558 946 nihil
1586 873 1702 946 minus
1730 893 1836 965 quam
1863 875 1937 947 talo

383 992 483 1084 quid.
500 991 666 1081 ueritum,
704 991 896 1084 prosternit
928 995 963 1064 et
991 991 1140 1066 osdendo
1173 992 1356 1082 interficit,
1391 998 1426 1067 et
1457 994 1619 1086 praedam
1652 1015 1714 1085 por
1744 994 1937 1066 Thartaros

382 1117 520 1205 oaptam
548 1113 706 1186 libertati
732 1113 906 1199 restituit,
935 1114 1098 1204 praedam
1127 1135 1207 1187 varo
1237 1133 1373 1187 omnam
1401 1114 1567 1187 hostilem
1596 1120 1667 1188 tam
1695 1115 1807 1207 pediti
1831 1137 1937 1206 quum

383 1234 495 1326 equiti
522 1234 663 1308 dividit.
692 1234 847 1308 Trioanti
874 1234 1053 1323 Thartari,
1082 1235 1143 1326 qui
1171 1235 1262 1308 inter
1289 1237 1482 1308 tumultum
1501 1241 1700 1325 evaserant,
1730 1241 1846 1308 ortum
1867 1235 1940 1308 diei

384 1357 632 1448 asportabant,
661 1355 841 1450 pugnandi
868 1356 1003 1447 oopiam
1033 1356 1176 1445 facturi,
1205 1361 1266 1429 aut
1293 1358 1426 1430 oladam
1452 1362 1630 1449 aoeeptam
1648 1357 1830 1430 resarturi.
1862 1357 1940 1449 Quo

383 1481 573 1568 somperto,
602 1477 776 1550 Iohannes
804 1478 914 1550 Lasos
947 1477 1037 1550 nihil
1065 1478 1298 1552 annotandum
1327 1478 1395 1551 sibi
1428 1479 1465 1552 in
1494 1481 1669 1567 fortunae,
1699 1499 1803 1571 qnam
1832 1499 1937 1551 aeae-

382 1603 497 1689 porat,
537 1604 682 1688 eventu,
719 1603 835 1688 ratus,
875 1598 998 1672 ridens
1035 1620 1177 1671 snorum
1210 1600 1344 1672 animos
1372 1605 1407 1674 et
1434 1600 1527 1674 viras
1555 1601 1723 1686 oravisse,
1756 1599 1942 1674 areoenti

384 1718 487 1792 oaedo
507 1720 533 1810 ¹)
561 1721 605 1792 ad
631 1719 788 1812 reliquos
825 1721 1001 1794 exereitus
1039 1721 1303 1810 Thartarorum,
1338 1721 1398 1813 qni
1426 1722 1520 1794 hand
1548 1723 1651 1815 louge
1682 1722 1843 1810 aberant,
1874 1721 1942 1792 du-

384 1839 496 1929 01110
530 1841 581 1914 ihi
607 1863 676 1913 uon
704 1846 805 1914 uoats
833 1841 893 1914 aad
920 1841 1075 1914 interdiu
1103 1843 1143 1914 ht
1170 1863 1390 1934 congressus.
1420 1843 1492 1916 Deo
1521 1849 1638 1916 autem
1658 1843 1789 1935 optimo
1806 1842 1942 1936 guber-

384 1967 505 2050 nante,
544 1962 581 2035 in
607 1961 732 2055 primis
760 1963 865 2036 duoas
892 1963 1004 2055 partis
1031 1963 1217 2056 utriusque
1244 1969 1470 2052 oonourrunt,
1500 1969 1536 2037 at
1563 1965 1810 2038 Thartarorum
1840 1965 1944 2037 Duae

383 2082 520 2158 deviato
549 2089 584 2158 ot
611 2084 740 2172 000100,
769 2085 928 2177 reliquus
956 2086 1205 2158 Thartarorum
1228 2085 1422 2174 exereitus,
1451 2084 1489 2156 iu
1507 2087 1777 2178 trepidationem
1796 2105 1944 2172 versus,

383 2205 569 2295 paululum
596 2206 807 2278 Polonorum
834 2206 1005 2298 impetum
1034 2206 1217 2278 sustinuit.
1247 2205 1380 2277 Deinde
1400 2225 1478 2278 aum
1497 2206 1622 2278 Poloni
1645 2207 1815 2297 peruulsis
1838 2211 1946 2278 metu

383 2326 977 2420 00100100100100001,10100000
1012 2347 1130 2400 omnes
1163 2331 1431 2415 eonvertuntnr,
1465 2347 1529 2400 nea
1560 2327 1740 2400 diminutio
1768 2326 1944 2418 00001100,

384 2448 446 2520 sed
473 2448 595 2522 enodes
622 2449 782 2522 durabat.
811 2449 937 2522 Poloni
965 2448 1099 2540 duplioi
1127 2448 1291 2521 eondiotu
1319 2447 1487 2536 viatores,
1517 2449 1593 2520 suis
1612 2448 1772 2521 omuibus
1790 2469 1944 2538 reoupa
2019 2481 2025 2492 ·

382 2569 490 2658 ratis,
518 2569 604 2642 lasti
631 2569 674 2642 ad
701 2570 842 2662 propria
869 2574 1094 2644 revertuntur
1121 2577 1156 2642 et
1183 2571 1332 2644 alacres:
1366 2571 1614 2641 Thartarorum
1642 2591 1723 2643 vero
1751 2569 1945 2660 reliquiae,

384 2710 429 2764 ex
457 2691 539 2783 fuga
567 2691 750 2780 oolleotae,
779 2692 862 2764 dum
889 2691 982 2765 oiroa
1016 2692 1212 2765 Braoaslaw
1244 2691 1468 2765 devenissent
1483 2689 1526 2780 ³),
1556 2714 1576 2763 a
1604 2689 1946 2764 Braoalariensibus

383 2812 425 2884 de
453 2832 573 2885 eorum
600 2811 698 2886 olade
726 2813 937 2887 oertifieatae
953 2813 996 2902 ⁴),
1026 2833 1145 2887 omues
1172 2813 1216 2884 ad
1239 2833 1347 2884 uuum
1366 2811 1516 2886 obtritae
1535 2817 1633 2900 sunt,
1662 2813 1782 2904 plnres
1800 2809 1948 2904 eaptiri

383 2931 421 3005 in
448 2933 588 3026 signum
615 2933 783 3007 vintoniae
811 2933 900 3028 Regi
928 2933 1109 3007 Karimiro
1136 2933 1363 3026 praesentati.

383 3287 565 3378 donrpirsti
587 3289 681 3361 multi
703 3289 830 3360 nobiles
851 3289 885 3360 10
908 3289 1071 3362 diuulsum
1093 3289 1209 3380 lapan
1232 3291 1380 3381 0010100
1404 3292 1439 3362 01
1461 3289 1663 3377 dardanios,
1686 3307 1792 3380 poena
1813 3291 1949 3379 ospitis

991 3411 1109 3483 llmaa
1132 3411 1328 3483 0110100100.

490 3659 640 3732 Romani
667 3672 730 3750 par
758 3659 850 3732 idom
878 3665 1033 3751 tempus,
1070 3660 1152 3731 dum
1181 3665 1299 3732 esseut
1318 3679 1361 3731 er
1381 3680 1471 3730 anno
1500 3658 1669 3748 iubilaao,
1704 3680 1787 3730 auaro
1820 3661 1949 3732 multo

383 3783 427 3854 ad
455 3802 513 3853 aos
541 3779 746 3871 imputato,
776 3781 986 3872 loonpletes,
1016 3780 1187 3872 pristinae
1215 3802 1299 3853 suae
1330 3779 1463 3872 gloriae
1494 3787 1528 3853 et
1557 3779 1775 3852 fortitudinis
1803 3801 1948 3853 memo·

384 3924 457 3991 ros,
496 3922 564 3993 qua
595 3900 783 3992 aliquando
816 3923 885 3980 nou
914 3903 1027 3974 solum
1054 3901 1196 3990 Italiae,
1233 3902 1294 3974 sed
1322 3906 1357 3974 et
1385 3900 1492 3974 Asiae
1519 3907 1554 3974 et
1581 3901 1721 3973 Alrioue
1748 3900 1948 3990 dominati,

384 4024 462 4096 iura
488 4021 694 4109 reddebant,
724 4029 911 4094 erexerunt
937 4023 1072 4095 animos
1100 4023 1136 4095 iu
1164 4044 1261 4114 spem
1289 4021 1444 4096 eiusdem
1476 4021 1671 4114 gloriaest
1699 4021 1845 4093 virtuntis
1874 4043 1949 4113 po·

384 4142 528 4218 tinndae
556 4148 590 4216 at
608 4143 879 4234 recuperandam
909 4143 1167 4234 oonspirationo
1192 4163 1329 4234 quoque
1348 4144 1456 4229 laeta,
1485 4141 1756 4229 constituerant,
1785 4140 1949 4215 Nicolao

383 4267 481 4357 Papa
508 4264 647 4355 quinto,
677 4263 751 4335 uiro
779 4263 868 4336 bono
897 4270 931 4335 ot
960 4264 1128 4356 simplici,
1158 4263 1390 4355 omnibusque
1417 4262 1660 4335 daroinalibus
1685 4269 1719 4334 et
1742 4261 1948 4336 maioribus

383 4385 508 4459 Curiae
544 4383 745 4472 trupidatis,
784 4384 895 4456 Roma
930 4385 1098 4476 primum,
1137 4384 1261 4457 deinde
1298 4384 1444 4457 caeteris
1480 4382 1626 4455 nrblbna
1658 4382 1785 4456 Italiae
1810 4382 1948 4472 potiri.

384 4505 600 4583 Conveniens
629 4506 710 4576 Dux
737 4503 781 4576 ad
807 4525 880 4577 ram
908 4507 998 4578 hana
1025 4505 1267 4578 maturandam
1295 4505 1453 4577 delectus
1472 4516 1547 4575 orat
1566 4494 1765 4594 Stephanus
1784 4502 1825 4573 da
1846 4503 1945 4575 Por-

383 4626 489 4702 eariis
504 4625 537 4715 ⁵)
563 4623 748 4717 utriusque
771 4624 865 4698 Iuris
893 4627 1037 4713 Dootor,
1066 4645 1134 4698 non
1163 4625 1277 4697 solnm
1304 4624 1505 4712 nobilitato,
1534 4623 1692 4696 doctriua
1715 4629 1750 4696 et
1767 4623 1947 4714 eloquen-

383 4747 450 4835 tia,
489 4745 550 4820 sed
587 4745 692 4819 etiam
719 4750 800 4817 astu
828 4751 863 4818 at
890 4745 1030 4839 iugenio
1068 4746 1226 4820 oelobris.
1264 4745 1372 4818 (iuius
1404 4744 1487 4836 quia
1518 4744 1697 4836 ingenium
1731 4749 1947 4835 suspectum

383 4868 501 4959 Papae
528 4871 618 4956 arat,
647 4867 824 4959 relegatus
851 4887 894 4939 ox
922 4867 1034 4940 Roma
1060 4867 1097 4939 in
1122 4866 1280 4940 Bononia
1307 4865 1521 4938 morabatur:
1550 4885 1612 4956 pro
1639 4865 1828 4941 distamen
1849 4865 1945 4956 Epi-

384 4987 552 5081 phaniae,
582 4985 1220 5080 0010010001010010000001110100
1252 4990 1342 5072 erat,
1375 4985 1582 5078 tempestive
1613 4986 1772 5070 advenit;
1801 4986 1948 5060 010101

384 5113 558 5186 tractatus
591 5107 877 5201 conspirationis
911 5108 1032 5184 divina
1064 5107 1199 5208 potius,
1238 5129 1342 5208 quam
1373 5108 1525 5186 humana
1561 5105 1737 5186 industria
1772 5107 1946 5186 detortus

492 5383 519 5458 ll
539 5385 624 5445 dade
646 5381 709 5446 Eo.
733 5381 826 5466 Lips.
859 5381 886 5461 ⁹)
910 5401 961 5443 eos
984 5383 1066 5444 duait
1089 5378 1151 5448 Ed.
1176 5381 1269 5465 Lips.
1301 5381 1328 5460 ³)
1350 5383 1541 5443 advenissent
1567 5379 1627 5444 Ed.
1651 5379 1744 5465 Lips.
1777 5379 1944 5462 *10001111-

384 5491 459 5553 oatis
481 5485 545 5552 Ed.
570 5485 663 5574 Lips.
688 5485 714 5569 ⁶)
737 5488 775 5550 de
796 5486 935 5548 Poraario
958 5483 1022 5550 Ed.
1046 5484 1139 5570 Lips.
