4052 6286
374 517 449 590 498
886 535 1000 592 amsa
1026 534 1272 590 nuonnomus
1299 516 1415 606 (1111).
1649 511 1718 611 (Α.
1738 512 1787 586 D.
1807 510 1938 608 1467.)

374 837 523 910 llicolrur
546 835 784 927 Ppenpnnrrclr
808 837 1063 910 rrccrnorrrirr
1085 836 1308 908 cracoviensis
1330 836 1429 908 llbnm
1452 847 1544 908 suun
1573 835 1748 908 lohannen
1766 834 1940 924 prestrin-

374 975 444 1030 rnm
467 958 606 1048 praedor
629 961 729 1048 etqua
752 957 919 1030 bebrinio
942 959 1165 1043 exercentem,
1188 957 1277 1046 cepit
1301 959 1336 1028 ot
1360 957 1511 1046 episcopo
1541 956 1746 1028 cracoviensi
1772 956 1941 1042 rubigu-

1047 1079 1122 1150 dun
1145 1077 1259 1150 trudit.

479 1327 624 1401 Duobus
653 1333 770 1400 autem
798 1328 901 1402 malis
930 1327 1135 1419 praedictis,
1165 1327 1337 1418 pernicies
1365 1325 1487 1414 tertia,
1517 1347 1627 1416 aeque
1654 1326 1766 1412 mala,
1799 1327 1840 1396 in
1863 1325 1941 1397 cre-

264 1525 267 1532 ,
376 1447 530 1522 coriensi
557 1449 731 1521 duntaxat
755 1453 790 1522 et
810 1449 1085 1522 Sandomirionsi
1113 1448 1216 1520 terris
1244 1453 1447 1520 accesserat.
1486 1447 1577 1518 Nam
1601 1447 1766 1519 nonnulli
1796 1446 1940 1518 nobiles

377 1568 614 1642 adolescentes
634 1589 677 1641 en
696 1569 896 1661 insignibus
924 1570 1128 1661 parentibus
1156 1568 1240 1657 orti,
1269 1589 1417 1660 quorum
1437 1568 1611 1640 lohannes
1630 1568 1897 1659 Pyenyansnelr
1918 1569 1939 1652 ¹)

375 1690 574 1782 presbyter,
594 1689 861 1762 archidiaconns
880 1690 964 1762 olim
985 1689 1215 1778 Gnesnsnsis,
1244 1688 1433 1780 primarius
1457 1688 1665 1776 habebatur,
1694 1687 1868 1760 absentie
1888 1688 1941 1758 la-

375 1811 452 1884 oobi
481 1811 523 1884 de
550 1811 708 1884 Dambno
742 1810 915 1902 capitanei
949 1811 1189 1884 cracoviensis
1223 1809 1273 1883 eis
1306 1809 1598 1882 subministrante
1626 1809 1833 1897 audaciam,
1876 1809 1940 1878 fre-

376 1932 565 2024 quentibus
593 1932 699 2004 furtis
727 1938 762 2003 et
791 1931 916 2023 spoliis
943 1932 1103 2024 regiones
1137 1932 1233 2022 ipsas
1262 1952 1330 2004 non
1358 1931 1395 2002 in
1423 1930 1676 2004 mercatoribus
1709 1931 1850 2016 solum,
1884 1929 1942 2000 sed

375 2053 413 2126 in
440 2053 673 2140 militaribnS,
708 2053 922 2144 affligebant.
956 2053 1184 2126 Patrimoniis
1217 2052 1309 2125 enim
1343 2053 1416 2124 suis
1449 2052 1612 2124 nonnulli
1640 2051 1794 2124 corrosis
1823 2057 1865 2122 et
1894 2052 1940 2122 el-

376 2173 482 2262 lusiS,
520 2174 777 2265 supellectilem
814 2179 931 2246 tamen
968 2173 1138 2266 fulgidam
1166 2177 1201 2244 ot
1228 2193 1342 2245 raram
1369 2172 1405 2243 in
1434 2173 1533 2263 equis
1561 2176 1597 2243 st
1625 2172 1789 2244 restibus
1819 2175 1860 2243 at
1893 2171 1938 2241 la·

376 2293 591 2382 miliaribus,
625 2315 668 2367 ne
695 2293 777 2366 aliis
810 2293 1148 2386 contemptibiliores
1176 2297 1212 2366 et
1239 2293 1421 2368 inferiores
1449 2293 1583 2365 censeri
1610 2297 1774 2383 possent,
1809 2291 1941 2364 habere

376 2414 509 2502 conati,
538 2415 576 2486 in
599 2414 697 2487 varia
716 2415 888 2487 furtorum
908 2415 1062 2488 facinora
1080 2414 1337 2488 dilabebantur.
1367 2415 1499 2487 Parens
1518 2413 1687 2485 Iohannis
1708 2415 1939 2506 Pyonyansn-

376 2534 479 2608 honis
495 2532 526 2624 2)
554 2535 766 2627 presbyteri,
804 2536 973 2610 Nicolans
1001 2536 1251 2628 Pyenpansnek
1279 2535 1553 2608 succamsrarius
1577 2535 1843 2622 Crotoniensis,
1876 2535 1939 2606 filii

377 2655 649 2748 turpitudinem,
678 2677 721 2728 ns
750 2656 793 2728 ad
822 2678 858 2729 so
887 2669 1024 2748 quoqne
1053 2661 1087 2728 et
1114 2677 1224 2748 genus
1249 2676 1352 2728 suum
1371 2661 1408 2727 ot
1427 2659 1582 2728 caeteros
1601 2660 1703 2727 natos
1722 2661 1938 2747 penetrarer.

379 2775 595 2849 rescissorus
624 2776 772 2866 (sciebat
801 2777 893 2849 onim
921 2777 1023 2849 illum
1051 2777 1088 2849 in
1116 2778 1232 2849 omnia
1260 2776 1431 2864 facinora,
1461 2777 1566 2848 stiam
1585 2777 1682 2849 dictu
1702 2778 1878 2864 nefanda,
1908 2788 1940 2848 et

377 2896 415 2970 in
441 2897 680 2990 blasphemias
707 2897 745 2970 in
772 2897 900 2984 Deum,
930 2902 965 2972 st
992 2898 1029 2970 in
1056 2899 1267 2989 profundum
1295 2897 1486 2970 facinorum
1507 2897 1688 2988 delapsum
1708 2918 1789 2970 esso
1810 2903 1849 2970 et
1868 2920 1938 2968 am-

377 3017 473 3109 plius
501 3017 759 3107 delabendum),
794 3018 922 3090 blanda
954 3019 1137 3090 vocatione
1170 3019 1213 3090 ad
1233 3039 1270 3090 se
1293 3017 1516 3105 accersitum,
1551 3017 1677 3106 vincit,
1711 3023 1748 3090 ot
1777 3018 1939 3090 vinetum

378 3137 529 3212 Iohanni
549 3137 710 3230 episcopo
730 3137 951 3212 Graeorisnsi
970 3139 1132 3226 tradidit,
1153 3139 1268 3214 virum
1288 3159 1325 3212 so
1344 3139 1472 3211 bonum
1492 3142 1527 3210 st
1546 3139 1810 3212 misericordem
1830 3159 1938 3228 agens

377 3263 528 3350 patrem,
557 3259 671 3332 filium
699 3263 861 3350 satagens
880 3281 941 3350 per
960 3265 1091 3334 arctam
1120 3260 1203 3334 licet
1230 3259 1481 3351 poenitentiam
1510 3260 1647 3332 salvum
1667 3281 1737 3332 non
1755 3260 1937 3351 perditum

377 3379 438 3468 iri,
468 3384 503 3452 et
530 3400 701 3471 agenore
735 3400 798 3452 suo
834 3381 1066 3472 turpitudinis
1093 3385 1211 3454 notam
1240 3380 1383 3454 aboleri.
1417 3377 1452 3452 Α
1479 3379 1635 3452 Iohanne
1663 3385 1783 3453 antem
1813 3381 1937 3453 Graec-

377 3500 491 3574 riensi
518 3499 680 3593 episcopo
707 3501 745 3572 in
768 3521 923 3574 carceres
951 3502 1043 3594 apud
1071 3506 1225 3575 castrum
1248 3500 1415 3574 ecclesiae
1439 3501 1533 3572 Ilsna
1548 3498 1579 3590 ³)
1608 3505 1747 3590 trusus,
1779 3501 1937 3575 facinora

379 3642 442 3694 sua
460 3620 562 3694 annis
582 3620 712 3709 tribus,
741 3620 920 3694 mensibus
949 3643 1027 3711 sex,
1056 3621 1093 3694 in
1121 3627 1211 3694 tetro
1239 3641 1375 3694 carcere
1395 3625 1430 3694 et
1449 3621 1554 3692 fundo
1574 3621 1720 3694 obscuro
1741 3622 1857 3694 turris
1878 3643 1934 3694 ex·

378 3742 508 3834 piabat.
537 3741 732 3833 captivitas
756 3749 873 3816 autem
892 3743 1040 3834 praelati
1060 3741 1228 3814 Iohannis
1247 3742 1499 3834 Ppsnpansnelr
1518 3747 1553 3814 et
1572 3742 1693 3816 Iacobi
1712 3743 1756 3816 ds
1776 3744 1936 3814 Dambno

379 3862 553 3954 capitanei
580 3862 821 3936 cracoviensis
849 3885 892 3938 ox
920 3863 1089 3937 Bohsmia
1115 3863 1267 3952 reditus,
1297 3863 1455 3960 singulos
1484 3865 1577 3935 fures
1605 3863 1750 3952 terruit,
1773 3869 1812 3936 et
1829 3865 1935 3936 anda

378 3984 469 4056 ciam
492 4003 611 4058 sorum
639 3983 854 4074 (minabatur
881 3985 974 4058 enim
994 4005 1030 4058 se
1049 3987 1227 4077 praefatus
1256 3984 1404 4057 Iacobus
1423 3983 1629 4074 capitaneus
1649 4006 1935 4076 unumquemque

380 4107 510 4194 furum,
537 4104 724 4178 nobilitate
752 4103 870 4179 eorum
897 4126 967 4178 non
995 4105 1170 4194 obstante,
1200 4106 1237 4178 in
1265 4107 1464 4196 patibulum
1492 4107 1671 4193 acturum)
1698 4107 1903 4178 restrinxit.

488 4381 510 4460 ¹)
542 4382 703 4462 Pieniazek
735 4379 810 4445 Coc.
841 4379 950 4442 Praez.
983 4381 1007 4458 ²)
1038 4381 1209 4460 Pyeniazek
1239 4377 1302 4442 Ed.
1334 4377 1424 4462 Lipa.
1456 4377 1482 4458 ³)
1512 4380 1624 4440 lszlsza
1657 4375 1734 4441 Coc.
1760 4375 1852 4442 Calc.
1878 4383 1935 4440 lln

381 4483 452 4562 Ec,
472 4483 562 4570 Lapa
