4052 6286
446 533 523 604 508
955 549 1068 602 nmen
1094 549 1340 603 unonnonnrs
1367 529 1479 620 (nur).
1710 526 1775 626 (ΑΙ
1792 525 1927 640 um)
1973 481 1974 528 ³

447 735 545 827 pium
563 733 780 808 eonsumstio
807 731 1025 821 intermissa,
1052 732 1233 823 pabulatio
1259 752 1398 824 quoqne
1416 737 1452 805 st
1470 731 1678 806 virtualinm
1695 735 1870 826 importatis
1882 763 1926 818 na

448 875 518 946 gns
545 875 589 927 ex
616 858 716 945 parte
742 852 921 944 impedita.
954 852 1030 924 lam
1057 851 1150 924 enim
1177 851 1215 923 in
1241 850 1392 924 oireuitn
1423 851 1559 924 eunetis
1590 853 1740 926 rostatis
1769 855 1808 928 ab
1828 864 1928 954 nboqu
1973 849 1974 898 ³

452 973 625 1061 exereitn,
654 993 723 1044 non
751 971 823 1044 nisi
850 971 886 1043 iu
913 991 976 1044 aex
1003 969 1170 1042 milliaria
1193 970 1402 1062 etamplius
1429 969 1690 1062 pabulationem
1717 972 1759 1046 ab
1782 974 1927 1070 Hungariae
1973 981 1974 994 ¹

449 1092 633 1186 praecipue
661 1091 834 1180 exereitn,
863 1091 900 1163 in
928 1111 996 1180 quo
1025 1090 1238 1180 frequentior
1265 1111 1369 1182 eques
1397 1096 1487 1178 erat,
1516 1093 1698 1182 oportebat
1720 1095 1858 1167 extendi:
1877 1099 1929 1176 lae

453 1232 590 1305 quoqne
617 1232 686 1282 non
713 1210 783 1282 uisi
806 1209 978 1282 laboriose
997 1215 1032 1282 st
1050 1209 1260 1301 perisulose,
1289 1213 1431 1300 propter
1458 1209 1605 1282 iusidias
1627 1210 1712 1284 bins
1728 1211 1802 1285 indo
1817 1220 1929 1306 arnas,

445 1337 584 1424 poterat
617 1329 811 1423 provenire.
846 1329 1063 1422 Quapropter
1094 1334 1241 1421 uterque
1273 1329 1465 1417 exereitus,
1498 1319 1790 1422 magnatorum
1816 1333 1931 1428 nun

448 1451 633 1524 tobaleolis
663 1471 706 1524 ex
734 1449 840 1535 fame,
870 1452 1048 1538 sussepta,
1077 1449 1153 1539 ipse
1179 1469 1317 1540 quoque
1344 1447 1460 1523 inedia
1491 1447 1670 1537 laborans,
1706 1467 1801 1522 sarna
1823 1451 1931 1528 delam·

449 1572 537 1644 tium
570 1591 736 1662 equorum
762 1567 927 1661 mandem
955 1568 1103 1640 esuriem
1132 1567 1367 1642 sustentabat:
1406 1567 1534 1640 floreno
1567 1567 1660 1641 enim
1691 1587 1759 1640 nno
1783 1589 1871 1660 panea
1885 1578 1931 1645 tu·

449 1689 628 1764 tnmmodo
656 1692 806 1780 quatuor
833 1707 853 1758 a
881 1686 1069 1760 ditioribus
1096 1687 1310 1760 emebantur.
1340 1686 1540 1760 Advenerat
1567 1693 1602 1760 et
1628 1685 1812 1760 Catholicis
1828 1689 1932 1767 ioann-

450 1811 538 1883 lium
567 1807 738 1880 Bavariae
766 1808 847 1878 Dux
872 1804 970 1894 Otto,
999 1805 1129 1879 babens
1158 1827 1274 1880 seeum
1303 1805 1436 1879 Suevos
1460 1810 1495 1878 et
1513 1804 1751 1898 Saweyorsroe
1768 1807 1792 1896 ¹)
1816 1807 1933 1884 tuori-

297 2023 302 2034 ,
449 1933 591 2022 gnatoa3
624 1927 706 2000 bine
734 1926 935 1998 Bohuslsus
963 1924 1205 2018 Sshwamberg
1220 1924 1265 2015 ²),
1293 1925 1468 1998 Henrious
1495 1923 1691 1998 Hrsdeeelri
1705 1924 1754 2014 3),
1783 1926 1933 2016 Burrieno,

450 2049 624 2122 Iohannes
651 2052 687 2118 et
714 2045 857 2118 Ulrious
885 2044 1015 2134 Zaysou
1043 2044 1085 2118 de
1112 2045 1235 2132 Koati,
1265 2043 1462 2136 eaeterique
1489 2043 1656 2116 eetboliai
1684 2045 1854 2119 Bobsmiae
1872 2047 1933 2121 buo

450 2189 512 2242 nes
540 2187 617 2240 oum
646 2164 892 2238 Pilsnensibus
921 2163 1114 2252 ooninneti,
1144 2185 1279 2237 omnem
1308 2184 1401 2238 oram
1430 2163 1521 2236 eirea
1547 2162 1671 2236 Pilsno
1690 2169 1726 2237 st
1743 2164 1880 2257 Pragen,
1898 2189 1933 2240 or-

451 2286 617 2380 pugnetis
645 2285 681 2357 vi
708 2283 870 2375 pluribus
903 2283 1102 2370 fortalitiis,
1136 2303 1342 2376 magnopere
1375 2282 1588 2356 afflixerant:
1623 2283 1687 2356 sed
1718 2283 1745 2356 ii
1770 2304 1881 2376 qnoqm
1900 2307 1935 2378 pe

452 2407 642 2480 Iohannem
670 2401 954 2490 Rosesmbsrski,
990 2403 1051 2494 qui
1083 2403 1301 2476 (bethelleem
1328 2424 1365 2476 se
1392 2422 1533 2496 gerens,
1566 2407 1687 2494 partes
1715 2409 1822 2476 tumen
1844 2403 1935 2497 degi

452 2531 487 2600 et
512 2524 767 2599 haeretieorum
800 2521 940 2596 enixius
972 2521 1176 2610 adiurabat,
1212 2529 1246 2596 et
1274 2543 1334 2615 per
1362 2521 1566 2596 llisbaelem
1585 2522 1627 2595 de
1646 2519 1840 2610 Miobelser,
1864 2529 1935 2596 raes

452 2665 579 2737 rosque
606 2643 809 2732 Bononiae,
838 2642 949 2734 partis
977 2640 1117 2734 Georgii
1136 2643 1299 2729 barones,
1330 2646 1364 2715 et
1382 2641 1593 2734 Progressa,
1622 2641 1857 2734 Taboriteepus
1876 2644 1934 2717 ben

454 2763 607 2839 oonflioti
621 2763 669 2852 ⁴).'
698 2759 900 2836 Viatorinue
932 2761 1073 2834 interim
1107 2762 1340 2854 perpendens,
1375 2761 1466 2854 qnod
1497 2764 1935 2853 respuendamque

455 2881 686 2976 personaliter
712 2880 822 2974 petito
850 2881 1024 2973 solioquio
1057 2901 1135 2954 oum
1162 2882 1258 2974 Rege
1285 2881 1504 2974 Hungariae,
1534 2879 1791 2972 interponebat,
1807 2883 1836 2954 et
1851 2881 1935 2972 inqui·

454 3005 520 3078 bus
548 3003 625 3076 Rex
651 3000 854 3093 Hungariae
881 3000 1114 3090 uenditionem
1145 3021 1207 3094 per
1234 3000 1469 3088 Viatorinnm,
1498 2998 1736 3074 detrudendo
1763 3003 1860 3074 oasbo
1879 2999 1936 3090 spl-

456 3123 555 3216 berg,
585 3121 616 3194 si
644 3121 747 3194 illum
774 3141 853 3194 oum
880 3120 1002 3212 paneis
1030 3121 1105 3194 suia
1133 3121 1230 3203 abire
1258 3120 1495 3213 permitteret,
1524 3120 1677 3193 oblatam
1710 3141 1870 3212 respuens,
1889 3116 1936 3190 lle

457 3242 609 3315 torinum
637 3262 717 3314 enm
743 3239 819 3314 suis
846 3239 1007 3314 omnibus
1026 3240 1063 3312 in
1082 3241 1292 3314 deditionem
1317 3241 1538 3332 expoeoebat.
1567 3239 1635 3312 Sed
1654 3259 1719 3313 noo
1736 3259 1793 3330 per
1808 3237 1936 3312 mrantm

304 3429 307 3434 ,
458 3363 577 3436 fratris
604 3359 661 3434 eui
688 3359 851 3447 Henrioi,
879 3358 1042 3432 liberatio
1070 3380 1133 3432 sna
1160 3365 1195 3432 st
1223 3381 1363 3434 anorum
1390 3363 1528 3452 poterat
1549 3359 1752 3451 provenirs;
1777 3356 1937 3431 extrenbe

459 3479 710 3556 obeundarum
738 3479 878 3566 videns,
906 3478 943 3550 in
970 3479 1202 3570 perieulosam
1220 3479 1496 3571 desperationem
1515 3499 1656 3566 rsrsus,
1685 3477 1938 3566 extreueinsnps

458 3598 617 3694 aggredi,
646 3602 791 3691 sugente
817 3597 1041 3686 nenessitate,
1071 3619 1178 3671 ausus
1194 3597 1237 3688 ⁵),
1266 3603 1367 3672 noste
1393 3599 1485 3672 diem
1511 3598 1739 3671 Penteoostes
1765 3595 1936 3677 antsoedoutt

459 3718 642 3812 quae-ruit
670 3717 793 3808 quinta
819 3716 915 3789 Iunii
930 3715 975 3804 ⁶),
1004 3738 1083 3789 snm
1110 3717 1208 3792 mille
1234 3717 1400 3792 tresentia
1428 3717 1605 3808 peditibus
1622 3717 1665 3806 7),
1696 3717 1756 3809 qui
1782 3735 1877 3788 onnes
1894 3711 1936 3784 ani·

460 3861 534 3912 mos
562 3843 623 3910 ant
650 3838 693 3909 ad
721 3836 930 3910 uincendum
957 3840 1018 3908 sut
1037 3837 1087 3938 ad
1099 3836 1315 3914 moriendum
1342 3837 1620 3924 destinauerant,
1650 3857 1696 3909 en
1715 3856 1789 3909 aree
1805 3839 1895 3926 (prop
1929 3869 1936 3882 ·

461 3958 551 4030 sidio
578 3962 695 4030 tamen
718 3955 817 4028 illins
837 3955 1046 4048 quingentos
1060 3955 1092 4045 θ)
1120 3957 1336 4049 relinquens)
1360 3977 1538 4049 egressus,
1560 3962 1595 4029 et
1612 3956 1776 4029 hostilem
1794 3950 1936 4032 onrado,

462 4081 612 4169 quatuor
638 4075 752 4149 millia
778 4080 990 4148 armatorum
1017 4075 1219 4165 habentem,
1248 4077 1485 4167 disrumpens,
1515 4074 1750 4148 obsidentium
1776 4092 1876 4146 manue
1891 4087 1936 4141 ss

461 4197 562 4285 dens,
591 4195 628 4268 in
655 4195 795 4287 propria
822 4199 937 4267 oestro
963 4195 1109 4269 Henrisi
1137 4195 1310 4288 sonmgit,
1337 4202 1374 4292 et
1400 4215 1526 4288 magna
1553 4194 1607 4266 sui
1636 4215 1699 4286 spe
1717 4187 1937 4285 Hungariaele

461 4336 540 4408 gem
569 4319 604 4387 st
632 4335 713 4386 suos
741 4312 914 4387 inescatos
943 4314 1081 4387 fefellit.
1110 4317 1273 4408 Magnum
1301 4315 1445 4406 insuper
1472 4335 1597 4387 ausum
1626 4313 1702 4386 auis
1721 4333 1763 4386 en
1782 4314 1851 4404 lnge
1864 4305 1936 4380 buin·

461 4433 566 4507 modi¹
583 4433 767 4524 praebens,
796 4432 1035 4526 Hungarieum
1063 4435 1255 4509 exereitum
1288 4435 1324 4508 in
1349 4433 1497 4507 maiores
1524 4433 1754 4506 diffieultstes
1777 4427 1903 4512 somma,
1919 4427 1937 4494 st

462 4559 543 4645 post
570 4573 698 4644 pensos
726 4553 816 4639 dies,
846 4553 1047 4644 Hungariae
1074 4555 1170 4646 Rege
1197 4575 1266 4626 non
1293 4555 1539 4644 persequente,
1573 4552 1617 4624 ad
1648 4539 1938 4644 patrissantes]

463 4673 502 4745 in
528 4672 656 4760 Polna,
684 4675 834 4762 quatuor
861 4671 1071 4746 milliaribus
1095 4672 1347 4746 al'rnebiouow
1375 4671 1545 4760 ornante,
1574 4677 1610 4744 et
1636 4671 1830 4745 Viatorinns
1844 4663 1936 4740 elliu·

464 4791 559 4864 riona
587 4811 665 4864 eum
689 4791 846 4864 exereitu
865 4791 1036 4882 pervenit.
1065 4793 1141 4866 Arx
1160 4791 1386 4881 Truebieuow,
1407 4791 1778 4894 illisdisoedentibne,
1795 4785 1867 4880 Regi
1880 4783 1935 4856 ln·

469 4909 586 5002 genias
612 4930 653 4982 oo
681 4914 782 5001 pasto
810 4909 942 4983 dedita:
971 4915 1012 4983 nt
1030 4910 1151 4986 liseret
1170 4912 1330 4985 omnibus
1349 4911 1601 4999 ineolumibue,
1629 4911 1811 4984 medietate
1825 4917 1936 4980 ermom

576 5199 598 5279 ¹)
621 5199 757 5262 Suioeroa
780 5195 844 5262 Ed.
868 5197 960 5282 nipe.
992 5198 1019 5278 ²)
1046 5200 1213 5261 Dobeslsus
1243 5201 1414 5276 Suamberg
1435 5196 1498 5262 Ed.
1520 5196 1611 5281 Dipo.
1643 5198 1672 5277 ⁸)
1693 5195 1881 5274 Rhadeyeotkl
1895 5179 1936 5250 (Μ
1973 5205 1974 5282 f

475 5300 563 5366 Gelo.
588 5300 614 5382 ⁴)
636 5303 794 5380 profligati.
816 5299 879 5364 Ed.
904 5299 994 5386 Lipr.
1019 5299 1046 5386 ⁵)
1069 5319 1159 5364 ansae
1178 5308 1224 5364 eet
1238 5299 1301 5364 Ed.
1324 5299 1418 5385 erpa.
1434 5299 1681 5380 ⁰)meueia1enii
1697 5298 1760 5364 Ed»
1772 5296 1851 5381 lips
1866 5285 1935 5371 ’jad
1973 5317 1974 5364 l

470 5409 549 5469 tibur
570 5402 634 5469 Ed.
658 5401 749 5489 Lips.
774 5404 800 5484 ⁸)
823 5407 999 5484 quingentos
1020 5405 1136 5482 pedites
1159 5402 1222 5467 Ed.
1245 5401 1339 5486 aspa.
