4082 6284
383 527 457 603 294
892 548 1005 607 araus
1031 547 1277 602 nuouauruus
1304 529 1418 618 (xm).
1551 472 1556 482 Ι
1655 521 1724 622 (Α.
1742 523 1788 608 l).
1807 522 1942 620 1450.)

381 737 500 812 venire
526 736 677 812 iussisti.
719 735 793 808 Nos
825 755 907 807 rero
935 734 1084 827 ingenue
1111 735 1331 826 profitemur,
1365 738 1445 808 tuos
1478 732 1656 820 subditos,
1689 731 1869 814 subiaetos
1903 737 1937 804 st

382 857 614 930 amieiseimos
644 878 736 944 esse;
765 856 826 930 sed
853 855 1135 948 ingemiscimus,
1165 855 1332 928 miramur
1350 861 1384 928 et
1403 854 1598 947 querimur,
1628 860 1662 926 te
1681 853 1854 936 iptestum
1871 874 1931 924 no·

380 978 436 1050 bis
464 984 499 1051 et
525 978 646 1070 Regno
675 983 793 1050 nostro
821 978 957 1050 hostem
986 977 1115 1066 fore1),
1145 976 1206 1068 qui
1231 980 1361 1050 terram
1380 975 1493 1069 Regni
1521 974 1693 1067 insignem
1719 976 1936 1047 Luousnsom

380 1103 416 1172 et
442 1099 549 1171 villas
582 1119 724 1170 numero
753 1099 888 1189 plures,
925 1117 1033 1188 prope
1067 1099 1260 1189 Bruesonye
1287 1094 1536 1183 consistentes,
1570 1116 1590 1166 a
1617 1095 1738 1187 Regno
1767 1093 1937 1166 Poloniae

381 1220 546 1294 alienasti
578 1225 613 1294 at
640 1217 767 1292 ditioni
796 1218 1051 1292 Lithuauorum
1078 1217 1255 1304 adiecisti,
1284 1216 1455 1308 uobisque
1474 1216 1588 1308 pulsis
1608 1221 1643 1288 et
1657 1215 1838 1301 exolusis,
1868 1219 1935 1288 tor·

381 1363 455 1414 ram
483 1339 675 1414 notabilem
703 1344 738 1412 et
766 1338 914 1431 villagia
941 1338 1019 1430 ipsa
1046 1338 1190 1414 iniustis
1218 1337 1369 1416 dominis
1388 1336 1605 1411 oonoessieti.
1635 1335 1758 1429 Neque
1777 1334 1837 1408 his
1857 1356 1937 1408 oon-

381 1467 516 1548 tentus‚
552 1460 689 1535 oonaris
714 1465 752 1535 ¹et
779 1464 938 1546 aesinae,
974 1465 1015 1532 ut
1042 1465 1078 1532 et
1105 1464 1234 1536 terram
1265 1458 1432 1532 Podoliae
1463 1479 1484 1534 a
1515 1458 1636 1550 Regno
1667 1461 1872 1548 sequestres
1902 1461 1936 1528 et

382 1581 572 1654 Lithuanis
600 1580 786 1668 subiicias,
815 1602 877 1672 pro
904 1585 1073 1673 gratoque
1102 1601 1243 1652 munere
1271 1579 1417 1670 aeoipis,
1447 1577 1479 1650 si
1506 1577 1677 1650 Lithuani
1696 1581 1830 1664 eastra,
1860 1598 1936 1648 mu-

384 1703 537 1776 nitiones
566 1707 601 1774 et
627 1701 868 1794 possessiones
902 1701 939 1773 iu
975 1701 1053 1793 ipsa
1080 1705 1174 1776 terra
1205 1700 1372 1780 Podoliae
1409 1704 1443 1773 et
1470 1699 1559 1784 alias
1595 1721 1616 1772 a
1642 1698 1788 1775 Polonis
1828 1697 1936 1770 surri-

382 1822 497 1914 piant:
527 1822 588 1915 qui
616 1844 636 1895 a
663 1821 820 1896 Duoibus
848 1820 1041 1909 Maeoniae,
1075 1821 1148 1894 tuis
1175 1825 1211 1894 et
1238 1820 1352 1913 Regni
1383 1819 1551 1893 Poloniae
1586 1818 1784 1904 feudalibus
1813 1822 1850 1890 et
1878 1839 1936 1890 ua·

383 1943 500 2032 sollis,
529 1943 793 2034 Dueatibusque
821 1963 956 2030 eornm,
985 1942 1072 2017 duos
1101 1941 1301 2030 histriatas,
1322 1941 1511 2034 Gouyaodu
1527 1939 1558 2030 2)
1587 1939 1753 2012 videlieet
1771 1943 1807 2012 et
1828 1938 1936 2012 Wun-

381 2085 574 2158 groupeoa,
602 2063 763 2155 pervim
792 2067 827 2136 et
854 2062 1019 2136 iniuriam
1048 2067 1202 2154 ereptos,
1231 2061 1443 2136 Lithuaniae
1462 2061 1615 2134 Duoatui
1634 2060 1837 2152 applicasti.
1867 2060 1938 2132 Sed

383 2189 419 2258 et
445 2185 541 2276 ipsos
569 2185 783 2270 Lithuanos,
812 2184 932 2277 Regno
960 2183 1129 2258 Poloniae
1157 2184 1312 2257 feudales
1332 2187 1367 2255 et
1385 2182 1578 2270 eubieotos,
1598 2181 1636 2254 in
1654 2187 1726 2254 tam
1746 2180 1937 2272 superbam

382 2311 533 2380 mentem
561 2305 724 2393 erexisti,
753 2310 794 2376 ut
820 2326 932 2396 neque
959 2326 1054 2378 arma
1081 2309 1202 2378 eontra
1234 2305 1353 2380 hostes
1385 2307 1524 2376 nostroe
1552 2321 1752 2374 communes
1781 2300 1936 2374 Grauita-

382 2448 439 2499 ros
468 2427 572 2514 terre,
601 2448 713 2519 neque
740 2425 897 2517 imperiis
925 2425 997 2498 tuis
1026 2425 1166 2499 obedire
1193 2425 1332 2498 vellint.
1361 2423 1530 2497 Gnesione
1558 2422 1758 2496 lenissimae
1783 2426 1820 2494 et
1844 2421 1937 2494 iniu-

382 2552 458 2620 stae
485 2551 659 2636 monetae,
689 2545 791 2638 quasi
818 2547 966 2638 quodam
986 2545 1125 2638 uulgari
1149 2545 1325 2634 incendio,
1354 2566 1417 2618 nos
1445 2544 1640 2631 eonsumis3
1668 2544 1803 2631 lurum,
1836 2564 1938 2634 prae-

383 2667 528 2756 donum,
564 2671 760 2758 raptorum,
798 2672 1082 2758 eaeterorumque
1117 2667 1370 2756 malefioorum,
1404 2670 1440 2739 ot
1472 2686 1591 2738 eorum
1619 2663 1846 2756 praesertim,
1873 2665 1940 2764 ,qui

383 2792 557 2861 monetam
585 2787 790 2876 falsificant,
819 2787 991 2860 malitiam
1018 2786 1172 2880 grassari
1200 2786 1304 2875 siuie3
1332 2808 1444 2879 neque
1471 2786 1509 2858 in
1527 2786 1665 2875 hostes,
1693 2786 1860 2879 Regnum
1879 2786 1938 2874 de-

383 2911 563 2998 vorantes,
593 2929 704 3000 neque
732 2907 769 2980 iu
797 2909 984 2982 sceleratos
1005 2907 1173 2981 ‘animum
1204 2907 1371 2980 advertis.
1405 2908 1505 2980 Bona
1536 2906 1671 3000 regalia
1702 2912 1737 2979 et
1768 2905 1940 2994 introitps

382 3027 560 3102 inutiliter
586 3029 780 3117 eonsumie3
813 3028 1046 3122 uectigalibus
1085 3033 1120 3102 et
1148 3027 1361 3102 stationibus
1399 3027 1482 3102 adeo
1516 3028 1677 3121 Regnum
1704 3027 1876 3103 exhauris
1905 3031 1940 3100 et

384 3170 523 3238 oneras,
552 3155 593 3222 ut
619 3155 823 3242 perpetuam
851 3149 1036 3222 civitatum
1056 3154 1091 3221 ot
1110 3148 1277 3220 villarum
1305 3148 1489 3222 rideamus
1508 3147 1774 3222 desolationem.
1802 3147 1938 3230 ¹Vidua-

382 3291 477 3359 rum,
506 3270 722 3362 pupillorum
751 3275 785 3344 et
813 3291 1056 3362 oppressorum
1089 3270 1242 3361 querelis
1270 3273 1305 3343 et
1331 3269 1474 3343 fletibus
1505 3290 1575 3341 non
1601 3268 1771 3356 moreris,
1805 3275 1849 3341 ut
1874 3270 1939 3342 ad·

387 3389 601 3464 ministratio
629 3413 765 3484 quoque
793 3390 953 3465 iustitiae
981 3391 1046 3464 sub
1074 3395 1134 3463 tuo
1158 3390 1328 3484 regimine
1347 3389 1502 3482 perierit.
1531 3390 1669 3478 Armis,
1698 3389 1817 3482 equis,
1846 3412 1935 3467 auro

384 3517 528 3606 argento
556 3517 591 3585 et
619 3511 816 3606 quibusque
843 3510 1008 3603 pretiosis
1035 3510 1262 3584 Lithuaniam
1294 3531 1459 3598 exornas,
1484 3511 1667 3584 Poloniam
1695 3511 1829 3596 nudas:
1859 3533 1940 3584 oum

383 3638 454 3704 tam
480 3632 619 3725 genitor
646 3638 746 3721 tuns,
776 3654 880 3724 quam
908 3633 1015 3704 frater
1039 3637 1121 3704 tuus
1141 3632 1360 3705 Wladislaus
1380 3631 1582 3724 Hungariae
1601 3637 1637 3706 et
1654 3631 1825 3704 Poloniae
1845 3633 1937 3718 Rex,

384 3774 488 3844 quam
504 3751 534 3843 3)
562 3758 602 3825 tu
629 3752 721 3844 ipse,
751 3752 866 3826 omnia
894 3753 1032 3840 deeora,
1062 3753 1178 3824 omnia
1205 3758 1422 3840 ornamenta,
1461 3773 1581 3824 omnes
1610 3752 1761 3844 denique
1785 3753 1938 3829 honores

384 3880 419 3946 et
445 3873 598 3966 plurima
624 3873 793 3947 benefioia
825 3896 846 3946 a
873 3873 1019 3948 Polonia
1047 3873 1245 3966 aooepistis.
1274 3874 1322 3946 Et
1349 3894 1427 3946 euru
1455 3873 1593 3966 genitor
1620 3877 1721 3964 tuus,
1750 3874 1860 3948 unius
1883 3874 1936 3946 di-

383 3993 529 4066 strietus
557 3993 678 4086 exigui
705 3995 742 4066 in
769 3993 961 4066 Lithuania
997 3995 1093 4082 Dux,
1133 3994 1304 4085 expost4)
1338 3995 1455 4066 lavore
1491 3995 1718 4080 Polouorum‚
1753 3999 1789 4066 et
1821 3995 1938 4086 Regni

383 4115 549 4188 Poloniae
577 4120 612 4187 et
640 4114 750 4187 totius
778 4116 934 4188 Ducatus
962 4113 1174 4187 Lithuaniae
1204 4113 1375 4187 Dominus
1404 4113 1547 4188 effeetus
1575 4113 1698 4202 tuerit,
1721 4119 1759 4187 et
1778 4115 1934 4217 ignotus,

383 4236 551 4310 obscurus
583 4241 689 4327 atquo
715 4235 877 4328 gentilis,
907 4257 969 4327 per
995 4235 1146 4309 Polonos
1179 4235 1215 4307 iu
1243 4233 1405 4306 notitiam
1434 4233 1713 4308 Christianitatis
1742 4235 1873 4322 totius,
1901 4242 1936 4307 et

383 4356 420 4428 in
449 4356 530 4429 fidei
557 4357 675 4430 lumen
708 4361 813 4448 atque
850 4356 1044 4429 claritatem
1078 4355 1331 4447 amplissimam
1358 4355 1574 4447 pervenerit,
1602 4354 1819 4441 Lithuaniae
1838 4357 1931 4434 ineu·

381 4498 443 4568 per
461 4482 496 4550 ot
515 4477 743 4569 Samagittiae
762 4482 889 4564 terras,
909 4498 930 4548 a
948 4475 1133 4550 Oruoiferie
1153 4483 1354 4568 oooupatas,
1383 4475 1524 4550 braohio
1544 4476 1757 4549 Polonorum
1779 4483 1927 4567 ereptas,

381 4597 569 4670 Lithuanis
588 4596 792 4685 reddiderit,
813 4602 848 4670 et
863 4597 1013 4670 victores
1033 4619 1114 4670 suos
1133 4597 1240 4670 armis
1258 4596 1437 4670 Poloniois
1457 4596 1598 4684 vicerim
1617 4617 1687 4688 quo
1705 4597 1745 4669 in
1761 4598 1929 4690 longaeua

382 4721 496 4790 aetate
529 4717 728 4808 absumpto,
768 4718 909 4790 fratrem
947 4723 1046 4790 tuum
1083 4717 1335 4804 Wladielanm,
1375 4738 1444 4790 non
1481 4717 1518 4790 in
1550 4717 1718 4791 Poloniae
1757 4717 1927 4805 solum5),

382 4838 443 4909 sed
470 4842 505 4910 et
532 4837 569 4910 in
596 4837 799 4930 Hungariae
826 4838 987 4930 Regnum
1014 4837 1257 4930 proveximus:
1287 4859 1354 4928 quo
1383 4837 1479 4910 felini
1507 4843 1541 4910 et
1559 4837 1714 4930 gloriosa
1742 4843 1855 4910 morte
1874 4838 1925 4910 ob·

381 4965 501 5046 eunte,
533 4963 566 5032 te
594 4963 629 5031 et
656 4978 782 5047 aorona
808 4957 919 5050 regali
938 4964 973 5030 et
991 4957 1174 5049 splendido
1198 4957 1420 5032 matrimonio
1444 4957 1711 5049 insignivimue3
1740 4959 1837 5044 bolla
1855 4979 1925 5031 oum

380 5078 568 5164 cruciferis
596 5083 772 5171 agentem,
802 5099 870 5151 non
899 5077 1005 5150 armis
1033 5079 1147 5152 solum
1175 5082 1209 5152 et
1236 5077 1455 5170 torporibus,
1485 5079 1546 5150 sed
1565 5098 1644 5152 aere
1662 5083 1784 5166 uostm
1804 5085 1839 5152 ot
1857 5077 1922 5150 sin-

489 5353 511 5434 ¹)
536 5373 602 5416 esse
624 5350 686 5416 Ed.
709 5352 799 5437 Lipa.
832 5351 859 5430 ῃ)
883 5353 1024 5432 Gonyaoz
1047 5349 1111 5418 Ed.
1135 5349 1228 5435 Iripa.
1260 5351 1285 5432 ⁸)
1315 5371 1403 5430 quarn
1426 5353 1514 5413 otiam
1537 5349 1600 5415 Ed.
1624 5350 1716 5434 Lipe.
1750 5350 1778 5432 ⁴)
1802 5358 1876 5414 esset
1894 5351 1920 5410 iu

380 5457 541 5521 Lithuauia
562 5459 645 5538 Dux,
668 5463 772 5538 postea
794 5455 858 5520 Ed.
881 5454 974 5562 Lim?
999 5454 1024 5538 ⁵)
1046 5461 1161 5528 ¹tantum
1185 5453 1248 5519 Ed.
1272 5453 1366 5540 Lipr.
