4090 6290
120 529 256 631 (11.0.
277 525 403 626 1476.)
635 548 749 600 urana
774 547 1018 602 nuooacnurs
1045 531 1159 618 (1111).
1598 529 1672 602 639

120 758 197 810 sem
223 741 353 829 potere.
383 735 438 807 Ex
466 754 574 825 eoque
602 737 757 825 temporo
785 733 900 825 coepit
927 732 1671 808 1116111161Ρ6161166Κ66111111661Ι16-

118 878 231 949 gnum
258 857 402 948 pacifice
429 855 466 926 in
493 854 696 946 provinciae
724 855 863 927 modum
890 855 1079 946 possidere.

144 1212 326 1284 kazimirus
348 1211 418 1282 hex
440 1227 511 1282 cum
533 1210 687 1299 gentibus
708 1210 777 1280 suis
799 1209 842 1280 61
864 1209 1102 1300 componendas
1124 1227 1178 1281 res
1199 1210 1234 1281 in
1256 1210 1414 1282 rumim
1440 1211 1489 1282 iro
1511 1215 1656 1300 paratur,

510 1347 531 1401 a
554 1330 750 1402 consiliariis
773 1329 902 1402 11116116
923 1330 1074 1402 Poloniae
1098 1333 1286 1402 remoratur.
1678 1333 1680 1336 ’

229 1581 283 1652 Ex
312 1579 516 1652 Sochacaov
548 1577 750 1652 Karimirus
783 1578 949 1652 Poloniae
981 1580 1059 1652 Rex
1097 1599 1175 1651 cum
1207 1579 1390 1654 Elisabeth
1425 1579 1560 1672 Regina
1580 1581 1606 1669 ¹)
1640 1585 1674 1653 et

120 1700 225 1772 curia
253 1721 316 1771 sna
343 1721 405 1790 por
432 1698 621 1772 Gesthinin
649 1699 685 1770 in
714 1701 903 1790 Bruescnpc
931 1699 1147 1791 Cuyavienso
1174 1701 1349 1795 pervenit,
1378 1700 1511 1774 habens
1541 1700 1673 1792 stipen-

120 1819 318 1892 diariorum
351 1819 506 1892 mercede
538 1820 802 1906 conductorum,
840 1820 908 1891 dno
937 1819 1067 1906 millia,
1098 1825 1260 1912 satagens
1288 1825 1423 1893 mature
1452 1842 1528 1893 cum
1552 1820 1675 1894 robore

121 1940 341 2012 curiensium
356 1939 388 2028 2)
416 1946 450 2012 61
478 1939 784 2032 stipendiariorum
815 1939 852 2012 in
879 1940 1060 2012 Prussiam
1093 1940 1244 2032 ingredi,
1278 1945 1312 2013 ot
1338 1961 1394 2012 res
1422 1941 1587 2014 Prussiae
1613 1962 1677 2032 per

122 2060 322 2134 absentiam
353 2081 451 2132 suam
482 2060 752 2133 indifficultatas
780 2064 815 2133 ot
842 2060 1037 2149 involutas,
1072 2081 1291 2152 componere,
1325 2060 1509 2134 Nicolaum
1538 2082 1675 2154 quoque

122 2181 287 2272 Tunger,
316 2185 517 2272 arroganter
544 2201 581 2254 se
609 2181 646 2253 in
673 2201 770 2272 spem
797 2181 924 2252 auxilii
952 2202 1013 2272 por
1040 2182 1207 2254 Mathiam
1236 2181 1438 2274 Hungariae
1457 2182 1587 2275 Regem
1606 2183 1675 2255 sibi

123 2299 277 2388 ferendi,
306 2307 502 2391 gerentem,
532 2301 632 2373 cuius
661 2322 698 2372 se
726 2301 922 2374 subiectum
950 2305 985 2372 ot
1013 2301 1256 2375 adhaerentem
1283 2323 1345 2394 por
1371 2301 1533 2393 publicas
1552 2303 1698 2375 literas.

123 2420 383 2508 declaraverat,
422 2422 464 2494 de
501 2423 581 2493 sede
619 2421 818 2495 Vermiensi
845 2426 885 2494 et·
907 2421 1032 2494 castris
1061 2423 1136 2494 eius
1168 2423 1328 2495 deiicere.
1362 2422 1429 2496 Sed
1457 2443 1534 2494 cum
1562 2423 1675 2496 oonsi-

122 2540 223 2612 liarii
254 2541 430 2614 extorris
462 2541 765 2631 cracoviensibus,
799 2564 886 2634 quos
917 2544 996 2615 Rex
1028 2544 1216 2630 asciverat,
1246 2543 1461 2616 tardiuscule
1494 2543 1674 2617 venirent:

123 2665 268 2734 coactus
296 2667 350 2735 cst
376 2663 454 2735 Rex
482 2683 560 2734 cnm
588 2662 800 2736 consiliariis
828 2663 970 2736 Maioris
997 2663 1165 2736 Poloniae
1193 2664 1400 2754 tempestive
1423 2664 1467 2735 ad
1493 2665 1596 2736 illum
1616 2643 1674 2738 ve·

122 2781 324 2871 aientibus,
353 2782 389 2854 11
418 2784 607 2875 Brnoscnye
635 2783 826 2857 subsistere
853 2783 1004 2871 diutius,
1033 2785 1117 2856 adeo
1150 2788 1190 2856 ut
1214 2789 1396 2877 argentum
1429 2805 1529 2858 omno
1556 2786 1676 2858 datum

125 2902 385 2993 stipendiariis
415 2909 449 2976 et
477 2909 630 2995 tempus,
660 2904 703 2976 ad
732 2905 823 2996 quod
850 2904 994 2977 mercati
1022 2911 1136 2992 erant,
1165 2905 1331 2978 efflueret.
1359 2905 1511 2978 Mathias
1534 2905 1676 2978 interim

124 3023 208 3095 Rex
225 3021 255 3112 ³)
284 3023 456 3096 scribebat
483 3024 663 3097 Karimiro
682 3024 849 3098 Poloniae
868 3024 973 3117 Regi,
1004 3045 1163 3114 monens,
1192 3030 1233 3097 ut
1260 3026 1435 3098 foederum
1454 3030 1490 3098 61
1509 3025 1674 3098 sufferen-
1765 3014 1772 3026 ”

124 3143 260 3215 tiaram
287 3165 432 3230 memor,
462 3144 658 3216 subiectum
687 3167 788 3216 suum
807 3150 842 3218 et
860 3144 1153 3234 commendatum,
1183 3145 1369 3218 Nicolaum
1388 3147 1549 3238 Tunger,
1579 3145 1675 3238 quie·

125 3269 207 3335 tum
234 3284 310 3336 esse
338 3263 478 3337 sineret.
507 3264 598 3337 Nam
627 3286 704 3338 cum
732 3266 889 3357 potentia
917 3271 952 3338 61
979 3265 1086 3338 armis
1113 3266 1289 3358 nequiret,
1319 3267 1502 3340 conabitur
1521 3288 1558 3340 se
1576 3269 1675 3340 char·

125 3383 179 3456 tis
207 3384 460 3457 subventurum
475 3385 518 3474 4).

587 3740 745 3813 1166111111
768 3742 846 3832 logi
869 3743 937 3814 llio
959 3742 1050 3816 lana
1072 3743 1228 3815 nascitur.

237 3987 420 4060 Elisabeth
448 3987 512 4059 sub
540 3988 630 4061 idem
658 3994 813 4081 tompus,
842 3991 1009 4063 Poloniae
1036 3991 1187 4083 Regina,
1217 4011 1295 4063 cum
1324 3995 1417 4063 esset
1435 4011 1478 4064 ex
1498 3991 1677 4066 Karimiro

128 4110 229 4200 Rege
245 4107 274 4196 5)
304 4108 523 4196 foecundata,
558 4114 592 4182 et
620 4113 757 4201 tempus
790 4110 948 4201 pariendi
980 4110 1179 4202 proximum
1207 4111 1370 4199 sentiret,
1403 4131 1446 4184 ex
1475 4113 1676 4205 Brnescrye,

128 4228 312 4300 Kanimiro
345 4229 439 4319 Rege
471 4228 548 4300 illic
580 4235 795 4316 remanente,
829 4229 866 4301 in
899 4235 1052 4302 castrum
1084 4230 1299 4323 Nyeschona
1331 4231 1525 4321 descendit,
1561 4237 1595 4306 ot
1622 4232 1679 4305 die

129 4348 336 4420 duodecima
368 4348 498 4420 mensis
530 4348 664 4436 Martii,
698 4350 784 4422 hora
815 4371 1053 4441 vesperorum,
1088 4351 1196 4422 filiam
1229 4350 1404 4442 quintam,
1437 4353 1570 4442 prolem
1598 4373 1678 4426 vero

128 4467 350 4541 undecimam
377 4468 582 4559 parturivit:
611 4469 668 4541 cui
696 4472 790 4542 16116
816 4470 1041 4562 baptismatis
1068 4471 1263 4544 renascenti
1286 4472 1390 4542 Anna
1414 4492 1538 4543 nomen
1558 4474 1678 4545 datum

131 4595 189 4662 est
215 4610 277 4680 par
303 4589 527 4662 Vincentium
555 4589 753 4681 Kyelbassa
780 4593 980 4682 episcopum
999 4584 1235 4680 hulmensem,
1265 4591 1302 4664 in
1321 4592 1468 4665 ecclesia
1486 4593 1679 4684 parochiali

131 4709 171 4780 in
199 4708 414 4801 Npeechova
441 4709 653 4800 baptismum
681 4710 757 4784 eius
785 4696 989 4804 exequente.

244 4983 266 5060 1)
290 4986 405 5062 Regina
427 4992 562 5046 consorte
584 4981 647 5046 Ed.
671 4980 762 5067 Lapa.
794 4983 820 5066 ²)
850 4985 1019 5048 Aulicorum
1051 4981 1113 5046 Ed.
1147 4982 1238 5068 Lips.
1270 4983 1296 5065 θ)
1326 4985 1497 5062 Hungariae
1526 4987 1590 5046 Rex
1617 4983 1679 5050 Ed.

132 5087 227 5171 Lc‘pr.
251 5086 277 5160 ⁴)
300 5091 343 5148 illi
366 5091 586 5151 subventurum.
610 5077 674 5150 Ed.
699 5086 791 5172 Lipe.
822 5089 847 5168 ⁵)
871 5091 1012 5150 Poloniae
1035 5090 1116 5165 Rege
1139 5087 1201 5150 Ed.
1226 5087 1318 5171 Lapa.
