4264 6280
177 517 243 618 (Α.
264 519 308 598 D..
330 520 457 620 1448.)
692 546 804 599 nunna
831 549 1075 602 nuonacnrus
1104 533 1217 620 (xrrr).
1680 535 1724 606 57

177 727 415 818 declarabant,
445 750 515 802 non
542 731 611 802 luit
638 731 730 804 facta
758 731 834 804 sine
862 733 1035 826 singulari
1063 735 1348 818 subordinatione
1376 759 1511 826 eorum,
1529 736 1602 830 'qui
1629 759 1727 830 pruo-
1846 743 1848 750 ’

177 846 305 920 dictam
333 854 461 928 terram
481 851 507 939 ¹)
536 851 605 922 sibi
632 850 835 924 nitebantur
862 875 1046 946 usurpare:
1077 857 1241 948 qnoniam
1269 862 1303 928 et
1330 857 1393 930 ille
1411 858 1558 933 nuntius
1582 859 1728 938 Tharba-

176 988 292 1040 rorum
320 969 467 1058 Kalina,
496 971 558 1062 qui
586 971 630 1042 ad
657 971 787 1064 Regem
804 970 834 1061 ¹)
862 974 900 1046 in
927 975 1161 1068 Kamienpeca
1196 984 1338 1050 venerat
1354 976 1397 1066 ¹),
1432 978 1536 1052 etiam
1564 979 1601 1051 in
1630 999 1728 1052 exer·

177 1087 250 1159 citu
287 1089 535 1164 Thartarorum
568 1093 697 1180 tune¹)
731 1091 830 1164 visus
863 1099 933 1183 est,
969 1101 1003 1170 et
1030 1097 1105 1188 ipse
1139 1097 1314 1172 exercitus
1347 1098 1612 1188 Thartarom
1648 1100 1730 1186 dum

177 1207 323 1296 rediret,
361 1210 452 1283 eirca
484 1212 663 1284 Braeulav
693 1232 757 1303 per
788 1212 970 1296 Iurscham
988 1216 1019 1306 5)
1053 1218 1120 1290 brit
1153 1223 1337 1308 exceptus,
1371 1224 1579 1310 procuratus
1607 1224 1641 1292 et
1668 1219 1729 1305 lno-

177 1335 336 1403 noratns.

180 1683 376 1756 vladislaus
399 1685 570 1774 episcopus
592 1685 887 1772 wratislaviensis,
911 1687 1049 1758 veriatis
1073 1686 1261 1775 eligentium
1283 1686 1387 1772 votis,
1401 1687 1436 1758 in
1453 1686 1728 1776 archiepiscopum

532 1805 753 1877 oneenensen
775 1823 795 1876 a
817 1806 929 1877 maiori
952 1809 1046 1895 parte
1069 1805 1208 1896 capituti
1232 1805 1374 1896 eligitur.

280 2051 347 2125 Die
374 2051 576 2141 Dominico,
604 2052 641 2124 in
669 2052 796 2146 vigilia
828 2053 1034 2126 Sanctorum
1068 2052 1222 2126 Simonis
1249 2057 1284 2125 et
1312 2051 1421 2138 Iudae
1438 2052 1481 2142 ¹),
1510 2053 1666 2138 Praelati
1680 2059 1729 2126 -et

178 2171 344 2244 canonici
372 2172 539 2245 ecclesiae
567 2173 856 2265 metropolitanae
876 2173 1107 2262 GnesnensiS,
1136 2193 1198 2264 pro
1218 2173 1380 2264 Oapitnlo
1399 2173 1556 2266 generali
1574 2174 1618 2246 ad
1637 2173 1728 2246 diem

177 2291 381 2368 huiusmodi
407 2292 590 2382 instituto,
625 2294 847 2368 conveniunt.
886 2293 942 2366 Ad
970 2314 1056 2385 quos
1085 2292 1286 2370 Kazimirus
1315 2293 1439 2382 Rex⁷)
1468 2315 1512 2368 ex
1540 2294 1731 2368 Lithuania

179 2412 352 2486 Miklasch
378 2413 555 2493 notarium
575 2419 610 2487 ot
628 2414 837 2488 Kruoslanm
852 2413 884 2502 11)
913 2413 1108 2506 Woyschik
1130 2413 1402 2503 cubicularium,
1428 2415 1655 2502 transmittit,
1674 2435 1729 2488 ro·

177 2553 263 2624 gans
290 2532 373 2606 illos
403 2538 437 2604 et
454 2533 653 2625 requirens,
674 2539 714 2606 ut
734 2535 970 2608 Wladislaum
989 2534 1191 2626 episcopum
1211 2533 1543 2608 wladislaviensem
1562 2535 1600 2606 in
1619 2535 1728 2608 (tnes-

176 2674 320 2726 neneem
347 2653 649 2746 archiepiscopum
676 2657 873 2747 postulent:
904 2655 1116 2728 certificatus
1145 2653 1238 2727 enim
1257 2654 1335 2727 Rex
1355 2654 1471 2728 literis
1490 2653 1646 2747 Reginae
1666 2655 1728 2738 So·

176 2773 279 2864 phiae
295 2773 327 2863 1)
356 2779 391 2846 et
418 2773 602 2864 baronum,
641 2775 733 2867 quod
766 2775 939 2868 Sbignous
972 2774 1167 2848 cardinalis
1200 2779 1235 2846 eb
1268 2775 1452 2866 opiscopus
1489 2774 1729 2854 cracoviensis

177 2894 381 2966 nullatenus
418 2898 556 2986 poterat
592 2895 636 2967 ad
668 2895 930 2988 suscipiendum
966 2896 1120 2988 regimen
1157 2895 1324 2968 ecelesiae
1359 2895 1559 2986 praedictae
1595 2895 1726 2978 induci,

180 3013 414 3086 Wladislaum
442 3014 775 3088 Wladislaviensem
803 3016 1004 3108 episcopum
1031 3015 1203 3088 iudicavit
1228 3015 1436 3107 digniorem,
1466 3015 1501 3086 in
1522 3016 1638 3088 eedem
1658 3036 1728 3087 me-

177 3134 425 3227 tropolitanam
453 3136 646 3210 succedere.
676 3136 817 3209 Placuit
845 3140 962 3208 autem
989 3136 1163 3210 Praelatis
1192 3140 1226 3208 et
1255 3135 1437 3208 Canoniois
1466 3134 1729 3209 onesnensinus

177 3277 240 3346 pro
268 3255 439 3329 electione
477 3256 589 3328 futuri
626 3256 800 3330 antistitis
832 3257 1015 3348 perviam
1047 3256 1210 3328 scrutinii
1242 3256 1443 3348 procedere,
1483 3255 1728 3330 existimantes

177 3377 277 3448 illam
306 3397 383 3450 esse
411 3377 650 3451 efficaciorem.
685 3377 814 3450 Verum
849 3377 940 3450 votis
973 3377 1192 3470 singulorum
1226 3376 1410 3464 scrutatis,
1445 3397 1570 3469 magna
1602 3375 1729 3448 divisio

176 3497 269 3570 inter
296 3497 466 3590 eligentes
495 3497 639 3570 suborta
667 3504 737 3586 est,
767 3503 802 3572 et
829 3520 920 3570 unus
950 3498 1017 3570 luit
1044 3499 1263 3589 postulatus,
1300 3502 1370 3570 tres
1398 3518 1479 3570 vero
1508 3497 1623 3570 electi.
1657 3495 1728 3571 No-

176 3639 254 3690 vem
290 3618 383 3690 enim
418 3618 575 3691 Praelati
603 3624 638 3690 et
665 3618 845 3705 Canonici,
883 3618 1188 3692 condescendendo
1226 3617 1319 3690 votis
1348 3622 1383 3690 et
1409 3617 1571 3710 precibus
1608 3617 1727 3708 regiis,

177 3736 413 3810 Wladislanm
442 3739 643 3830 episcopum
668 3738 1000 3812 wladislaviensem
1020 3739 1218 3830 postulant,
1248 3737 1311 3810 alii
1330 3741 1406 3810 octo
1426 3738 1618 3810 Iohannem
1638 3737 1727 3810 Gru-

177 3857 331 3930 scuinslri
359 3858 545 3930 Custodem
574 3858 852 3946 cracoviensem,
882 3859 949 3930 duo
978 3857 1165 3930 Niklinum
1193 3857 1352 3930 Chebdae
1371 3857 1616 3950 Praepositum
1634 3857 1727 3928 Kro-

178 3976 430 4066 szvieieneem,
458 3999 550 4052 unus
578 3977 785 4070 Magistrum
814 3977 1322 4069 ThomamStrsampinski10)
1351 3977 1560 4070 Theologiae
1580 3981 1614 4050 et
1633 3976 1728 4050 Iuris

177 4097 341 4171 Canoniei
368 4099 567 4186 Doctorum,
597 4098 807 4172 canonicum
837 4097 1074 4172 Gnesnonsem
1093 4104 1128 4171 at
1148 4097 1426 4186 cracoviensem,
1457 4097 1647 4190 eligebant.
1686 4097 1729 4168 ln

176 4218 330 4290 erastino
350 4218 395 4307 ¹¹)
424 4223 540 4292 tamen
569 4218 751 4292 electionis
779 4218 997 4306 huiusmodi,
1026 4219 1201 4290 Iohannes
1230 4218 1473 4307 Grusoninski,
1503 4218 1657 4304 veritus,
1686 4238 1729 4288 ne

176 4338 308 4430 Regem
327 4337 390 4428 ¹²),
428 4338 529 4412 ouius
567 4343 642 4412 erat
672 4339 832 4411 notarius
864 4343 899 4412 et
925 4360 987 4430 per
1019 4360 1121 4430 quem
1149 4339 1218 4410 fuit
1245 4338 1289 4410 ad
1317 4339 1498 4412 eeclesiam
1534 4336 1727 4410 Wladisla·

176 4459 349 4548 vieneem,
378 4458 674 4541 Wladisleviense
702 4458 740 4530 in
767 4439 1006 4532 Gnosnensem
1032 4464 1206 4550 promoto,
1235 4457 1436 4530 nominatus
1456 4462 1491 4530 et
1510 4457 1727 4548 designatus,

175 4578 346 4668 offendat,
375 4578 468 4650 cedit
496 4578 678 4666 electionis
698 4577 742 4668 11)
771 4579 858 4668 iuri,
887 4583 921 4651 et
949 4583 1031 4651 vota
1064 4600 1127 4651 sua
1160 4579 1197 4652 in
1229 4577 1563 4652 wladislaviensem
1597 4575 1728 4670 episeo-

282 4815 304 4896 ¹)
328 4823 437 4879 terram
459 4819 601 4879 Podoliae
623 4814 686 4878 Ed.
718 4813 812 4900 Lips.
837 4815 864 4896 1)
888 4818 1069 4878 Gasimirum
1091 4819 1232 4878 Poloniae
1257 4819 1368 4894 Regem
1390 4813 1453 4878 Ed.
1476 4814 1570 4899 Lipe.
1595 4813 1620 4896 1)
1643 4818 1731 4894 paulo

173 4927 245 4983 ante
267 4925 391 4982 venerat
412 4918 475 4984 Ed.
499 4919 590 5004 Lc'po,
624 4919 652 5001 1)
674 4926 744 4982 tunc
766 4922 908 4998 temporis
940 4911 1004 4983 Ed.
1036 4917 1130 5003 Lupe.
1163 4919 1188 5000 ⁵)
1219 4921 1382 4981 Iwoscham
1414 4914 1489 4981 Ood.
1520 4916 1629 4982 Pvzca.
1655 4921 1731 4980 Tur·

173 5025 277 5086 seham
302 5019 378 5086 Coo.
403 5021 470 5086 Lis.
495 5023 521 5104 1)
545 5025 575 5085 S.
599 5025 628 5085 S.
652 5024 779 5085 Simonis
803 5029 833 5085 et
852 5024 944 5084 Iudae
970 5025 1184 5100 Apostolorum
1199 5020 1261 5084 Ed.
1282 5019 1371 5104 Lips.
1393 5019 1418 5100 1)
1434 5023 1576 5098 Poloniae
1590 5023 1654 5084 Rex
1669 5019 1732 5084 Ed.

173 5125 269 5210 Lipe.
296 5125 321 5206 ⁸)
347 5128 500 5190 Creslaum
530 5125 592 5190 Ed.
624 5125 718 5210 Lipe.
750 5125 776 5206 1)
800 5130 933 5204 parentis
963 5146 1035 5188 suae
1066 5127 1196 5204 Zophiae
1227 5127 1368 5188 Poloniae
1393 5125 1527 5202 Reginae
1550 5122 1613 5185 Ed.
1637 5121 1730 5208 Lipe.

179 5229 216 5310 ¹⁰)
241 5231 412 5308 Strupinslri
433 5228 497 5292 Ed.
521 5227 611 5314 Lipo.
641 5229 677 5309 ¹¹)
701 5233 736 5290 In
760 5233 920 5292 crastiuum
945 5225 1020 5292 eod.
1043 5227 1153 5292 Prsez.
1190 5225 1229 5313 11)
1253 5231 1365 5306 Regem
1388 5229 1529 5304 Poloniae
1556 5227 1729 5306 Qesiminupp

172 5331 238 5402 Ed.
263 5331 355 5416 Lips.
383 5331 421 5414 ¹³)
447 5353 517 5395 snae
541 5335 693 5396 electionis
715 5330 779 5395 Ed.
804 5331 894 5430 Lipa.

200 5607 222 5648 J.
244 5606 342 5654 Dlugcn.
356 5605 442 5646 Hister.
456 5607 535 5647 Polou.
549 5605 575 5647 ¹1¹,
590 5606 617 5646 V.
1520 5586 1537 5637 8
