4126 6280
110 532 170 632 (Α.
188 530 232 604 D.
253 529 379 629 1454.)
613 556 725 608 creua
752 556 996 608 uuousormus
1025 536 1138 628 (xrrr).
1575 535 1648 607 189

109 763 222 815 norum
255 763 397 813 suorum
430 741 641 815 clamoribus
675 741 949 834 indignationem
991 741 1147 814 divinam
1179 764 1248 813 non
1282 741 1510 832 destiterunt,
1545 763 1648 834 quam

108 871 184 936 tunc
211 863 361 935 maxime
388 863 579 955 propitiare
607 863 816 952 debuerant,
844 885 1043 956 provocare.
1072 863 1183 955 *Ouid
1211 863 1302 936 enim
1330 863 1438 936 distet
1467 865 1509 936 ab
1536 862 1647 934 hosti-

107 986 181 1072 bus,
210 1005 316 1074 quum
344 983 435 1075 ipse,
465 1005 552 1076 quos
571 984 664 1057 tueri
684 985 867 1074 debuerat,
896 984 1075 1057 hostiliter
1102 983 1246 1076 premit:
1276 984 1364 1073 nisi,
1394 985 1486 1075 quod
1504 983 1649 1077 gravius

107 1109 169 1192 est,
196 1104 352 1195 propria,
373 1126 475 1196 quam
496 1104 611 1176 aliena
630 1105 817 1193 incessere,
846 1109 881 1176 et
901 1105 1029 1192 socios,
1059 1126 1163 1196 quam
1182 1103 1398 1177 aduersarios
1417 1105 1647 1196 despoliare*.

105 1227 223 1318 ltaque
259 1246 303 1298 ox
339 1225 547 1298 infelicitate
580 1227 728 1316 quadam
756 1247 904 1317 superne
930 1225 1116 1317 permissa,
1147 1226 1276 1318 magis,
1305 1247 1408 1318 quam
1436 1226 1647 1297 Polonorum

104 1345 255 1439 ignaria,
289 1347 421 1418 cladem
455 1345 745 1438 Ohoynicnensem
778 1347 996 1438 provenisse,
1031 1346 1137 1418 etiam
1156 1347 1275 1418 hostes
1295 1348 1496 1420 fatebantur
1516 1347 1561 1437 ¹):
1590 1350 1646 1417 ut-

103 1472 194 1558 pote,
224 1467 285 1559 qui
313 1467 439 1539 deletis
467 1467 622 1538 hostium
651 1472 722 1538 tam
750 1467 877 1559 oopiiS,
906 1489 1009 1558 quam
1038 1467 1202 1555 ducibus,
1231 1468 1379 1540 tenendo
1407 1467 1591 1540 victoriam
1610 1466 1647 1538 in

103 1588 275 1676 manibus,
315 1588 419 1660 victis
455 1588 555 1660 illum
592 1588 825 1662 tradiderunt.
863 1590 989 1681 Magna
1023 1588 1224 1661 iucunditas
1257 1589 1349 1680 apud
1376 1589 1585 1682 Magistrum
1613 1591 1648 1661 et

103 1708 399 1781 commendatores
427 1709 463 1780 in
491 1709 715 1802 llarienburg
734 1709 910 1797 obsessos,
939 1713 1125 1802 postquam
1145 1708 1219 1780 illis
1239 1709 1407 1782 victoriae
1426 1709 1518 1800 apud
1537 1709 1646 1801 Ohop-

102 1831 229 1902 uicaam
259 1835 380 1922 partae
407 1831 553 1902 nuntius
582 1831 713 1902 allatus
742 1835 832 1918 erat,
862 1836 983 1904 exorta
1010 1836 1079 1919 est,
1113 1852 1216 1922 quam
1244 1831 1351 1922 pulsu
1385 1829 1526 1902 assiduo
1555 1851 1645 1902 eam-

99 1972 264 2044 penarum
292 1952 524 2024 testabantur.
553 1951 587 2023 N
590 1973 634 2022 on
653 1951 807 2023 omnium
827 1955 943 2023 tamen
963 1951 1217 2024 cruciferorum
1236 1955 1376 2042 pectora
1396 1949 1562 2023 victoriae
1581 1951 1645 2022 hu·

100 2071 246 2144 iusmodi
275 2076 310 2143 et
336 2071 507 2145 novitatis
540 2072 759 2144 demulcebat
791 2073 953 2144 dulcedo:
989 2073 1084 2144 fuere
1121 2071 1229 2160 eninr,
1264 2071 1325 2162 qui
1363 2093 1399 2144 se
1427 2071 1645 2162 postillam,
1748 2063 1751 2068 ’

98 2215 164 2265 nou
190 2215 361 2285 pugnam,
391 2193 451 2265 sed
480 2215 696 2282 aerumnam,
726 2193 839 2266 maius
858 2192 1096 2286 naufragium,
1126 2193 1307 2284 maiusque
1326 2193 1521 2284 periculum
1540 2175 1649 2284 quae·¹

98 2313 223 2386 sivisse
251 2317 496 2405 quererentur;
525 2315 787 2405 propterquod
816 2315 972 2387 etmulti
1001 2314 1069 2386 sibi
1097 2336 1159 2405 por
1186 2313 1434 2386 discessionem
1463 2319 1498 2386 et
1516 2335 1645 2386 renun-

97 2433 278 2506 tiationem
307 2433 450 2505 Ordinis
479 2434 721 2506 consulebant.
755 2435 879 2526 Neque
907 2435 944 2506 in
977 2456 1041 2507 sua
1077 2434 1290 2506 ominatione
1327 2435 1409 2506 falsi
1438 2435 1521 2507 facti
1550 2439 1645 2507 sunt.

96 2554 189 2626 Adeo
219 2554 311 2626 enim
330 2554 526 2626 Divinitate
546 2555 614 2627 sibi
629 2543 862 2647 propitiante,
892 2555 1093 2628 Kaaimirus
1122 2555 1288 2627 Poloniae
1308 2556 1385 2627 Rex
1405 2576 1523 2648 casum
1544 2577 1646 2627 suum

96 2675 190 2746 ultus
220 2679 274 2746 est
301 2675 555 2766 posterioribus
575 2676 737 2767 praeliis,
758 2677 842 2748 adeo
863 2676 1057 2749 Cruciferos
1077 2676 1224 2764 afflixit,
1244 2681 1284 2748 ut
1303 2698 1407 2748 unam
1427 2676 1526 2748 illam
1546 2698 1646 2748 suam

94 2795 277 2868 uictoriam
310 2795 412 2868 iuxta
444 2801 549 2888 atque
581 2797 719 2869 ruinam
752 2799 989 2890 deplorarent,
1023 2797 1276 2889 victoriamque
1306 2818 1404 2868 suam
1432 2797 1474 2869 de
1501 2796 1645 2869 Polonis

92 2916 256 3002 relatam,
285 2937 354 2988 non
382 2918 485 2988 finem
512 2917 615 3005 belli,
646 2919 706 2990 sed
734 2939 874 2990 causam
903 2918 1094 2991 maioribus
1121 2917 1244 3005 bellis,
1279 2921 1313 2989 et
1341 2916 1557 2990 occasionem
1585 2917 1644 2989 de·

92 3037 186 3109 leudi
214 3037 356 3109 Ordinis
385 3038 456 3109 fore
484 3043 656 3126 exortam,
687 3044 721 3111 et
749 3039 812 3110 illo
840 3039 973 3130 praelio
1002 3039 1197 3131 quaesitam
1225 3038 1347 3110 fuisse.
1376 3039 1571 3111 Marsalcus
1590 3039 1643 3110 in-

93 3177 196 3248 super
225 3157 456 3230 Orucifericus
484 3159 676 3246 Iohannes,
714 3160 768 3232 vir
795 3161 888 3232 inter
916 3160 1110 3232 Oruciferos
1138 3160 1291 3251 prudens
1320 3164 1354 3232 et
1382 3159 1643 3252 sagacissimae,

91 3278 230 3352 tristem
259 3279 414 3366 vultum,
448 3278 568 3350 audita
600 3300 742 3352 suorum
770 3279 935 3368 victoria,
969 3285 1003 3351 et
1031 3279 1224 3352 tristiorem
1252 3301 1356 3372 quam
1384 3285 1483 3368 ante,
1513 3280 1641 3372 gessit:

92 3397 213 3470 Vereri
243 3419 279 3470 se
307 3398 487 3490 inquiens,
517 3420 560 3471 ne
588 3399 650 3472 ille
679 3399 879 3492 triumphus
913 3400 1057 3491 perinde
1091 3421 1130 3473 ao
1157 3423 1269 3472 renus
1298 3401 1439 3489 euadat,
1473 3401 1555 3492 plus
1584 3400 1642 3473 de-

92 3519 250 3592 trimenti
278 3519 487 3607 uictoribus,
516 3541 620 3611 quam
648 3521 753 3593 victis
781 3522 972 3608 allaturus,
1001 3521 1167 3612 pauidum
1187 3543 1224 3595 se
1243 3526 1420 3604 astruens,
1450 3525 1555 3612 atque
1575 3527 1643 3594 tre·

90 3642 243 3727 mulum,
278 3640 512 3733 ignorantem,
546 3641 583 3712 in
612 3663 713 3733 quem
746 3644 848 3715 finem
880 3643 1011 3715 relatae
1041 3663 1101 3733 per
1129 3642 1322 3715 Oruciferos
1356 3641 1524 3714 victoriae
1552 3641 1642 3713 invi·

90 3760 183 3832 diam
213 3762 356 3832 fortuna
383 3765 581 3850 convertat,
617 3767 651 3835 et
678 3767 759 3854 post
785 3763 1031 3855 prosperitatis
1064 3785 1208 3852 munus,
1241 3762 1449 3835 mutationis
1478 3762 1643 3835 adversae

89 3883 255 3954 ostendat
282 3882 467 3954 refluxum.

165 4237 337 4308 boleslaus
359 4237 521 4308 desento
544 4237 614 4308 unx
637 4238 785 4324 moritur,
810 4240 949 4326 quatuor
971 4237 1049 4309 liliis
1074 4240 1108 4309 ot
1132 4238 1258 4308 duatus
1278 4238 1407 4309 filiabus
1429 4239 1563 4310 relictis.

193 4486 277 4556 Dux
305 4485 490 4557 Boleslaus
518 4485 694 4557 Maeoniae
714 4484 847 4557 decima
866 4485 922 4558 die
942 4485 1158 4577 Septembris
1173 4484 1216 4575 ²),
1245 4486 1399 4558 incuria
1419 4508 1482 4558 sua
1501 4491 1535 4560 et
1554 4487 1642 4559 villu

87 4605 313 4698 Oppinagora
346 4606 510 4699 religiose
539 4610 573 4678 et
601 4605 724 4678 deuote
757 4610 917 4678 mortuus
950 4610 985 4678 et
1012 4606 1049 4678 in
1081 4606 1368 4680 Warsclroviensi
1402 4607 1596 4700 collegiata
1611 4605 1642 4698 3)

87 4728 410 4818 sepultus,'morte
438 4748 501 4799 sua
528 4727 660 4799 cladem
688 4725 890 4798 huiusmodi
918 4731 1099 4799 uenturam
1127 4727 1367 4818 portendebat.
1396 4727 1516 4800 Flevit
1539 4727 1641 4800 illum

86 4847 166 4920 Rex
183 4848 218 4936 ⁴)
248 4850 282 4919 et
308 4846 484 4919 Primores
518 4847 616 4920 luctu
649 4867 789 4939 magne,
824 4847 989 4938 quoniam
1022 4847 1115 4920 inter
1133 4847 1317 4939 Principes
1345 4847 1447 4921 Orbis
1474 4849 1640 4939 prudens,

85 4967 307 5054 industrius,
346 4968 524 5040 modestus
552 4988 592 5040 ac
618 4967 807 5060 religiosus
839 4971 875 5040 et
902 4968 1049 5040 deuotus
1086 4968 1304 5040 censebatur.
1345 4968 1500 5060 Quatuor
1536 4968 1641 5058 filios,
1690 5039 1693 5046 .

84 5087 258 5160 uidelicet
291 5086 501 5176 Oonradnm,
535 5088 771 5176 Karimirum,
807 5089 1010 5160 Boloeluum
1039 5092 1074 5160 et
1101 5088 1321 5178 Ianussium,
1355 5093 1390 5161 et
1417 5089 1504 5161 duas
1536 5088 1641 5178 filias,

197 5363 223 5444 ¹)
249 5361 482 5440 Ohoyniceneem
505 5363 619 5424 cladem
649 5367 766 5424 constat
787 5363 961 5440 provenisse
986 5357 1061 5424 Coa.
1086 5360 1154 5426 Lis.
1191 5361 1217 5432 ⁹)
1240 5363 1352 5423 Mensis
1375 5363 1556 5441 Septembris
1579 5363 1643 5428 Ed.

84 5466 178 5552 Lipc.
205 5465 234 5548 ³)
258 5468 421 5544 Collegiata
442 5467 579 5528 Ecclesia
600 5457 663 5529 Ed.
688 5464 778 5550 Lipe.
803 5463 829 5547 ⁴)
854 5466 1015 5528 casimirus
1037 5468 1178 5528 Polouiae
1199 5468 1263 5528 Rex
1286 5463 1350 5528 Ed.
1372 5465 1464 5551 Lips.
