4090 6290
359 515 432 590 680
864 538 977 591 mnan
1003 539 1247 593 nnonncrnus
1275 524 1390 614 (1111).
1568 573 1573 580 -
1625 521 1693 623 (Α.
1714 522 1760 596 D.
1781 519 1908 618 1418.)

357 726 584 814 utrorumque
602 721 860 814 reconciliatio,
880 726 915 797 et
933 723 1064 815 iustus,
1085 727 1143 799 vel
1162 727 1286 800 saltonr
1305 749 1437 821 aequus
1455 727 1536 802 finis
1555 728 1775 804 differentiae
1792 749 1909 802 rerum

355 842 572 935 imponatur;
600 863 696 917 arcos
716 847 751 916 et
769 844 846 917 loca
868 843 905 916 in
925 844 1129 936 episcopatu
1153 845 1368 937 Varmiensi,
1398 848 1505 921 armis
1533 849 1710 940 quaesita,
1741 847 1909 921 Poloniae

355 963 449 1052 Rem,
478 961 569 1036 inira
596 961 772 1052 inducias,
802 984 881 1036 cum
909 963 984 1036 suis
1010 964 1236 1057 pertinentiis
1264 971 1397 1054 toneat3
1426 971 1545 1040 coacta
1573 969 1617 1040 ad
1642 968 1845 1061 homagium
1871 967 1908 1039 in

354 1083 554 1157 libertatem
586 1084 718 1172 solvat3
754 1084 920 1177 gentibus
952 1085 1027 1158 suis
1060 1085 1298 1177 episcopatum
1330 1086 1586 1177 Varmiensem,
1619 1088 1755 1162 relictis
1790 1093 1907 1159 tamen

356 1223 445 1296 quae
477 1224 539 1296 pro
568 1202 717 1278 tuitione
754 1208 947 1278 castrorum
980 1205 1023 1278 ab
1052 1225 1090 1278 eo
1119 1206 1375 1298 quaesitorum,
1409 1208 1601 1296 sufficiant,
1632 1212 1803 1281 exarmet.
1836 1208 1908 1279 dlo-

355 1325 466 1398 lestae
492 1327 591 1398 erant
617 1325 682 1398 hae
710 1323 991 1398 sufferentiarum
1011 1325 1038 1414 ¹)
1070 1325 1287 1399 conditiones
1315 1332 1350 1400 et
1377 1326 1467 1420 Regi
1494 1326 1708 1416 Poloniae2)
1749 1333 1785 1400 et
1813 1327 1907 1398 suis:

356 1443 473 1517 minus
504 1449 620 1517 tannen
651 1444 757 1536 Regi,
796 1467 899 1536 qnam
938 1445 1164 1534 consiliariis,
1202 1447 1459 1538 carpebantque
1496 1447 1714 1520 sermonibus
1749 1447 1908 1534 nuntios,

357 1564 449 1657 quod
476 1563 513 1636 in
540 1564 622 1637 illas
650 1569 897 1639 consenserant
925 1565 1159 1654 conditiones,
1188 1586 1311 1657 parum
1338 1567 1577 1656 attendentes,
1607 1567 1698 1660 quod
1716 1568 1853 1640 bellum
1873 1566 1910 1637 in

356 1684 503 1758 Prussia
529 1684 572 1757 ob
600 1684 726 1758 aerarii
753 1685 843 1778 rogii
866 1685 1039 1758 delectum
1058 1684 1210 1778 amplius
1228 1685 1338 1774 trahi,
1367 1685 1542 1760 militibus
1562 1687 1757 1760 discessum
1778 1685 1908 1759 facien·

348 1805 469 1895 tibus,
501 1827 571 1878 non
601 1810 756 1898 poterat,
793 1827 857 1880 nec
889 1805 992 1880 facile
1023 1826 1120 1878 arces
1153 1811 1188 1879 et
1220 1805 1383 1879 civitates
1421 1807 1642 1899 episcopatus
1674 1805 1910 1894 Vermiensis,

357 1930 431 1999 arte
459 1928 494 1999 et
520 1929 646 1998 natura
672 1925 844 2014 munitae,
879 1926 1049 2019 conquiri.
1083 1925 1243 1998 Peritum
1271 1930 1325 1999 est
1352 1925 1389 1998 in
1417 1927 1578 2001 omnibus
1610 1929 1683 2001 fere
1710 1926 1910 2000 conclusio·

356 2045 482 2136 nibus,
509 2067 572 2138 per
598 2045 741 2119 nuntios
769 2047 936 2120 Poloniae
963 2046 1070 2139 Regis
1088 2043 1118 2136 3)
1147 2067 1226 2120 cum
1253 2047 1386 2120 Mathia
1405 2048 1608 2139 Hungariae
1627 2049 1724 2141 Rege
1744 2048 1849 2137 ictis,
1877 2053 1912 2119 ot

351 2166 525 2259 -hlngister
551 2166 716 2240 Prussiae
743 2171 780 2240 et
806 2165 896 2240 Ordo
928 2188 999 2238 non
1025 2167 1261 2259 impetebatur
1287 2167 1395 2240 bello:
1424 2167 1640 2241 Varmiensis
1668 2173 1791 2242 tamen
1817 2167 1910 2260 epis-

357 2291 503 2381 copatus
530 2291 566 2361 et
591 2287 684 2360 bello
713 2287 936 2380 quatiebatur
963 2292 998 2361 et
1026 2287 1147 2376 armis,
1177 2291 1213 2362 et
1239 2286 1375 2380 aliquot
1402 2309 1499 2361 arces
1518 2293 1553 2361 ot
1571 2289 1648 2361 loca
1675 2289 1743 2362 snb
1762 2290 1911 2381 langen

357 2407 567 2501 conquisita.
596 2406 763 2500 Magister
789 2407 955 2481 Prussiae
982 2407 1155 2481 Martinus
1180 2412 1216 2480 et
1238 2407 1407 2482 Nicolaus
1435 2409 1595 2502 Tungen,
1624 2409 1760 2482 bellum
1792 2409 1911 2481 formi-

357 2527 511 2602 dabilius
538 2525 645 2600 veriti
672 2527 758 2618 (iam
785 2528 878 2601 eninr
905 2527 1023 2620 copias
1042 2527 1151 2620 Regis
1169 2528 1373 2621 Hungariae
1387 2527 1431 2622 ⁴),
1460 2550 1547 2621 quas
1574 2530 1720 2622 Zyeloni
1749 2529 1912 2618 ducebat,

357 2648 445 2742 ipsis
474 2647 601 2722 solatia
617 2647 647 2738 ὅ)
675 2648 826 2738 laturos,
855 2669 875 2721 a
903 2649 1058 2722 Iohanne
1086 2647 1286 2721 Marchione
1313 2649 1619 2742 Brandeburgensi
1646 2670 1761 2742 usque
1789 2650 1836 2722 ad
1860 2649 1912 2722 in·

357 2769 585 2844 berniciorum
611 2767 667 2841 bis
686 2768 856 2842 contritas
875 2771 1084 2859 senserant),
1114 2772 1264 2843 tractare
1287 2769 1329 2841 de
1347 2768 1444 2861 pacis
1464 2770 1744 2858 conditionibus,
1773 2775 1839 2842 aut
1856 2790 1912 2842 10-

355 2889 439 2984 quis
472 2893 534 2963 aut
560 2887 821 2979 tolerabilibus,
855 2909 934 2962 cum
967 2888 1118 2982 Sbigneo
1150 2888 1312 2981 episcopo
1344 2889 1651 2978 Wladislaviensi,
1686 2891 1802 2962 Paulo
1837 2889 1912 2963 Ias·

355 3009 502 3102 spenski
520 3008 634 3103 Regni
652 3009 819 3084 Poloniae
842 3009 1155 3100 vioethesanrario,
1184 3015 1218 3083 et
1237 3010 1341 3083 Petro
1366 3010 1485 3083 Dunin
1504 3012 1696 3084 castellano
1716 3009 1914 3084 Siradiensi

359 3135 395 3204 et
413 3130 593 3222 capitaneo
612 3129 930 3222 blarienburgensi,
958 3129 1150 3203 Praefectis
1177 3129 1302 3222 Regis,
1328 3135 1524 3222 coeperant.
1553 3131 1673 3223 hquo
1694 3131 1811 3202 officio
1831 3131 1914 3202 illos

360 3251 482 3324 loedus
515 3271 593 3324 cum
629 3249 763 3322 blathia
794 3250 997 3342 Hungariae
1029 3251 1125 3343 Rege
1157 3271 1219 3343 per
1244 3251 1388 3324 nuntios
1420 3251 1529 3342 Regis
1557 3250 1773 3340 Ρο1001106)
1802 3251 1914 3324 ictum

359 3371 505 3445 avertit:
535 3371 682 3461 veritos,
715 3392 759 3445 ne
785 3370 988 3464 Hungariae
1014 3371 1124 3464 Regis
1152 3374 1273 3444 contra
1301 3392 1338 3444 se
1365 3371 1590 3445 accenderent
1617 3370 1912 3463 indignationem.

657 3724 847 3798 vincentina
869 3724 1051 3816 xpeltorsr
1074 3725 1245 3816 episcopua
1267 3725 1445 3797 cunensis
1466 3725 1614 3798 noritur.

463 3972 529 4050 Die
547 3972 644 4047 Iovis
663 3973 866 4048 duodecima
884 3972 1092 4048 Novembris
1108 3973 1152 4063 ⁷),
1176 3971 1385 4047 Vincentius
1403 3971 1604 4064 erlbassa
1622 3970 1812 4063 episcopus
1832 3970 1913 4044 Oul-

357 4093 492 4170 menois
519 4098 555 4168 et
582 4093 749 4168 ecclesiae
776 4093 1058 4168 Pomosaniensis
1086 4093 1175 4166 alias
1206 4091 1451 4184 Quidninensis
1475 4095 1665 4184 perpetuus
1684 4091 1912 4164 administra·

358 4222 431 4306 tor,
460 4235 539 4289 cum
566 4214 668 4288 annis
690 4214 828 4306 decom,
857 4214 1037 4288 mensibus
1065 4218 1214 4308 septem,
1244 4213 1366 4287 diebus
1395 4219 1560 4307 quatuor,
1594 4213 1632 4285 in
1660 4212 1741 4286 sede
1769 4213 1912 4304 pontili-

361 4336 431 4410 cali
461 4333 640 4409 dulmensi
673 4335 838 4425 sedisset,
872 4339 907 4408 et
937 4334 1090 4427 plurima
1121 4333 1220 4406 illius
1253 4337 1289 4406 et
1320 4332 1536 4406 Vermiensis
1568 4333 1738 4407 ccclesiae
1777 4333 1914 4406 nobilia

361 4455 536 4546 clenodia,
564 4454 714 4531 uiuendo
741 4454 881 4530 liberali
899 4458 935 4529 et
952 4454 1135 4548 magnifico
1163 4458 1322 4545 sumptu,
1350 4452 1593 4542 distraxisset,
1622 4453 1716 4544 apud
1744 4453 1911 4541 Lobana,

360 4581 514 4652 castrum
541 4575 723 4665 ecclesiae,
752 4575 871 4649 morbo
897 4575 1090 4668 paralytico
1118 4574 1324 4673 absumptus
1352 4572 1500 4646 moritur
1526 4572 1622 4646 etin
1645 4573 1798 4646 ecclesia
1828 4574 1909 4646 Cul-

361 4697 475 4772 mensi
502 4695 723 4790 quindecima
749 4696 805 4770 die
832 4695 963 4770 mensis
999 4695 1155 4769 eiusdem
1187 4694 1368 4786 sepelitur.
1407 4693 1471 4766 Vir
1508 4693 1639 4766 nobilis
1675 4694 1719 4768 de
1747 4694 1852 4766 domo
1878 4698 1913 4767 et

362 4817 498 4892 familia
527 4815 700 4906 Nalancn,
735 4820 891 4890 staturae
922 4815 1053 4904 iustae,
1086 4815 1159 4907 pilo
1191 4816 1332 4908 glauco,
1366 4835 1490 4906 parum
1523 4814 1707 4904 subrufus,
1736 4834 1783 4888 ex
1810 4819 1912 4907 patre

360 4939 471 5014 Pelka
498 4936 587 5012 alias
614 4938 787 5027 Falcone,
816 4941 852 5012 et
878 4941 990 5012 matre
1017 4935 1257 5030 Margaretha,
1287 4938 1397 5008 ortus.
1491 5009 1494 5014 ,

470 5229 493 5310 ¹)
516 5229 699 5291 induciarum
721 5226 785 5291 Ed.
808 5224 899 5312 Lipc.
927 5226 954 5307 9)
977 5226 1121 5289 casimiro
1142 5227 1284 5289 Poloniae
1305 5225 1380 5304 Regi
1403 5223 1465 5290 Ed.
1489 5223 1580 5309 Lipc.
1612 5225 1636 5307 ³)
1659 5227 1754 5304 Regis
1778 5224 1909 5289 casimiri

361 5326 426 5398 Ed.
449 5329 539 5416 Lips.
562 5331 589 5413 ⁴)
611 5333 741 5394 Mathiae
762 5332 853 5410 Regis
875 5331 1046 5408 Hungariae
1069 5329 1133 5393 Ed.
1156 5328 1246 5414 Lipo.
1272 5328 1298 5410 ⁵)
1320 5332 1431 5392 auxilia
1452 5327 1515 5394 Ed.
1539 5327 1631 5413 Lipa.
1656 5328 1903 5410 6)(110111111Ρο

361 5439 460 5500 laniae
481 5437 573 5514 Regia
594 5432 658 5501 Ed.
680 5432 763 5519 Lipa
787 5433 811 5519 ¹)
833 5436 943 5498 mensis
964 5433 1141 5498 Novembris
1163 5431 1227 5498 Ed.
1251 5430 1343 5518 Lipr.
