<?xml version="1.0" encoding="UTF-8"?>
<!DOCTYPE html PUBLIC "-//W3C//DTD XHTML 1.0 Transitional//EN"
    "http://www.w3.org/TR/xhtml1/DTD/xhtml1-transitional.dtd">
<html xmlns="http://www.w3.org/1999/xhtml" xml:lang="en" lang="en">
 <head>
  <title>
</title>
<meta http-equiv="Content-Type" content="text/html;charset=utf-8" />
  <meta name='ocr-system' content='tesseract 3.04.00' />
  <meta name='ocr-capabilities' content='ocr_page ocr_carea ocr_par ocr_line ocrx_word'/>
</head>
<body>
  <div class='ocr_page' id='page_1' title='image "./operaomnia06paulgoog_0489.png"; bbox 0 0 4052 6286; ppageno 0'>
   <div class='ocr_carea' id='block_1_1' title="bbox 67 539 1613 646">
    <p class='ocr_par' dir='ltr' id='par_1_1' title="bbox 67 539 1613 646">
     <span class='ocr_line' id='line_1_1' title="bbox 67 539 1613 646; baseline -0.003 -28"><span class='ocrx_word' id='word_1_1' title='bbox 67 542 136 646; x_wconf 89' lang='grc' dir='ltr'><strong>(Α.</strong></span> <span class='ocrx_word' id='word_1_2' title='bbox 156 541 200 620; x_wconf 77' lang='grc' dir='ltr'><strong>Ι).</strong></span> <span class='ocrx_word' id='word_1_3' title='bbox 221 539 349 640; x_wconf 78' lang='grc'>1467.)</span> <span class='ocrx_word' id='word_1_4' title='bbox 581 564 695 618; x_wconf 78' lang='lat' dir='ltr'><strong>amna</strong></span> <span class='ocrx_word' id='word_1_5' title='bbox 720 562 967 618; x_wconf 83' lang='lat' dir='ltr'><strong>ouoouumrus</strong></span> <span class='ocrx_word' id='word_1_6' title='bbox 993 541 1106 633; x_wconf 82' lang='lat' dir='ltr'><strong>(xm).</strong></span> <span class='ocrx_word' id='word_1_7' title='bbox 1539 543 1613 614; x_wconf 84' lang='lat' dir='ltr'><strong>4‘t‘t</strong></span> 
     </span>
    </p>
   </div>
   <div class='ocr_carea' id='block_1_2' title="bbox 65 825 1720 1072">
    <p class='ocr_par' dir='ltr' id='par_1_2' title="bbox 65 825 1720 1072">
     <span class='ocr_line' id='line_1_2' title="bbox 65 825 1720 976; baseline -0.002 -40"><span class='ocrx_word' id='word_1_8' title='bbox 65 861 245 938; x_wconf 78' lang='lat' dir='ltr'><strong>tudertum</strong></span> <span class='ocrx_word' id='word_1_9' title='bbox 267 865 308 936; x_wconf 83' lang='lat' dir='ltr'><strong>ta</strong></span> <span class='ocrx_word' id='word_1_10' title='bbox 329 863 554 976; x_wconf 73' lang='lat' dir='ltr'><strong>mittamur</strong></span> <span class='ocrx_word' id='word_1_11' title='bbox 583 863 732 935; x_wconf 75' lang='lat' dir='ltr'><strong>imulas</strong></span> <span class='ocrx_word' id='word_1_12' title='bbox 761 863 915 953; x_wconf 81' lang='lat' dir='ltr'><strong>lagirter</strong></span> <span class='ocrx_word' id='word_1_13' title='bbox 943 863 1170 938; x_wconf 77' lang='lat' dir='ltr'><strong>moriturarum</strong></span> <span class='ocrx_word' id='word_1_14' title='bbox 1193 863 1264 936; x_wconf 83' lang='lat' dir='ltr'><strong>rins</strong></span> <span class='ocrx_word' id='word_1_15' title='bbox 1287 863 1473 936; x_wconf 74' lang='lat' dir='ltr'><strong>tutatione</strong></span> <span class='ocrx_word' id='word_1_16' title='bbox 1497 861 1617 934; x_wconf 75' lang='lat' dir='ltr'><strong>morta</strong></span> <span class='ocrx_word' id='word_1_17' title='bbox 1711 825 1720 834; x_wconf 34' lang='lat'>⁸</span> 
     </span>
     <span class='ocr_line' id='line_1_3' title="bbox 520 981 1167 1072; baseline 0 -18"><span class='ocrx_word' id='word_1_18' title='bbox 520 982 571 1054; x_wconf 81' lang='lat' dir='ltr'><strong>aui</strong></span> <span class='ocrx_word' id='word_1_19' title='bbox 593 983 627 1055; x_wconf 86' lang='lat' dir='ltr'><strong>in</strong></span> <span class='ocrx_word' id='word_1_20' title='bbox 650 982 845 1056; x_wconf 64' lang='lat' dir='ltr'><strong>kazimirum</strong></span> <span class='ocrx_word' id='word_1_21' title='bbox 866 981 1017 1054; x_wconf 75' lang='lat' dir='ltr'><strong>telonias</strong></span> <span class='ocrx_word' id='word_1_22' title='bbox 1039 981 1167 1072; x_wconf 81' lang='lat' dir='ltr'><strong>[tagam.</strong></span> 
     </span>
    </p>
   </div>
   <div class='ocr_carea' id='block_1_3' title="bbox 64 1229 1679 3970">
    <p class='ocr_par' dir='ltr' id='par_1_3' title="bbox 64 1229 1679 3854">
     <span class='ocr_line' id='line_1_4' title="bbox 170 1229 1613 1323; baseline 0 -19"><span class='ocrx_word' id='word_1_23' title='bbox 170 1230 237 1305; x_wconf 90' lang='lat' dir='ltr'><strong>Die</strong></span> <span class='ocrx_word' id='word_1_24' title='bbox 263 1229 407 1304; x_wconf 78' lang='lat' dir='ltr'><strong>Saturni</strong></span> <span class='ocrx_word' id='word_1_25' title='bbox 435 1234 561 1323; x_wconf 90' lang='lat' dir='ltr'><strong>quarta</strong></span> <span class='ocrx_word' id='word_1_26' title='bbox 580 1229 710 1304; x_wconf 79' lang='lat' dir='ltr'>mensis</span> <span class='ocrx_word' id='word_1_27' title='bbox 728 1229 881 1323; x_wconf 82' lang='lat' dir='ltr'><strong>Aprilis,</strong></span> <span class='ocrx_word' id='word_1_28' title='bbox 910 1229 1000 1304; x_wconf 83' lang='lat' dir='ltr'><strong>abas</strong></span> <span class='ocrx_word' id='word_1_29' title='bbox 1019 1229 1172 1304; x_wconf 88' lang='lat' dir='ltr'><strong>Sabbato</strong></span> <span class='ocrx_word' id='word_1_30' title='bbox 1191 1233 1273 1304; x_wconf 91' lang='lat' dir='ltr'><strong>ante</strong></span> <span class='ocrx_word' id='word_1_31' title='bbox 1293 1229 1509 1304; x_wconf 73' lang='lat' dir='ltr'>Conductum</span> <span class='ocrx_word' id='word_1_32' title='bbox 1528 1230 1613 1304; x_wconf 87' lang='lat' dir='ltr'><strong>Pas·</strong></span> 
     </span>
     <span class='ocr_line' id='line_1_5' title="bbox 64 1349 1615 1444; baseline -0.003 -17"><span class='ocrx_word' id='word_1_33' title='bbox 64 1355 169 1442; x_wconf 90' lang='lat' dir='ltr'><strong>ohae,</strong></span> <span class='ocrx_word' id='word_1_34' title='bbox 197 1350 399 1426; x_wconf 83' lang='lat' dir='ltr'><strong>Ludorious</strong></span> <span class='ocrx_word' id='word_1_35' title='bbox 426 1352 469 1426; x_wconf 90' lang='lat' dir='ltr'><strong>de</strong></span> <span class='ocrx_word' id='word_1_36' title='bbox 496 1351 764 1441; x_wconf 84' lang='lat' dir='ltr'><strong>erielrausseu,</strong></span> <span class='ocrx_word' id='word_1_37' title='bbox 791 1350 958 1425; x_wconf 89' lang='lat' dir='ltr'><strong>Prussiae</strong></span> <span class='ocrx_word' id='word_1_38' title='bbox 981 1350 1150 1444; x_wconf 79' lang='lat' dir='ltr'><strong>Magister</strong></span> <span class='ocrx_word' id='word_1_39' title='bbox 1168 1349 1356 1442; x_wconf 75' lang='lat' dir='ltr'><strong>vicesimus</strong></span> <span class='ocrx_word' id='word_1_40' title='bbox 1384 1372 1515 1440; x_wconf 90' lang='lat' dir='ltr'><strong>nonus,</strong></span> <span class='ocrx_word' id='word_1_41' title='bbox 1545 1354 1615 1423; x_wconf 89' lang='lat' dir='ltr'><strong>sta·</strong></span> 
     </span>
     <span class='ocr_line' id='line_1_6' title="bbox 64 1469 1616 1564; baseline -0.003 -17"><span class='ocrx_word' id='word_1_42' title='bbox 64 1472 181 1547; x_wconf 88' lang='lat' dir='ltr'><strong>bilitis</strong></span> <span class='ocrx_word' id='word_1_43' title='bbox 210 1477 246 1545; x_wconf 93' lang='lat' dir='ltr'><strong>et</strong></span> <span class='ocrx_word' id='word_1_44' title='bbox 271 1471 475 1564; x_wconf 80' lang='lat' dir='ltr'><strong>compositis</strong></span> <span class='ocrx_word' id='word_1_45' title='bbox 502 1472 649 1564; x_wconf 88' lang='lat' dir='ltr'><strong>pulohro</strong></span> <span class='ocrx_word' id='word_1_46' title='bbox 678 1471 798 1546; x_wconf 89' lang='lat' dir='ltr'><strong>ordine</strong></span> <span class='ocrx_word' id='word_1_47' title='bbox 825 1469 1097 1546; x_wconf 79' lang='lat' dir='ltr'><strong>commentariis</strong></span> <span class='ocrx_word' id='word_1_48' title='bbox 1125 1475 1161 1544; x_wconf 93' lang='lat' dir='ltr'><strong>et</strong></span> <span class='ocrx_word' id='word_1_49' title='bbox 1183 1470 1310 1544; x_wconf 79' lang='lat' dir='ltr'><strong>officiis</strong></span> <span class='ocrx_word' id='word_1_50' title='bbox 1338 1470 1496 1559; x_wconf 83' lang='lat' dir='ltr'><strong>Ordinis,</strong></span> <span class='ocrx_word' id='word_1_51' title='bbox 1526 1475 1561 1545; x_wconf 92' lang='lat' dir='ltr'><strong>et</strong></span> <span class='ocrx_word' id='word_1_52' title='bbox 1579 1470 1616 1543; x_wconf 92' lang='lat' dir='ltr'><strong>in</strong></span> 
     </span>
     <span class='ocr_line' id='line_1_7' title="bbox 65 1591 1613 1685; baseline -0.001 -19"><span class='ocrx_word' id='word_1_53' title='bbox 65 1592 164 1685; x_wconf 88' lang='lat' dir='ltr'><strong>ipsas</strong></span> <span class='ocrx_word' id='word_1_54' title='bbox 192 1591 472 1666; x_wconf 78' lang='lat' dir='ltr'><strong>Commendarias</strong></span> <span class='ocrx_word' id='word_1_55' title='bbox 491 1597 527 1666; x_wconf 91' lang='lat' dir='ltr'><strong>et</strong></span> <span class='ocrx_word' id='word_1_56' title='bbox 545 1592 659 1666; x_wconf 87' lang='lat' dir='ltr'><strong>offioia</strong></span> <span class='ocrx_word' id='word_1_57' title='bbox 685 1591 871 1666; x_wconf 75' lang='lat' dir='ltr'><strong>Fratribus</strong></span> <span class='ocrx_word' id='word_1_58' title='bbox 899 1612 943 1666; x_wconf 86' lang='lat' dir='ltr'><strong>ex</strong></span> <span class='ocrx_word' id='word_1_59' title='bbox 962 1591 1106 1680; x_wconf 90' lang='lat' dir='ltr'><strong>Ordine,</strong></span> <span class='ocrx_word' id='word_1_60' title='bbox 1136 1591 1197 1683; x_wconf 89' lang='lat' dir='ltr'><strong>qui</strong></span> <span class='ocrx_word' id='word_1_61' title='bbox 1225 1591 1345 1665; x_wconf 92' lang='lat' dir='ltr'><strong>sedato</strong></span> <span class='ocrx_word' id='word_1_62' title='bbox 1372 1591 1465 1666; x_wconf 95' lang='lat' dir='ltr'><strong>bello</strong></span> <span class='ocrx_word' id='word_1_63' title='bbox 1494 1612 1613 1683; x_wconf 89' lang='lat' dir='ltr'><strong>super·</strong></span> 
     </span>
     <span class='ocr_line' id='line_1_8' title="bbox 65 1699 1613 1815; baseline -0.001 -29"><span class='ocrx_word' id='word_1_64' title='bbox 65 1713 170 1787; x_wconf 89' lang='lat' dir='ltr'><strong>stites</strong></span> <span class='ocrx_word' id='word_1_65' title='bbox 198 1713 351 1800; x_wconf 78' lang='lat' dir='ltr'><strong>fueram,</strong></span> <span class='ocrx_word' id='word_1_66' title='bbox 389 1712 562 1800; x_wconf 82' lang='lat' dir='ltr'><strong>suffertis,</strong></span> <span class='ocrx_word' id='word_1_67' title='bbox 595 1712 801 1788; x_wconf 90' lang='lat' dir='ltr'><strong>Pomerauia</strong></span> <span class='ocrx_word' id='word_1_68' title='bbox 821 1699 863 1786; x_wconf 84' lang='lat' dir='ltr'><strong>¹et</strong></span> <span class='ocrx_word' id='word_1_69' title='bbox 890 1711 1069 1786; x_wconf 79' lang='lat' dir='ltr'><strong>cumensi</strong></span> <span class='ocrx_word' id='word_1_70' title='bbox 1087 1711 1114 1802; x_wconf 81' lang='lat'><strong>¹)</strong></span> <span class='ocrx_word' id='word_1_71' title='bbox 1142 1733 1182 1785; x_wconf 89' lang='lat' dir='ltr'><strong>ae</strong></span> <span class='ocrx_word' id='word_1_72' title='bbox 1209 1711 1476 1787; x_wconf 86' lang='lat' dir='ltr'><strong>Miohalouiensi</strong></span> <span class='ocrx_word' id='word_1_73' title='bbox 1506 1710 1613 1815; x_wconf 92' lang='lat' dir='ltr'><strong>terris</strong></span> 
     </span>
     <span class='ocr_line' id='line_1_9' title="bbox 67 1831 1617 1927; baseline -0.002 -20"><span class='ocrx_word' id='word_1_74' title='bbox 67 1833 105 1907; x_wconf 91' lang='lat' dir='ltr'><strong>iu</strong></span> <span class='ocrx_word' id='word_1_75' title='bbox 137 1854 264 1925; x_wconf 88' lang='lat' dir='ltr'><strong>eorpus</strong></span> <span class='ocrx_word' id='word_1_76' title='bbox 295 1833 410 1927; x_wconf 80' lang='lat' dir='ltr'><strong>Regni</strong></span> <span class='ocrx_word' id='word_1_77' title='bbox 437 1833 604 1908; x_wconf 90' lang='lat' dir='ltr'><strong>Poloniae</strong></span> <span class='ocrx_word' id='word_1_78' title='bbox 635 1832 879 1920; x_wconf 80' lang='lat' dir='ltr'><strong>redeuntibus,</strong></span> <span class='ocrx_word' id='word_1_79' title='bbox 911 1854 1020 1906; x_wconf 86' lang='lat' dir='ltr'><strong>noras</strong></span> <span class='ocrx_word' id='word_1_80' title='bbox 1052 1831 1332 1906; x_wconf 77' lang='lat' dir='ltr'><strong>Commentarius</strong></span> <span class='ocrx_word' id='word_1_81' title='bbox 1366 1837 1402 1905; x_wconf 89' lang='lat' dir='ltr'><strong>et</strong></span> <span class='ocrx_word' id='word_1_82' title='bbox 1433 1832 1548 1906; x_wconf 88' lang='lat' dir='ltr'><strong>ofiioia</strong></span> <span class='ocrx_word' id='word_1_83' title='bbox 1579 1831 1617 1904; x_wconf 92' lang='lat' dir='ltr'><strong>in</strong></span> 
     </span>
     <span class='ocr_line' id='line_1_10' title="bbox 65 1951 1616 2047; baseline -0.002 -19"><span class='ocrx_word' id='word_1_84' title='bbox 65 1959 160 2028; x_wconf 91' lang='lat' dir='ltr'><strong>terra</strong></span> <span class='ocrx_word' id='word_1_85' title='bbox 185 1953 367 2043; x_wconf 86' lang='lat' dir='ltr'><strong>Prassiae,</strong></span> <span class='ocrx_word' id='word_1_86' title='bbox 396 1975 591 2046; x_wconf 78' lang='lat' dir='ltr'><strong>novamque</strong></span> <span class='ocrx_word' id='word_1_87' title='bbox 619 1953 735 2028; x_wconf 90' lang='lat' dir='ltr'><strong>sedem</strong></span> <span class='ocrx_word' id='word_1_88' title='bbox 763 1975 825 2046; x_wconf 92' lang='lat' dir='ltr'><strong>pro</strong></span> <span class='ocrx_word' id='word_1_89' title='bbox 844 1952 1013 2046; x_wconf 84' lang='lat' dir='ltr'><strong>Magistro</strong></span> <span class='ocrx_word' id='word_1_90' title='bbox 1032 1953 1126 2044; x_wconf 90' lang='lat' dir='ltr'><strong>apud</strong></span> <span class='ocrx_word' id='word_1_91' title='bbox 1143 1952 1322 2046; x_wconf 89' lang='lat' dir='ltr'><strong>Kinsberg</strong></span> <span class='ocrx_word' id='word_1_92' title='bbox 1341 1951 1430 2047; x_wconf 89' lang='lat' dir='ltr'><strong>erigi</strong></span> <span class='ocrx_word' id='word_1_93' title='bbox 1450 1958 1485 2026; x_wconf 89' lang='lat' dir='ltr'><strong>et</strong></span> <span class='ocrx_word' id='word_1_94' title='bbox 1504 1951 1616 2026; x_wconf 86' lang='lat' dir='ltr'><strong>ereari</strong></span> 
     </span>
     <span class='ocr_line' id='line_1_11' title="bbox 65 2072 1679 2168; baseline -0.002 -21"><span class='ocrx_word' id='word_1_95' title='bbox 65 2075 264 2167; x_wconf 91' lang='lat' dir='ltr'><strong>oportebat,</strong></span> <span class='ocrx_word' id='word_1_96' title='bbox 293 2079 409 2148; x_wconf 81' lang='lat' dir='ltr'><strong>aetus</strong></span> <span class='ocrx_word' id='word_1_97' title='bbox 436 2075 658 2163; x_wconf 85' lang='lat' dir='ltr'><strong>infirmitate,</strong></span> <span class='ocrx_word' id='word_1_98' title='bbox 688 2074 928 2168; x_wconf 89' lang='lat' dir='ltr'><strong>quaediebus</strong></span> <span class='ocrx_word' id='word_1_99' title='bbox 956 2072 1155 2166; x_wconf 82' lang='lat' dir='ltr'><strong>quindecim</strong></span> <span class='ocrx_word' id='word_1_100' title='bbox 1184 2073 1287 2147; x_wconf 91' lang='lat' dir='ltr'><strong>illum</strong></span> <span class='ocrx_word' id='word_1_101' title='bbox 1306 2072 1514 2160; x_wconf 79' lang='lat' dir='ltr'><strong>macerarit,</strong></span> <span class='ocrx_word' id='word_1_102' title='bbox 1544 2094 1614 2145; x_wconf 89' lang='lat' dir='ltr'><strong>om·</strong></span> <span class='ocrx_word' id='word_1_103' title='bbox 1677 2153 1679 2158; x_wconf 53' lang='grc'>,</span> 
     </span>
     <span class='ocr_line' id='line_1_12' title="bbox 65 2193 1617 2288; baseline -0.001 -20"><span class='ocrx_word' id='word_1_104' title='bbox 65 2194 172 2270; x_wconf 90' lang='lat' dir='ltr'><strong>nibus</strong></span> <span class='ocrx_word' id='word_1_105' title='bbox 200 2195 434 2270; x_wconf 82' lang='lat' dir='ltr'><strong>Sauramentis</strong></span> <span class='ocrx_word' id='word_1_106' title='bbox 461 2195 614 2288; x_wconf 89' lang='lat' dir='ltr'><strong>potitus,</strong></span> <span class='ocrx_word' id='word_1_107' title='bbox 642 2195 815 2270; x_wconf 89' lang='lat' dir='ltr'><strong>eatholioe</strong></span> <span class='ocrx_word' id='word_1_108' title='bbox 833 2200 868 2268; x_wconf 94' lang='lat' dir='ltr'><strong>et</strong></span> <span class='ocrx_word' id='word_1_109' title='bbox 885 2194 1050 2288; x_wconf 81' lang='lat' dir='ltr'><strong>religiose</strong></span> <span class='ocrx_word' id='word_1_110' title='bbox 1073 2193 1166 2286; x_wconf 90' lang='lat' dir='ltr'><strong>apud</strong></span> <span class='ocrx_word' id='word_1_111' title='bbox 1192 2194 1371 2288; x_wconf 88' lang='lat' dir='ltr'><strong>Kinsberg</strong></span> <span class='ocrx_word' id='word_1_112' title='bbox 1389 2193 1552 2282; x_wconf 88' lang='lat' dir='ltr'><strong>moritur,</strong></span> <span class='ocrx_word' id='word_1_113' title='bbox 1581 2197 1617 2267; x_wconf 97' lang='lat' dir='ltr'><strong>et</strong></span> 
     </span>
     <span class='ocr_line' id='line_1_13' title="bbox 65 2311 1614 2408; baseline -0.003 -18"><span class='ocrx_word' id='word_1_114' title='bbox 65 2315 102 2390; x_wconf 92' lang='lat' dir='ltr'><strong>iu</strong></span> <span class='ocrx_word' id='word_1_115' title='bbox 130 2314 280 2390; x_wconf 77' lang='lat' dir='ltr'><strong>eeclesia</strong></span> <span class='ocrx_word' id='word_1_116' title='bbox 311 2315 510 2390; x_wconf 88' lang='lat' dir='ltr'><strong>Sambiensi</strong></span> <span class='ocrx_word' id='word_1_117' title='bbox 542 2315 728 2408; x_wconf 88' lang='lat' dir='ltr'><strong>sepelitur,</strong></span> <span class='ocrx_word' id='word_1_118' title='bbox 761 2337 840 2388; x_wconf 89' lang='lat' dir='ltr'><strong>oum</strong></span> <span class='ocrx_word' id='word_1_119' title='bbox 871 2336 981 2389; x_wconf 89' lang='lat' dir='ltr'><strong>anuos</strong></span> <span class='ocrx_word' id='word_1_120' title='bbox 1013 2315 1132 2390; x_wconf 89' lang='lat' dir='ltr'><strong>deoem</strong></span> <span class='ocrx_word' id='word_1_121' title='bbox 1164 2319 1199 2389; x_wconf 91' lang='lat' dir='ltr'><strong>et</strong></span> <span class='ocrx_word' id='word_1_122' title='bbox 1231 2319 1308 2388; x_wconf 82' lang='lat' dir='ltr'><strong>outo</strong></span> <span class='ocrx_word' id='word_1_123' title='bbox 1339 2314 1376 2388; x_wconf 92' lang='lat' dir='ltr'><strong>in</strong></span> <span class='ocrx_word' id='word_1_124' title='bbox 1404 2311 1614 2408; x_wconf 86' lang='lat' dir='ltr'><strong>Magistratu</strong></span> 
     </span>
     <span class='ocr_line' id='line_1_14' title="bbox 66 2434 1614 2530; baseline -0.002 -20"><span class='ocrx_word' id='word_1_125' title='bbox 66 2435 255 2529; x_wconf 80' lang='lat' dir='ltr'><strong>exegisset.</strong></span> <span class='ocrx_word' id='word_1_126' title='bbox 275 2435 339 2509; x_wconf 88' lang='lat' dir='ltr'><strong>Vir</strong></span> <span class='ocrx_word' id='word_1_127' title='bbox 356 2436 535 2511; x_wconf 89' lang='lat' dir='ltr'><strong>modestus</strong></span> <span class='ocrx_word' id='word_1_128' title='bbox 554 2441 590 2511; x_wconf 90' lang='lat' dir='ltr'><strong>et</strong></span> <span class='ocrx_word' id='word_1_129' title='bbox 608 2435 750 2530; x_wconf 90' lang='lat' dir='ltr'><strong>linguae</strong></span> <span class='ocrx_word' id='word_1_130' title='bbox 767 2435 916 2510; x_wconf 86' lang='lat' dir='ltr'><strong>Latinae</strong></span> <span class='ocrx_word' id='word_1_131' title='bbox 934 2436 1195 2529; x_wconf 86' lang='lat' dir='ltr'><strong>aliquantulum</strong></span> <span class='ocrx_word' id='word_1_132' title='bbox 1212 2456 1359 2528; x_wconf 89' lang='lat' dir='ltr'><strong>gnarus,</strong></span> <span class='ocrx_word' id='word_1_133' title='bbox 1380 2434 1416 2508; x_wconf 90' lang='lat' dir='ltr'><strong>iu</strong></span> <span class='ocrx_word' id='word_1_134' title='bbox 1437 2435 1614 2508; x_wconf 86' lang='lat' dir='ltr'><strong>Baeohum</strong></span> 
     </span>
     <span class='ocr_line' id='line_1_15' title="bbox 64 2555 1614 2650; baseline -0.001 -21"><span class='ocrx_word' id='word_1_135' title='bbox 64 2560 184 2630; x_wconf 88' lang='lat' dir='ltr'><strong>tamen</strong></span> <span class='ocrx_word' id='word_1_136' title='bbox 216 2561 251 2630; x_wconf 88' lang='lat' dir='ltr'><strong>et</strong></span> <span class='ocrx_word' id='word_1_137' title='bbox 277 2556 448 2632; x_wconf 83' lang='lat' dir='ltr'><strong>Venerem</strong></span> <span class='ocrx_word' id='word_1_138' title='bbox 478 2579 601 2650; x_wconf 87' lang='lat' dir='ltr'><strong>parum</strong></span> <span class='ocrx_word' id='word_1_139' title='bbox 633 2558 854 2631; x_wconf 73' lang='lat' dir='ltr'><strong>asserebatur</strong></span> <span class='ocrx_word' id='word_1_140' title='bbox 886 2561 1113 2650; x_wconf 88' lang='lat' dir='ltr'><strong>temperatus.</strong></span> <span class='ocrx_word' id='word_1_141' title='bbox 1150 2555 1238 2630; x_wconf 84' lang='lat' dir='ltr'><strong>Miro</strong></span> <span class='ocrx_word' id='word_1_142' title='bbox 1271 2555 1465 2630; x_wconf 77' lang='lat' dir='ltr'><strong>offertionis</strong></span> <span class='ocrx_word' id='word_1_143' title='bbox 1498 2575 1614 2628; x_wconf 88' lang='lat' dir='ltr'><strong>amore</strong></span> 
     </span>
     <span class='ocr_line' id='line_1_16' title="bbox 65 2671 1615 2772; baseline -0.001 -22"><span class='ocrx_word' id='word_1_144' title='bbox 65 2677 102 2750; x_wconf 87' lang='lat' dir='ltr'><strong>in</strong></span> <span class='ocrx_word' id='word_1_145' title='bbox 128 2675 350 2752; x_wconf 81' lang='lat' dir='ltr'><strong>Karimirum</strong></span> <span class='ocrx_word' id='word_1_146' title='bbox 376 2677 544 2752; x_wconf 89' lang='lat' dir='ltr'><strong>Poloniae</strong></span> <span class='ocrx_word' id='word_1_147' title='bbox 570 2679 718 2772; x_wconf 87' lang='lat' dir='ltr'><strong>Regem,</strong></span> <span class='ocrx_word' id='word_1_148' title='bbox 746 2681 890 2770; x_wconf 90' lang='lat' dir='ltr'><strong>propter</strong></span> <span class='ocrx_word' id='word_1_149' title='bbox 915 2677 1123 2768; x_wconf 89' lang='lat' dir='ltr'><strong>praestitam</strong></span> <span class='ocrx_word' id='word_1_150' title='bbox 1150 2675 1219 2750; x_wconf 89' lang='lat' dir='ltr'><strong>sibi</strong></span> <span class='ocrx_word' id='word_1_151' title='bbox 1245 2699 1266 2750; x_wconf 91' lang='lat' dir='ltr'><strong>a</strong></span> <span class='ocrx_word' id='word_1_152' title='bbox 1294 2677 1390 2771; x_wconf 88' lang='lat' dir='ltr'><strong>Rege</strong></span> <span class='ocrx_word' id='word_1_153' title='bbox 1417 2675 1455 2749; x_wconf 89' lang='lat' dir='ltr'><strong>iu</strong></span> <span class='ocrx_word' id='word_1_154' title='bbox 1473 2671 1615 2749; x_wconf 80' lang='lat' dir='ltr'><strong>Theron</strong></span> 
     </span>
     <span class='ocr_line' id='line_1_17' title="bbox 65 2795 1613 2892; baseline 0 -22"><span class='ocrx_word' id='word_1_155' title='bbox 65 2796 316 2872; x_wconf 88' lang='lat' dir='ltr'><strong>liberalitatem</strong></span> <span class='ocrx_word' id='word_1_156' title='bbox 344 2803 380 2871; x_wconf 93' lang='lat' dir='ltr'><strong>et</strong></span> <span class='ocrx_word' id='word_1_157' title='bbox 406 2798 703 2888; x_wconf 83' lang='lat' dir='ltr'><strong>benevolentiam,</strong></span> <span class='ocrx_word' id='word_1_158' title='bbox 732 2799 873 2888; x_wconf 88' lang='lat' dir='ltr'><strong>ardens,</strong></span> <span class='ocrx_word' id='word_1_159' title='bbox 902 2798 987 2872; x_wconf 90' lang='lat' dir='ltr'><strong>adeo</strong></span> <span class='ocrx_word' id='word_1_160' title='bbox 1014 2802 1055 2870; x_wconf 92' lang='lat' dir='ltr'><strong>ut</strong></span> <span class='ocrx_word' id='word_1_161' title='bbox 1082 2797 1301 2891; x_wconf 80' lang='lat' dir='ltr'><strong>frequentius</strong></span> <span class='ocrx_word' id='word_1_162' title='bbox 1327 2797 1499 2892; x_wconf 86' lang='lat' dir='ltr'><strong>languens</strong></span> <span class='ocrx_word' id='word_1_163' title='bbox 1517 2795 1613 2890; x_wconf 90' lang='lat' dir='ltr'><strong>inge·</strong></span> 
     </span>
     <span class='ocr_line' id='line_1_18' title="bbox 65 2915 1613 3012; baseline -0.001 -22"><span class='ocrx_word' id='word_1_164' title='bbox 65 2916 231 2992; x_wconf 91' lang='lat' dir='ltr'><strong>minaret:</strong></span> <span class='ocrx_word' id='word_1_165' title='bbox 259 2939 328 2991; x_wconf 93' lang='lat' dir='ltr'><strong>non</strong></span> <span class='ocrx_word' id='word_1_166' title='bbox 356 2919 400 2992; x_wconf 95' lang='lat' dir='ltr'><strong>ob</strong></span> <span class='ocrx_word' id='word_1_167' title='bbox 426 2918 524 2992; x_wconf 91' lang='lat' dir='ltr'><strong>aliud</strong></span> <span class='ocrx_word' id='word_1_168' title='bbox 551 2917 664 3012; x_wconf 89' lang='lat' dir='ltr'><strong>magis</strong></span> <span class='ocrx_word' id='word_1_169' title='bbox 692 2939 729 2992; x_wconf 88' lang='lat' dir='ltr'><strong>se</strong></span> <span class='ocrx_word' id='word_1_170' title='bbox 756 2922 899 3010; x_wconf 89' lang='lat' dir='ltr'><strong>propter</strong></span> <span class='ocrx_word' id='word_1_171' title='bbox 925 2915 1164 2991; x_wconf 88' lang='lat' dir='ltr'><strong>imminentem</strong></span> <span class='ocrx_word' id='word_1_172' title='bbox 1192 2917 1305 2991; x_wconf 82' lang='lat' dir='ltr'><strong>evita</strong></span> <span class='ocrx_word' id='word_1_173' title='bbox 1332 2937 1533 3006; x_wconf 76' lang='lat' dir='ltr'><strong>excessum,</strong></span> <span class='ocrx_word' id='word_1_174' title='bbox 1562 2916 1613 2989; x_wconf 83' lang='lat' dir='ltr'><strong>ai-</strong></span> 
     </span>
     <span class='ocr_line' id='line_1_19' title="bbox 66 3036 1615 3132; baseline -0.001 -22"><span class='ocrx_word' id='word_1_175' title='bbox 66 3037 202 3110; x_wconf 86' lang='lat' dir='ltr'><strong>dietum</strong></span> <span class='ocrx_word' id='word_1_176' title='bbox 219 3036 281 3128; x_wconf 91' lang='lat' dir='ltr'><strong>iri,</strong></span> <span class='ocrx_word' id='word_1_177' title='bbox 310 3037 397 3127; x_wconf 93' lang='lat' dir='ltr'><strong>uisi,</strong></span> <span class='ocrx_word' id='word_1_178' title='bbox 426 3037 509 3132; x_wconf 86' lang='lat' dir='ltr'><strong>qnia</strong></span> <span class='ocrx_word' id='word_1_179' title='bbox 527 3037 662 3112; x_wconf 90' lang='lat' dir='ltr'><strong>diutius</strong></span> <span class='ocrx_word' id='word_1_180' title='bbox 686 3037 905 3132; x_wconf 86' lang='lat' dir='ltr'><strong>benignitate</strong></span> <span class='ocrx_word' id='word_1_181' title='bbox 926 3038 1025 3132; x_wconf 91' lang='lat' dir='ltr'><strong>regia</strong></span> <span class='ocrx_word' id='word_1_182' title='bbox 1051 3037 1120 3112; x_wconf 85' lang='lat' dir='ltr'><strong>trui</strong></span> <span class='ocrx_word' id='word_1_183' title='bbox 1147 3059 1217 3112; x_wconf 90' lang='lat' dir='ltr'><strong>uon</strong></span> <span class='ocrx_word' id='word_1_184' title='bbox 1244 3039 1389 3112; x_wconf 81' lang='lat' dir='ltr'><strong>valeret.</strong></span> <span class='ocrx_word' id='word_1_185' title='bbox 1418 3037 1482 3113; x_wconf 76' lang='lat' dir='ltr'><strong>(lui</strong></span> <span class='ocrx_word' id='word_1_186' title='bbox 1510 3036 1615 3112; x_wconf 91' lang='lat' dir='ltr'><strong>etiam</strong></span> 
     </span>
     <span class='ocr_line' id='line_1_20' title="bbox 64 3157 1615 3252; baseline -0.001 -21"><span class='ocrx_word' id='word_1_187' title='bbox 64 3158 210 3251; x_wconf 88' lang='lat' dir='ltr'><strong>grabato</strong></span> <span class='ocrx_word' id='word_1_188' title='bbox 237 3158 460 3232; x_wconf 75' lang='lat' dir='ltr'><strong>decumbenti</strong></span> <span class='ocrx_word' id='word_1_189' title='bbox 487 3161 566 3233; x_wconf 83' lang='lat' dir='ltr'><strong>Rex</strong></span> <span class='ocrx_word' id='word_1_190' title='bbox 581 3157 612 3249; x_wconf 80' lang='lat'><strong>²)</strong></span> <span class='ocrx_word' id='word_1_191' title='bbox 639 3159 876 3252; x_wconf 88' lang='lat' dir='ltr'><strong>puloherrima</strong></span> <span class='ocrx_word' id='word_1_192' title='bbox 903 3163 939 3233; x_wconf 90' lang='lat' dir='ltr'><strong>et</strong></span> <span class='ocrx_word' id='word_1_193' title='bbox 964 3158 1120 3252; x_wconf 89' lang='lat' dir='ltr'><strong>iusignia</strong></span> <span class='ocrx_word' id='word_1_194' title='bbox 1147 3180 1291 3233; x_wconf 89' lang='lat' dir='ltr'><strong>munera</strong></span> <span class='ocrx_word' id='word_1_195' title='bbox 1317 3181 1379 3252; x_wconf 89' lang='lat' dir='ltr'><strong>per</strong></span> <span class='ocrx_word' id='word_1_196' title='bbox 1398 3159 1615 3233; x_wconf 72' lang='lat' dir='ltr'><strong>stanislaum</strong></span> 
     </span>
     <span class='ocr_line' id='line_1_21' title="bbox 66 3277 1614 3372; baseline -0.001 -21"><span class='ocrx_word' id='word_1_197' title='bbox 66 3277 253 3352; x_wconf 83' lang='lat' dir='ltr'><strong>Wislionlri</strong></span> <span class='ocrx_word' id='word_1_198' title='bbox 279 3278 540 3353; x_wconf 87' lang='lat' dir='ltr'><strong>transmiserat:</strong></span> <span class='ocrx_word' id='word_1_199' title='bbox 569 3301 658 3372; x_wconf 88' lang='lat' dir='ltr'><strong>quae</strong></span> <span class='ocrx_word' id='word_1_200' title='bbox 677 3301 764 3354; x_wconf 85' lang='lat' dir='ltr'><strong>oum</strong></span> <span class='ocrx_word' id='word_1_201' title='bbox 792 3279 906 3353; x_wconf 90' lang='lat' dir='ltr'><strong>mains</strong></span> <span class='ocrx_word' id='word_1_202' title='bbox 934 3279 1029 3354; x_wconf 85' lang='lat' dir='ltr'><strong>vitae</strong></span> <span class='ocrx_word' id='word_1_203' title='bbox 1056 3278 1267 3354; x_wconf 88' lang='lat' dir='ltr'><strong>desiderium</strong></span> <span class='ocrx_word' id='word_1_204' title='bbox 1294 3279 1332 3352; x_wconf 91' lang='lat' dir='ltr'><strong>in</strong></span> <span class='ocrx_word' id='word_1_205' title='bbox 1365 3300 1405 3352; x_wconf 94' lang='lat' dir='ltr'><strong>eo</strong></span> <span class='ocrx_word' id='word_1_206' title='bbox 1437 3277 1614 3353; x_wconf 86' lang='lat' dir='ltr'><strong>aooendis-</strong></span> 
     </span>
     <span class='ocr_line' id='line_1_22' title="bbox 66 3398 1612 3494; baseline 0 -23"><span class='ocrx_word' id='word_1_207' title='bbox 66 3403 161 3489; x_wconf 90' lang='lat' dir='ltr'><strong>sent,</strong></span> <span class='ocrx_word' id='word_1_208' title='bbox 190 3420 351 3491; x_wconf 88' lang='lat' dir='ltr'><strong>snproma</strong></span> <span class='ocrx_word' id='word_1_209' title='bbox 369 3399 413 3474; x_wconf 90' lang='lat' dir='ltr'><strong>ad</strong></span> <span class='ocrx_word' id='word_1_210' title='bbox 431 3400 562 3494; x_wconf 87' lang='lat' dir='ltr'><strong>Regem</strong></span> <span class='ocrx_word' id='word_1_211' title='bbox 577 3399 608 3490; x_wconf 80' lang='grc'><strong>3)</strong></span> <span class='ocrx_word' id='word_1_212' title='bbox 635 3401 798 3474; x_wconf 89' lang='lat' dir='ltr'><strong>mandato</strong></span> <span class='ocrx_word' id='word_1_213' title='bbox 817 3400 924 3476; x_wconf 90' lang='lat' dir='ltr'><strong>dedit.</strong></span> <span class='ocrx_word' id='word_1_214' title='bbox 954 3401 1001 3474; x_wconf 85' lang='lat' dir='ltr'><strong>Et</strong></span> <span class='ocrx_word' id='word_1_215' title='bbox 1020 3404 1074 3488; x_wconf 87' lang='lat' dir='ltr'><strong>tu,</strong></span> <span class='ocrx_word' id='word_1_216' title='bbox 1094 3399 1226 3493; x_wconf 84' lang='lat' dir='ltr'><strong>inquit,</strong></span> <span class='ocrx_word' id='word_1_217' title='bbox 1254 3401 1333 3474; x_wconf 86' lang='lat' dir='ltr'><strong>Rex</strong></span> <span class='ocrx_word' id='word_1_218' title='bbox 1357 3404 1527 3492; x_wconf 89' lang='lat' dir='ltr'><strong>perpetua</strong></span> <span class='ocrx_word' id='word_1_219' title='bbox 1546 3398 1612 3472; x_wconf 84' lang='lat' dir='ltr'><strong>Su·</strong></span> 
     </span>
     <span class='ocr_line' id='line_1_23' title="bbox 66 3518 1609 3620; baseline 0 -28"><span class='ocrx_word' id='word_1_220' title='bbox 66 3541 189 3611; x_wconf 88' lang='lat' dir='ltr'><strong>perum</strong></span> <span class='ocrx_word' id='word_1_221' title='bbox 225 3518 395 3594; x_wconf 84' lang='lat' dir='ltr'><strong>ielieitate</strong></span> <span class='ocrx_word' id='word_1_222' title='bbox 427 3521 568 3620; x_wconf 60' lang='lat' dir='ltr'><strong>floream</strong></span> <span class='ocrx_word' id='word_1_223' title='bbox 601 3541 664 3613; x_wconf 90' lang='lat' dir='ltr'><strong>ego</strong></span> <span class='ocrx_word' id='word_1_224' title='bbox 693 3541 736 3595; x_wconf 86' lang='lat' dir='ltr'><strong>ex</strong></span> <span class='ocrx_word' id='word_1_225' title='bbox 764 3522 919 3594; x_wconf 86' lang='lat' dir='ltr'><strong>eonfeoto</strong></span> <span class='ocrx_word' id='word_1_226' title='bbox 948 3520 1084 3596; x_wconf 86' lang='lat' dir='ltr'><strong>loedere</strong></span> <span class='ocrx_word' id='word_1_227' title='bbox 1111 3541 1231 3613; x_wconf 88' lang='lat' dir='ltr'><strong>paoem</strong></span> <span class='ocrx_word' id='word_1_228' title='bbox 1258 3518 1381 3594; x_wconf 87' lang='lat' dir='ltr'><strong>Ordini</strong></span> <span class='ocrx_word' id='word_1_229' title='bbox 1408 3540 1483 3593; x_wconf 93' lang='lat' dir='ltr'><strong>meo</strong></span> <span class='ocrx_word' id='word_1_230' title='bbox 1506 3518 1609 3592; x_wconf 84' lang='lat' dir='ltr'><strong>relio-</strong></span> 
     </span>
     <span class='ocr_line' id='line_1_24' title="bbox 66 3639 1613 3734; baseline -0.001 -21"><span class='ocrx_word' id='word_1_231' title='bbox 66 3645 185 3728; x_wconf 88' lang='lat' dir='ltr'><strong>turus,</strong></span> <span class='ocrx_word' id='word_1_232' title='bbox 222 3639 358 3715; x_wconf 88' lang='lat' dir='ltr'><strong>abunde</strong></span> <span class='ocrx_word' id='word_1_233' title='bbox 395 3640 542 3716; x_wconf 86' lang='lat' dir='ltr'><strong>eaeteris</strong></span> <span class='ocrx_word' id='word_1_234' title='bbox 574 3642 705 3728; x_wconf 87' lang='lat' dir='ltr'><strong>laetus,</strong></span> <span class='ocrx_word' id='word_1_235' title='bbox 743 3642 809 3714; x_wconf 87' lang='lat' dir='ltr'><strong>hoo</strong></span> <span class='ocrx_word' id='word_1_236' title='bbox 841 3663 910 3714; x_wconf 95' lang='lat' dir='ltr'><strong>uno</strong></span> <span class='ocrx_word' id='word_1_237' title='bbox 943 3645 1122 3733; x_wconf 86' lang='lat' dir='ltr'><strong>torqueor,</strong></span> <span class='ocrx_word' id='word_1_238' title='bbox 1161 3639 1253 3734; x_wconf 89' lang='lat' dir='ltr'><strong>quod</strong></span> <span class='ocrx_word' id='word_1_239' title='bbox 1284 3639 1470 3732; x_wconf 81' lang='lat' dir='ltr'><strong>praecipiti</strong></span> <span class='ocrx_word' id='word_1_240' title='bbox 1503 3643 1613 3716; x_wconf 89' lang='lat' dir='ltr'><strong>morte</strong></span> 
     </span>
     <span class='ocr_line' id='line_1_25' title="bbox 67 3759 1613 3854; baseline 0 -21"><span class='ocrx_word' id='word_1_241' title='bbox 67 3760 329 3849; x_wconf 75' lang='lat' dir='ltr'><strong>subducendus,</strong></span> <span class='ocrx_word' id='word_1_242' title='bbox 357 3760 492 3835; x_wconf 90' lang='lat' dir='ltr'><strong>diutius</strong></span> <span class='ocrx_word' id='word_1_243' title='bbox 520 3767 583 3834; x_wconf 92' lang='lat' dir='ltr'><strong>tua</strong></span> <span class='ocrx_word' id='word_1_244' title='bbox 609 3760 766 3835; x_wconf 88' lang='lat' dir='ltr'><strong>bonitate</strong></span> <span class='ocrx_word' id='word_1_245' title='bbox 793 3760 934 3854; x_wconf 84' lang='lat' dir='ltr'><strong>deluugi</strong></span> <span class='ocrx_word' id='word_1_246' title='bbox 963 3781 1032 3833; x_wconf 91' lang='lat' dir='ltr'><strong>uon</strong></span> <span class='ocrx_word' id='word_1_247' title='bbox 1059 3782 1213 3853; x_wconf 87' lang='lat' dir='ltr'><strong>possum.</strong></span> <span class='ocrx_word' id='word_1_248' title='bbox 1241 3759 1470 3834; x_wconf 86' lang='lat' dir='ltr'><strong>Moribuudus</strong></span> <span class='ocrx_word' id='word_1_249' title='bbox 1496 3765 1613 3834; x_wconf 88' lang='lat' dir='ltr'><strong>autem</strong></span> 
     </span>
    </p>

    <p class='ocr_par' dir='ltr' id='par_1_4' title="bbox 67 3880 1001 3970">
     <span class='ocr_line' id='line_1_26' title="bbox 67 3880 1001 3970; baseline 0.001 -17"><span class='ocrx_word' id='word_1_250' title='bbox 67 3880 231 3954; x_wconf 88' lang='lat' dir='ltr'><strong>Ordinem</strong></span> <span class='ocrx_word' id='word_1_251' title='bbox 260 3901 375 3954; x_wconf 91' lang='lat' dir='ltr'><strong>meum</strong></span> <span class='ocrx_word' id='word_1_252' title='bbox 390 3881 422 3970; x_wconf 85' lang='lat'><strong>⁴)</strong></span> <span class='ocrx_word' id='word_1_253' title='bbox 449 3881 487 3955; x_wconf 92' lang='lat' dir='ltr'><strong>iu</strong></span> <span class='ocrx_word' id='word_1_254' title='bbox 516 3888 611 3956; x_wconf 89' lang='lat' dir='ltr'><strong>tuam</strong></span> <span class='ocrx_word' id='word_1_255' title='bbox 638 3881 874 3956; x_wconf 84' lang='lat' dir='ltr'><strong>defensionem</strong></span> <span class='ocrx_word' id='word_1_256' title='bbox 901 3881 1001 3956; x_wconf 91' lang='lat' dir='ltr'><strong>dedo.</strong></span> 
     </span>
    </p>
   </div>
   <div class='ocr_carea' id='block_1_4' title="bbox 65 4234 1614 4446">
    <p class='ocr_par' dir='ltr' id='par_1_5' title="bbox 65 4234 1614 4446">
     <span class='ocr_line' id='line_1_27' title="bbox 65 4234 1614 4325; baseline 0.002 -19"><span class='ocrx_word' id='word_1_257' title='bbox 65 4234 215 4323; x_wconf 71' lang='lat' dir='ltr'><strong>lampii</strong></span> <span class='ocrx_word' id='word_1_258' title='bbox 236 4237 272 4306; x_wconf 82' lang='lat' dir='ltr'><strong>et</strong></span> <span class='ocrx_word' id='word_1_259' title='bbox 294 4235 383 4308; x_wconf 81' lang='lat' dir='ltr'><strong>datia</strong></span> <span class='ocrx_word' id='word_1_260' title='bbox 405 4234 513 4308; x_wconf 82' lang='lat' dir='ltr'><strong>tttarla</strong></span> <span class='ocrx_word' id='word_1_261' title='bbox 535 4234 626 4325; x_wconf 81' lang='lat' dir='ltr'><strong>prola</strong></span> <span class='ocrx_word' id='word_1_262' title='bbox 647 4235 735 4308; x_wconf 82' lang='lat' dir='ltr'><strong>inter</strong></span> <span class='ocrx_word' id='word_1_263' title='bbox 756 4253 794 4307; x_wconf 79' lang='lat' dir='ltr'><strong>se</strong></span> <span class='ocrx_word' id='word_1_264' title='bbox 817 4237 853 4307; x_wconf 84' lang='lat' dir='ltr'><strong>et</strong></span> <span class='ocrx_word' id='word_1_265' title='bbox 875 4235 1052 4308; x_wconf 79' lang='lat' dir='ltr'><strong>draoitaroa</strong></span> <span class='ocrx_word' id='word_1_266' title='bbox 1074 4237 1198 4323; x_wconf 81' lang='lat' dir='ltr'><strong>laetae,</strong></span> <span class='ocrx_word' id='word_1_267' title='bbox 1221 4236 1402 4309; x_wconf 79' lang='lat' dir='ltr'><strong>Kaalmtrur</strong></span> <span class='ocrx_word' id='word_1_268' title='bbox 1424 4236 1495 4309; x_wconf 75' lang='lat' dir='ltr'><strong>bsx</strong></span> <span class='ocrx_word' id='word_1_269' title='bbox 1509 4253 1614 4309; x_wconf 73' lang='lat' dir='ltr'><strong>aaron</strong></span> 
     </span>
     <span class='ocr_line' id='line_1_28' title="bbox 573 4354 1117 4446; baseline 0.006 -20"><span class='ocrx_word' id='word_1_270' title='bbox 573 4355 721 4427; x_wconf 72' lang='lat' dir='ltr'><strong>eruatis</strong></span> <span class='ocrx_word' id='word_1_271' title='bbox 743 4354 872 4427; x_wconf 75' lang='lat' dir='ltr'><strong>Prosda</strong></span> <span class='ocrx_word' id='word_1_272' title='bbox 893 4355 1117 4446; x_wconf 73' lang='lat' dir='ltr'><strong>rapinam.</strong></span> 
     </span>
    </p>
   </div>
   <div class='ocr_carea' id='block_1_5' title="bbox 68 4598 1614 5178">
    <p class='ocr_par' dir='ltr' id='par_1_6' title="bbox 68 4598 1614 5178">
     <span class='ocr_line' id='line_1_29' title="bbox 171 4598 1614 4698; baseline 0.005 -26"><span class='ocrx_word' id='word_1_273' title='bbox 171 4598 236 4674; x_wconf 88' lang='lat' dir='ltr'><strong>Die</strong></span> <span class='ocrx_word' id='word_1_274' title='bbox 263 4600 359 4674; x_wconf 88' lang='lat' dir='ltr'><strong>Solis</strong></span> <span class='ocrx_word' id='word_1_275' title='bbox 378 4600 482 4675; x_wconf 88' lang='lat' dir='ltr'><strong>tertia</strong></span> <span class='ocrx_word' id='word_1_276' title='bbox 504 4601 589 4675; x_wconf 90' lang='lat' dir='ltr'><strong>llaii</strong></span> <span class='ocrx_word' id='word_1_277' title='bbox 604 4600 647 4690; x_wconf 77' lang='lat'><strong>⁵),</strong></span> <span class='ocrx_word' id='word_1_278' title='bbox 676 4601 792 4677; x_wconf 89' lang='lat' dir='ltr'><strong>diaeta</strong></span> <span class='ocrx_word' id='word_1_279' title='bbox 819 4603 1107 4696; x_wconf 77' lang='lat' dir='ltr'><strong>Pyotrkoriensis</strong></span> <span class='ocrx_word' id='word_1_280' title='bbox 1131 4603 1188 4697; x_wconf 87' lang='lat' dir='ltr'><strong>agi</strong></span> <span class='ocrx_word' id='word_1_281' title='bbox 1206 4607 1329 4696; x_wconf 89' lang='lat' dir='ltr'><strong>ooepta</strong></span> <span class='ocrx_word' id='word_1_282' title='bbox 1348 4609 1420 4693; x_wconf 91' lang='lat' dir='ltr'><strong>est,</strong></span> <span class='ocrx_word' id='word_1_283' title='bbox 1449 4607 1614 4698; x_wconf 90' lang='lat' dir='ltr'><strong>adquam</strong></span> 
     </span>
     <span class='ocr_line' id='line_1_30' title="bbox 68 4718 1612 4817; baseline 0.004 -25"><span class='ocrx_word' id='word_1_284' title='bbox 68 4718 269 4794; x_wconf 85' lang='lat' dir='ltr'><strong>Kaaimirus</strong></span> <span class='ocrx_word' id='word_1_285' title='bbox 300 4719 468 4796; x_wconf 88' lang='lat' dir='ltr'><strong>Poloniae</strong></span> <span class='ocrx_word' id='word_1_286' title='bbox 498 4722 575 4796; x_wconf 82' lang='lat' dir='ltr'><strong>Rex</strong></span> <span class='ocrx_word' id='word_1_287' title='bbox 603 4743 647 4796; x_wconf 84' lang='lat' dir='ltr'><strong>ex</strong></span> <span class='ocrx_word' id='word_1_288' title='bbox 675 4722 882 4812; x_wconf 89' lang='lat' dir='ltr'><strong>Lithuania,</strong></span> <span class='ocrx_word' id='word_1_289' title='bbox 915 4723 953 4796; x_wconf 90' lang='lat' dir='ltr'><strong>iu</strong></span> <span class='ocrx_word' id='word_1_290' title='bbox 980 4745 1050 4816; x_wconf 86' lang='lat' dir='ltr'><strong>qua</strong></span> <span class='ocrx_word' id='word_1_291' title='bbox 1077 4728 1134 4816; x_wconf 90' lang='lat' dir='ltr'><strong>(ut</strong></span> <span class='ocrx_word' id='word_1_292' title='bbox 1160 4724 1198 4813; x_wconf 87' lang='lat' dir='ltr'><strong>in</strong></span> <span class='ocrx_word' id='word_1_293' title='bbox 1225 4725 1463 4817; x_wconf 89' lang='lat' dir='ltr'><strong>superioribus</strong></span> <span class='ocrx_word' id='word_1_294' title='bbox 1496 4732 1612 4800; x_wconf 91' lang='lat' dir='ltr'><strong>osten·</strong></span> 
     </span>
     <span class='ocr_line' id='line_1_31' title="bbox 69 4838 1614 4941; baseline 0.005 -30"><span class='ocrx_word' id='word_1_295' title='bbox 69 4838 201 4930; x_wconf 89' lang='lat' dir='ltr'><strong>dimus)</strong></span> <span class='ocrx_word' id='word_1_296' title='bbox 236 4845 374 4932; x_wconf 88' lang='lat' dir='ltr'><strong>tempus</strong></span> <span class='ocrx_word' id='word_1_297' title='bbox 410 4840 537 4914; x_wconf 89' lang='lat' dir='ltr'><strong>hiemis</strong></span> <span class='ocrx_word' id='word_1_298' title='bbox 569 4842 781 4934; x_wconf 88' lang='lat' dir='ltr'><strong>absumpsit,</strong></span> <span class='ocrx_word' id='word_1_299' title='bbox 817 4864 879 4935; x_wconf 89' lang='lat' dir='ltr'><strong>per</strong></span> <span class='ocrx_word' id='word_1_300' title='bbox 906 4842 1094 4917; x_wconf 82' lang='lat' dir='ltr'><strong>Drohieuin</strong></span> <span class='ocrx_word' id='word_1_301' title='bbox 1126 4849 1161 4918; x_wconf 94' lang='lat' dir='ltr'><strong>et</strong></span> <span class='ocrx_word' id='word_1_302' title='bbox 1188 4845 1339 4935; x_wconf 89' lang='lat' dir='ltr'><strong>Radom,</strong></span> <span class='ocrx_word' id='word_1_303' title='bbox 1372 4846 1510 4941; x_wconf 85' lang='lat' dir='ltr'><strong>Regina</strong></span> <span class='ocrx_word' id='word_1_304' title='bbox 1541 4845 1614 4920; x_wconf 85' lang='lat' dir='ltr'><strong>Eli·</strong></span> 
     </span>
     <span class='ocr_line' id='line_1_32' title="bbox 70 4958 1614 5054; baseline 0.005 -22"><span class='ocrx_word' id='word_1_305' title='bbox 70 4958 192 5033; x_wconf 91' lang='lat' dir='ltr'><strong>sabeth</strong></span> <span class='ocrx_word' id='word_1_306' title='bbox 222 4981 301 5033; x_wconf 87' lang='lat' dir='ltr'><strong>oum</strong></span> <span class='ocrx_word' id='word_1_307' title='bbox 333 4959 539 5054; x_wconf 88' lang='lat' dir='ltr'><strong>pignoribus</strong></span> <span class='ocrx_word' id='word_1_308' title='bbox 571 4966 606 5034; x_wconf 92' lang='lat' dir='ltr'><strong>et</strong></span> <span class='ocrx_word' id='word_1_309' title='bbox 636 4961 897 5054; x_wconf 91' lang='lat' dir='ltr'><strong>impedimentis</strong></span> <span class='ocrx_word' id='word_1_310' title='bbox 928 4963 965 5036; x_wconf 89' lang='lat' dir='ltr'><strong>in</strong></span> <span class='ocrx_word' id='word_1_311' title='bbox 993 4964 1130 5037; x_wconf 86' lang='lat' dir='ltr'><strong>Noram</strong></span> <span class='ocrx_word' id='word_1_312' title='bbox 1162 4963 1349 5039; x_wconf 73' lang='lat' dir='ltr'><strong>diritatem</strong></span> <span class='ocrx_word' id='word_1_313' title='bbox 1380 4965 1534 5040; x_wconf 84' lang='lat' dir='ltr'><strong>Korouin</strong></span> <span class='ocrx_word' id='word_1_314' title='bbox 1560 4987 1614 5040; x_wconf 92' lang='lat' dir='ltr'><strong>re-</strong></span> 
     </span>
     <span class='ocr_line' id='line_1_33' title="bbox 71 5079 1614 5178; baseline 0.006 -27"><span class='ocrx_word' id='word_1_315' title='bbox 71 5079 193 5169; x_wconf 91' lang='lat' dir='ltr'><strong>missa,</strong></span> <span class='ocrx_word' id='word_1_316' title='bbox 227 5079 379 5154; x_wconf 86' lang='lat' dir='ltr'><strong>aduenit.</strong></span> <span class='ocrx_word' id='word_1_317' title='bbox 414 5081 460 5153; x_wconf 84' lang='lat' dir='ltr'><strong>llt</strong></span> <span class='ocrx_word' id='word_1_318' title='bbox 487 5081 699 5155; x_wconf 85' lang='lat' dir='ltr'><strong>oonsiliariis</strong></span> <span class='ocrx_word' id='word_1_319' title='bbox 731 5081 867 5156; x_wconf 91' lang='lat' dir='ltr'><strong>tardius</strong></span> <span class='ocrx_word' id='word_1_320' title='bbox 895 5081 1179 5173; x_wconf 82' lang='lat' dir='ltr'><strong>advenientibus,</strong></span> <span class='ocrx_word' id='word_1_321' title='bbox 1218 5085 1254 5158; x_wconf 91' lang='lat' dir='ltr'><strong>in</strong></span> <span class='ocrx_word' id='word_1_322' title='bbox 1290 5085 1526 5178; x_wconf 88' lang='lat' dir='ltr'><strong>legationibus</strong></span> <span class='ocrx_word' id='word_1_323' title='bbox 1554 5109 1614 5160; x_wconf 88' lang='lat' dir='ltr'><strong>au-</strong></span> 
     </span>
    </p>
   </div>
   <div class='ocr_carea' id='block_1_6' title="bbox 68 5341 1614 5546">
    <p class='ocr_par' dir='ltr' id='par_1_7' title="bbox 68 5341 1614 5546">
     <span class='ocr_line' id='line_1_34' title="bbox 175 5341 1614 5442; baseline 0.006 -26"><span class='ocrx_word' id='word_1_324' title='bbox 175 5353 199 5434; x_wconf 82' lang='grc'><strong>1)</strong></span> <span class='ocrx_word' id='word_1_325' title='bbox 222 5354 389 5418; x_wconf 71' lang='lat' dir='ltr'><strong>mamona</strong></span> <span class='ocrx_word' id='word_1_326' title='bbox 411 5351 474 5418; x_wconf 79' lang='lat' dir='ltr'><strong>uu.</strong></span> <span class='ocrx_word' id='word_1_327' title='bbox 494 5353 585 5438; x_wconf 65' lang='lat' dir='ltr'><strong>arpa.</strong></span> <span class='ocrx_word' id='word_1_328' title='bbox 609 5355 634 5432; x_wconf 82' lang='lat'><strong>²)</strong></span> <span class='ocrx_word' id='word_1_329' title='bbox 657 5356 818 5420; x_wconf 70' lang='lat' dir='ltr'><strong>camum</strong></span> <span class='ocrx_word' id='word_1_330' title='bbox 839 5358 981 5420; x_wconf 83' lang='lat' dir='ltr'><strong>Potoniae</strong></span> <span class='ocrx_word' id='word_1_331' title='bbox 1003 5359 1066 5420; x_wconf 68' lang='lat' dir='ltr'><strong>aa</strong></span> <span class='ocrx_word' id='word_1_332' title='bbox 1081 5355 1144 5420; x_wconf 77' lang='lat' dir='ltr'><strong>uu.</strong></span> <span class='ocrx_word' id='word_1_333' title='bbox 1161 5356 1254 5442; x_wconf 67' lang='lat' dir='ltr'><strong>urps.</strong></span> <span class='ocrx_word' id='word_1_334' title='bbox 1271 5357 1300 5440; x_wconf 82' lang='lat'><strong>³)</strong></span> <span class='ocrx_word' id='word_1_335' title='bbox 1314 5341 1354 5421; x_wconf 70' lang='lat' dir='ltr'><strong>aa</strong></span> <span class='ocrx_word' id='word_1_336' title='bbox 1369 5361 1544 5424; x_wconf 71' lang='lat' dir='ltr'><strong>catarrum</strong></span> <span class='ocrx_word' id='word_1_337' title='bbox 1558 5362 1614 5424; x_wconf 75' lang='lat' dir='ltr'><strong>aa·</strong></span> 
     </span>
     <span class='ocr_line' id='line_1_35' title="bbox 68 5451 1174 5546; baseline 0.006 -29"><span class='ocrx_word' id='word_1_338' title='bbox 68 5475 134 5534; x_wconf 86' lang='lat' dir='ltr'><strong>gem</strong></span> <span class='ocrx_word' id='word_1_339' title='bbox 156 5451 221 5518; x_wconf 80' lang='lat' dir='ltr'><strong>Ed.</strong></span> <span class='ocrx_word' id='word_1_340' title='bbox 244 5455 334 5542; x_wconf 80' lang='lat' dir='ltr'><strong>Lipa.</strong></span> <span class='ocrx_word' id='word_1_341' title='bbox 359 5455 385 5540; x_wconf 88' lang='lat'><strong>⁴)</strong></span> <span class='ocrx_word' id='word_1_342' title='bbox 409 5477 494 5522; x_wconf 90' lang='lat' dir='ltr'><strong>suum</strong></span> <span class='ocrx_word' id='word_1_343' title='bbox 515 5456 579 5523; x_wconf 77' lang='lat' dir='ltr'><strong>Ed.</strong></span> <span class='ocrx_word' id='word_1_344' title='bbox 603 5456 693 5543; x_wconf 74' lang='lat' dir='ltr'><strong>Dipo.</strong></span> <span class='ocrx_word' id='word_1_345' title='bbox 719 5457 745 5540; x_wconf 79' lang='lat'><strong>⁶)</strong></span> <span class='ocrx_word' id='word_1_346' title='bbox 767 5461 877 5523; x_wconf 86' lang='lat' dir='ltr'><strong>mensis</strong></span> <span class='ocrx_word' id='word_1_347' title='bbox 900 5462 972 5522; x_wconf 85' lang='lat' dir='ltr'><strong>Maii</strong></span> <span class='ocrx_word' id='word_1_348' title='bbox 993 5457 1059 5524; x_wconf 81' lang='lat' dir='ltr'><strong>Ed.</strong></span> <span class='ocrx_word' id='word_1_349' title='bbox 1083 5459 1174 5546; x_wconf 80' lang='lat' dir='ltr'><strong>Lips.</strong></span> 
     </span>
    </p>
   </div>
   <div class='ocr_carea' id='block_1_7' title="bbox 0 0 2031 6276">
    <p class='ocr_par' dir='ltr' id='par_1_8' title="bbox 0 0 2031 6276">
     <span class='ocr_line' id='line_1_36' title="bbox 0 0 2031 6276; baseline 0 0"><span class='ocrx_word' id='word_1_350' title='bbox 0 0 2031 6276; x_wconf 95' lang='lat' dir='ltr'><strong> </strong></span> 
     </span>
    </p>
   </div>
  </div>
 </body>
</html>
