4046 6278
71 489 141 630 (A.
156 530 201 606 D.
224 528 352 628 1464.)
587 551 701 606 omna
726 531 1112 620 monocentaurum).
1546 522 1621 601 885

70 757 157 829 pore
182 737 408 811 rebellionem
432 737 598 810 aduersus
632 757 711 809 enm
739 736 991 828 praestiterat),
1025 735 1234 828 quingentos
1261 733 1393 807 habens
1421 734 1464 808 de
1483 734 1511 824 ¹)
1539 743 1619 827 pro·-

70 858 151 948 pria
177 863 281 950 gente
308 862 475 945 armatos,
505 857 561 928 cui
588 855 775 948 Iurgilibel
803 855 949 944 Siesita,
977 876 1070 928 unus
1098 876 1141 928 en
1169 853 1362 947 capitaneis
1386 853 1620 943 cruciarius,

72 997 156 1050 cum
193 977 357 1070 gentibus
384 978 426 1050 de
454 976 663 1068 Ghopniena,
698 996 786 1068 quae
816 996 997 1050 numerum
1030 975 1330 1068 septingentorum
1362 995 1529 1067 equorum
1561 995 1622 1050 er·

69 1097 233 1188 plebani,
261 1098 298 1170 in
326 1097 491 1170 solatium
506 1095 537 1184 ²)
566 1097 768 1183 advenerat,
797 1096 840 1167 ad
868 1097 1065 1187 praefatum
1097 1094 1263 1188 oppidum
1294 1095 1453 1188 Kolberg
1479 1096 1620 1168 clande-

72 1217 182 1289 stinis
209 1217 411 1304 itineribus,
441 1221 546 1288 noctu
574 1216 665 1288 illud
692 1216 966 1307 intercepturos,
994 1214 1153 1288 accmsit.
1182 1213 1256 1288 Nec
1283 1232 1364 1306 spes
1392 1213 1494 1286 illum
1523 1215 1621 1288 lclcl-

73 1337 199 1426 lisset,
232 1337 303 1409 nisi
335 1337 430 1410 cives
458 1336 500 1408 de
523 1335 680 1427 Kolbcrg
710 1334 877 1408 beneficio
908 1335 1039 1408 civium
1071 1333 1308 1407 Gdanensium
1335 1335 1378 1408 de
1403 1333 1559 1426 periculo
1586 1335 1624 1408 in

73 1457 164 1528 illos
192 1462 390 1548 comparato
418 1455 562 1543 arisati,
596 1455 805 1528 introductis
840 1455 1005 1548 gentibus
1040 1453 1152 1545 pretio
1179 1453 1377 1544 conductis,
1406 1474 1540 1528 omnem
1561 1475 1622 1548 po·

70 1577 222 1650 tentiam
250 1577 497 1668 episcopalem,
528 1596 631 1666 quam
658 1579 738 1649 ante
765 1596 903 1648 murum
931 1582 967 1648 et
994 1560 1211 1648 antemurale
1238 1575 1467 1650 conscendere
1494 1575 1622 1668 permi-

71 1701 209 1785 serant,
238 1696 426 1770 crudeliter
453 1695 698 1782 obtrivissent,
728 1700 763 1768 et
789 1699 961 1784 caeteros,
991 1695 1052 1786 qui
1079 1700 1263 1769 evaserant
1289 1695 1457 1784 insecuti,
1486 1701 1548 1768 aut
1566 1715 1622 1769 oc-

71 1817 259 1904 cidissent,
293 1822 355 1888 aut
382 1816 633 1908 captivassent.
666 1815 850 1888 Accidisse
879 1815 953 1888 suis
981 1820 1053 1888 tam
1081 1815 1219 1890 tristem
1247 1821 1393 1904 sortem,
1423 1816 1624 1890 Omciierici

70 1937 224 2025 milites,
254 1937 314 2028 qui
342 1937 556 2009 obsidionem
584 1935 621 2008 in
649 1935 778 2028 Gnyeu
805 1937 1057 2024 toleraverant,
1085 1955 1149 2008 nec
1166 1935 1267 2008 taciti
1286 1936 1427 2028 quidem
1445 1937 1623 2010 laetaban-

71 2062 150 2146 tur,
181 2058 272 2148 quod
299 2079 409 2129 novas
437 2057 601 2130 civitates
629 2057 851 2148 conquirere,
884 2077 988 2148 quam
1020 2056 1152 2129 dudum
1179 2055 1349 2148 quaesitis
1377 2063 1412 2130 et
1439 2057 1508 2130 sibi
1536 2060 1625 2132 ferre

72 2176 242 2268 suffragia
269 2177 487 2250 maluissent.
516 2176 650 2249 Milites
678 2175 880 2250 Oruciferici
911 2177 949 2248 in
974 2176 1149 2270 praesidio
1177 2175 1298 2268 oppidi
1323 2177 1511 2250 Fridlanth
1542 2195 1622 2256 con·

73 2295 212 2385 stituti,
242 2297 325 2368 dum
353 2297 397 2368 ad
425 2301 616 2370 extremam
644 2317 681 2370 se
710 2296 992 2389 indignarentur,
1025 2300 1169 2388 propter
1194 2317 1264 2369 non
1292 2298 1409 2370 soluta
1435 2297 1623 2389 stipendia,

72 2416 278 2507 pervenisse
306 2421 511 2508 egestatem,
547 2415 673 2507 oppido
700 2415 889 2488 Fridlanth
916 2416 1097 2508 tyrannice
1125 2417 1277 2508 spoliato
1305 2421 1339 2490 et
1366 2417 1522 2506 incenso,
1552 2418 1623 2492 dio·

74 2536 216 2608 cedunt.
250 2537 451 2610 Bernhardo
484 2535 734 2608 Schumborski
766 2536 980 2610 obsidionem
1008 2557 1151 2609 suornm
1179 2542 1372 2610 castrorum
1403 2539 1625 2614 vehementer

73 2655 351 2746 pertimescenti,
381 2662 416 2729 et
442 2661 585 2747 propter
611 2657 676 2728 hoc
703 2656 823 2728 foedus
852 2656 920 2728 sibi
947 2657 1119 2748 praestari
1146 2678 1167 2729 a
1193 2657 1373 2730 Kanimiro
1400 2659 1495 2752 Rege
1518 2679 1623 2752 expe·

75 2775 171 2848 tenti
199 2781 361 2866 (noverat
384 2777 477 2848 enim
496 2776 589 2848 vires
616 2775 778 2868 Magistri
797 2795 974 2868 exangues
993 2779 1065 2850 iore
1080 2774 1123 2866 ³),
1152 2777 1273 2850 foedus
1290 2778 1348 2852 his
1366 2777 1625 2853 conditionibus

75 2915 281 2969 concessum
310 2902 378 2969 cst:
408 2901 448 2968 nt
476 2895 641 2987 oppidum
668 2895 875 2969 Ghelmense
893 2901 928 2968 et
946 2900 1100 2970 castrum
1127 2897 1328 2990 antiquum,
1357 2899 1442 2972 item
1468 2901 1622 2974 castrum

75 3021 110 3089 et
134 3016 304 3108 oppidum
332 3017 541 3103 Brodrricaa,
571 3016 701 3108 absque
721 3017 941 3109 impetitione
958 3016 1077 3109 regiae
1094 3017 1207 3108 partis
1226 3023 1358 3107 teneat,
1387 3019 1477 3112 Regi
1495 3019 1622 3110 emnia,

74 3136 170 3209 bello
199 3137 299 3209 finito
319 3142 353 3210 et
372 3137 464 3210 terra
481 3136 696 3208 Pruthenica
715 3137 929 3228 conquisita,
957 3141 1098 3229 recepta
1115 3138 1328 3229 competenti
1346 3139 1518 3226 mercede,
1546 3139 1622 3214 red-

75 3257 235 3345 diturus;
264 3257 406 3332 interim
434 3257 477 3330 ab
505 3256 599 3328 omni
625 3256 824 3330 hostilitate
850 3257 888 3328 in
915 3257 1047 3349 Regem
1074 3261 1109 3330 et
1132 3277 1214 3330 suos
1233 3279 1270 3332 se
1289 3258 1482 3348 contineat,
1510 3259 1625 3352 regios

75 3377 230 3463 milites,
258 3381 466 3450 mercatores
494 3380 529 3448 et
557 3395 781 3468 quoscunque
808 3377 986 3466 subditos,
1013 3377 1051 3449 in
1078 3397 1161 3450 suas
1188 3379 1329 3452 tenutas
1345 3383 1501 3470 receptet
1518 3384 1554 3452 et
1572 3381 1622 3450 i-

76 3503 176 3586 ucat,
206 3496 432 3570 Orncifcricos
460 3496 642 3589 propulset
656 3496 700 3584 ⁴).

76 3850 224 3940 tatem
246 3851 474 3922 lithuanormr
495 3850 529 3921 iu
552 3849 689 3922 lolonca
710 3851 849 3922 aninum
871 3851 941 3922 lter
962 3851 1143 3924 [ommim
1165 3851 1298 3924 arerffl.
1320 3851 1456 3942 beardo
1477 3851 1627 3944 episcope

372 3969 612 4059 lredmcrcnsi
634 3971 774 4056 mortuo,
797 3970 937 4042 llatliaa
958 3971 1000 4044 dc
1021 3971 1164 4061 repulsa
1184 3971 1341 4044 cumedit.

184 4215 388 4289 Karimirus
416 4217 627 4290 Polonorum
650 4217 729 4291 Rex
746 4217 785 4290 iu
804 4217 1016 4290 Lithuaniae
1043 4219 1217 4292 Ducutum
1240 4239 1321 4292 cunr
1338 4223 1497 4295 consorte
1516 4241 1580 4294 sua
1594 4220 1626 4312 ⁶)

79 4337 288 4425 adveniens,
317 4337 392 4410 dies
420 4339 527 4410 festos
554 4337 695 4411 Natalis
722 4337 853 4411 Christi
883 4338 977 4430 apud
1003 4337 1142 4412 (trodro
1170 4338 1258 4432 egit,
1287 4343 1323 4413 et
1348 4342 1537 4414 nonnullos
1564 4341 1624 4414 Li·

80 4457 250 4530 thuaniae
277 4457 439 4547 barones,
468 4458 570 4530 novis
596 4458 700 4532 robus
720 4459 916 4548 studentes,
945 4459 1170 4551 compescuit.
1199 4458 1360 4533 Dicebam
1378 4460 1522 4554 insuper
1541 4461 1625 4534 Par·

81 4577 301 4652 croviensem
316 4577 348 4666 ⁶)
374 4598 437 4668 pro
465 4577 522 4650 die
548 4578 809 4651 Purificationie
837 4578 1017 4671 (quoniam
1044 4578 1285 4653 verisimiliter
1311 4579 1404 4654 inter
1421 4579 1573 4655 Polones
1592 4587 1628 4656 et

80 4697 280 4770 Lithnanos
308 4695 531 4770 seminarium
559 4697 709 4771 alicuius
737 4699 814 4771 litis
841 4705 903 4772 aut
930 4699 1001 4772 odii
1033 4699 1193 4774 excitura
1227 4720 1289 4791 pro
1325 4701 1430 4775 terris
1461 4701 1627 4776 Podoliae

84 4826 122 4891 et
148 4818 323 4906 Lucnsho,
361 4837 449 4909 quas
481 4817 679 4891 alterutrim
695 4819 727 4908 7)
753 4820 972 4910 repetebant,
1001 4819 1213 4910 uidebatur),
1241 4820 1279 4893 in
1305 4819 1397 4894 diem
1414 4820 1627 4895 Natiuitatis

84 4937 235 5012 Sanctae
261 4937 391 5010 Mariae
405 4936 438 5026 ⁸)
465 4938 695 5030 transposuit.
724 4939 945 5032 Spectatores
972 4961 1010 5014 se
1028 4939 1168 5033 quidem
1195 4939 1366 5015 hithuuni
1384 4940 1422 5013 in
1440 4962 1516 5017 eam
1535 4941 1626 5016 diem

191 5228 214 5310 ¹)
236 5231 267 5291 in
289 5227 352 5295 Ed.
368 5227 459 5313 laps.
483 5229 507 5308 ²)
530 5229 671 5290 amilium
692 5226 755 5291 Ed.
778 5225 869 5313 Lips.
894 5228 919 5309 ³)
943 5247 1009 5292 esse
1031 5225 1096 5292 Ed.
1118 5226 1210 5313 Lipe.
1239 5227 1265 5309 ι)
1288 5231 1447 5295 Ornciieris
1468 5232 1630 5309 propulsis.

84 5329 149 5396 Ed.
173 5329 265 5416 laps.
297 5331 323 5414 5)
347 5351 413 5396 cum
436 5339 570 5396 consorte
592 5351 647 5394 sua
668 5333 822 5396 Elisabeth
847 5332 963 5410 Regina
983 5329 1048 5394 Ed.
1071 5330 1162 5415 Lipe.
1193 5330 1220 5414 ⁶)
1237 5334 1524 5412 ¹Pyctlrrcovienscm
1552 5332 1632 5400 de²

86 5432 175 5500 Colo.
200 5434 225 5516 τ)
248 5453 323 5515 quas
344 5437 483 5515 euinque
504 5432 567 5498 Ed.
591 5432 684 5518 Lipe.
708 5431 734 5515 8)
758 5431 887 5500 Sanctam
908 5435 1020 5498 Manae
1041 5435 1173 5514 Virginis
1195 5432 1259 5499 Ed.
1282 5433 1373 5521 Lipe.

109 5587 134 5634 J,
146 5587 243 5640 magea.
254 5587 342 5631 maor.
355 5586 435 5630 Pelen.
449 5585 475 5630 Ψ.
488 5587 516 5630 V.
1421 5570 1456 5626 49
