4090 6290
374 533 450 610 620
880 559 992 612 arnna
1020 557 1265 612 nuonnonrus
1293 538 1407 629 (xm).
1643 533 1711 635 (Α.
1732 533 1779 608 D.
1800 531 1929 632 1475.)

373 766 456 834 now,
485 745 568 817 dum
595 765 635 817 eo
663 743 818 817 dieram
846 743 1017 832 divinam,
1046 742 1250 834 intelligens
1278 763 1315 814 se
1342 743 1603 835 languidatnm,
1633 764 1695 834 per
1723 763 1761 816 se
1787 742 1928 834 exples·

374 869 444 952 set,
472 865 603 937 lectum
630 863 828 956 ingressus,
861 885 923 955 per
951 883 1108 954 soporem
1140 862 1304 951 moritur,
1339 867 1374 934 et
1406 862 1442 933 in
1471 863 1713 935 Praemisliam
1747 862 1929 948 reductae,

273 1047 279 1064 .
374 985 412 1057 in
439 985 588 1058 ecclesia
615 983 824 1072 cathedrali,
854 983 954 1056 cuius
981 983 1058 1074 ipse
1086 981 1161 1054 suis
1190 982 1389 1074 sumptibus
1422 983 1565 1054 chorum
1593 1004 1637 1054 ex
1665 983 1816 1054 materia
1843 1004 1930 1072 qna-

374 1105 516 1176 drorum
536 1105 562 1194 ¹)
591 1105 747 1196 lapidum
776 1104 944 1176 ecclesiae
972 1101 1191 1176 Ruthenicae
1218 1102 1255 1173 in
1283 1123 1361 1176 arco
1387 1102 1650 1174 Praemisliensi
1669 1102 1873 1174 dissolutae
1887 1100 1930 1188 ²),

374 1225 523 1316 pulchra
551 1225 681 1297 fabrica
709 1228 883 1312 erexerat,
913 1223 1092 1315 sepelitur.
1121 1223 1220 1296 Sedit
1239 1223 1341 1295 annis
1361 1222 1489 1315 viginti
1508 1223 1639 1310 tribus,
1659 1223 1716 1295 vir
1735 1223 1931 1309 modestus,

377 1349 413 1417 et
440 1345 478 1417 in
505 1366 542 1418 re
569 1344 690 1418 diuina
723 1345 897 1436 explenda
930 1343 1105 1416 assiduus.
1139 1344 1183 1415 In
1214 1342 1383 1435 regimine
1414 1343 1610 1434 pontificali
1641 1343 1798 1435 pervigil
1825 1362 1932 1414 exon·

377 1464 486 1552 bitor:
516 1465 551 1536 in
580 1465 856 1537 adversitatibus
884 1463 1038 1555 patiens,
1068 1485 1157 1555 qnae
1184 1463 1241 1535 illi
1268 1485 1288 1534 a
1316 1463 1491 1536 militibus
1519 1464 1609 1535 bona
1629 1463 1860 1554 episcopatus
1881 1463 1933 1533 in-

377 1584 484 1657 iustis
512 1585 687 1658 limitibus
707 1605 875 1675 occupare
893 1583 1089 1656 nitentibus
1109 1583 1357 1656 inferebantur.
1388 1579 1607 1674 capitulares
1626 1583 1932 1669 Praemislienses,

381 1703 450 1778 etsi
476 1727 538 1797 pro
569 1704 739 1778 electione
766 1704 878 1776 futuri
909 1703 1086 1793 pontilicis
1119 1703 1323 1777 vicesimam
1355 1711 1512 1775 octavam
1541 1703 1659 1776 Martii
1676 1703 1706 1792 3)
1736 1704 1934 1775 dixissent:

377 1845 440 1916 per
465 1825 686 1898 Kaaimirum
713 1830 830 1898 tamen
858 1823 1024 1897 Poloniae
1052 1825 1183 1916 Regem
1211 1829 1246 1896 et
1273 1824 1437 1896 arantium
1465 1807 1540 1896 dius
1561 1823 1794 1915 Spithhonem
1815 1823 1860 1896 do
1880 1823 1934 1895 Ia-

377 1946 503 2018 roslau
533 1945 730 2037 palatinum
762 1943 1045 2036 Leopoliensem,
1077 1943 1263 2035 prohibiti,
1298 1944 1546 2017 continuerunt
1581 1965 1618 2016 se
1645 1945 1689 2016 ab
1718 1944 1816 2016 omni
1844 1944 1936 2016 eleo·

379 2063 485 2138 tione.
515 2065 641 2156 Itaque
669 2065 768 2138 sedes
795 2063 1077 2137 Praemislieusis
1109 2064 1291 2155 aliquanto
1324 2069 1495 2155 tempore,
1530 2069 1564 2137 et
1590 2085 1702 2155 usque
1730 2063 1775 2136 ad
1804 2084 1938 2135 annum

380 2183 521 2258 Domini
549 2184 777 2258 Millesimum
815 2183 1202 2277 Quadringentesimum
1236 2185 1534 2277 septuagesimum
1563 2183 1751 2275 septimum
1780 2183 1937 2271 vacarit,

381 2305 446 2378 sab
475 2305 569 2377 omni
587 2304 651 2376 illo
671 2309 825 2396 tempore
848 2305 891 2376 ab
919 2303 1263 2378 administratoribus
1291 2306 1484 2397 gubernata
1499 2305 1543 2392 ⁴),
1575 2305 1683 2377 donec
1710 2305 1878 2376 Andreae
1898 2304 1939 2376 de

381 2423 524 2516 Oporow
543 2425 704 2516 episcopo
723 2423 937 2511 Vermienei,
967 2425 1011 2496 ad
1038 2425 1325 2498 intercessionem
1343 2424 1516 2497 Kanimiri
1534 2425 1703 2498 Poloniae
1722 2425 1854 2515 Regis,
1877 2445 1939 2514 per

382 2543 523 2617 Sixtum
543 2544 675 2636 Papam
694 2547 874 2636 quartum,
905 2566 973 2636 quo
1002 2544 1128 2616 lortius
1147 2545 1294 2617 Nicolao
1314 2546 1459 2638 Tunger
1478 2546 1615 2617 intruso
1635 2543 1837 2617 Varmiensi
1858 2565 1938 2636 pos·

383 2668 437 2737 set
462 2663 642 2753 resistere,
671 2665 910 2739 commendata
937 2669 1003 2736 est.

826 3015 1039 3128 ANNUS
1075 3017 1306 3129 DOMINI
1341 3013 1478 3131 1475.

471 3260 610 3332 loedere
632 3259 828 3332 matrimonii
851 3275 923 3330 cum
944 3259 1127 3331 oratoribus
1149 3259 1306 3330 11111111
1328 3260 1446 3332 bocum
1468 3260 1551 3345 toto,
1578 3260 1760 3332 liaaimima
1782 3261 1855 3331 llam

990 3379 1194 3451 lithuaniam
1216 3381 1334 3469 pergit.

489 3625 631 3698 Natalis
658 3624 791 3698 Christi
809 3625 883 3698 dios
902 3646 980 3698 cum
1000 3625 1203 3699 Karimirus
1222 3626 1391 3700 Poloniae
1410 3629 1488 3700 Rex
1508 3648 1586 3699 oum
1605 3625 1790 3700 Elisabeth
1806 3627 1839 3717 ⁵)
1859 3649 1940 3701 con·
2031 3599 2032 3632 ³

388 3749 482 3819 sorte
510 3767 574 3817 sna
600 3745 637 3817 in
665 3745 802 3818 Radom
827 3745 1019 3838 exegisset,
1048 3766 1127 3818 cum
1155 3747 1351 3818 oratoribus
1380 3751 1415 3818 et
1442 3747 1557 3838 procis
1584 3747 1757 3819 Ludorici
1776 3751 1813 3818 11
1832 3747 1941 3821 Geor-

389 3866 440 3959 gii
467 3867 603 3938 Ducum
631 3865 818 3952 Barariae,
848 3865 913 3938 snb
940 3867 1138 3956 praesentia
1157 3867 1277 3940 Iacobi
1296 3867 1511 3940 Gresnensis
1531 3867 1786 3958 archiepiscopi
1805 3873 1845 3941 et
1864 3868 1941 3941 Sbi·
2030 3859 2032 3960 1

389 3985 471 4079 gnei
498 3983 806 4058 Wladielariensis
840 3983 1011 4076 episcopi,
1047 3986 1212 4058 Dobeslai
1244 3986 1393 4059 Kmitha
1424 3987 1573 4078 palatini
1606 3987 1858 4076 LublinensiS,
1888 3989 1942 4060 Io·

389 4104 516 4178 hannis
544 4104 586 4177 de
613 4103 814 4196 Rithuyani
842 4104 1027 4177 castellani
1056 4106 1350 4179 Sandomiriensis
1374 4113 1410 4180 et
1428 4107 1542 4199 Regni
1569 4107 1736 4179 Poloniae
1761 4109 1941 4196 marasim,

391 4223 523 4298 Un'elis
551 4225 593 4296 de
620 4223 736 4297 Gorlra
763 4224 876 4316 Regni
904 4224 1072 4297 Poloniae
1099 4226 1317 4314 cancellarii,
1347 4227 1482 4300 loedere
1508 4226 1723 4299 matrimonii
1741 4227 1815 4300 icto
1836 4235 1874 4300 11
1892 4228 1942 4300 in·

391 4343 537 4435 scripto,
566 4342 655 4434 ipsis
683 4343 880 4416 oratoribus
908 4343 1070 4417 munifice
1098 4346 1290 4418 muneratis
1319 4351 1354 4419 ot
1373 4347 1410 4419 in
1429 4348 1570 4440 propria
1596 4347 1772 4434 remissis,
1801 4347 1862 4420 die
1881 4349 1942 4420 Sa-

391 4462 503 4552 turni,
523 4462 649 4535 nltima
667 4460 867 4537 Decembris
882 4464 925 4553 ⁰),
956 4485 999 4538 ex
1018 4465 1152 4538 Radom
1172 4467 1368 4552 discedens,
1394 4473 1429 4540 et
1447 4469 1598 4558 primum
1616 4473 1831 4539 nocturnum
1850 4467 1942 4559 apud
2031 4511 2032 4516 ¹

392 4582 591 4673 Koninycae
617 4583 763 4671 taciens,
800 4583 1027 4656 Lithuauiam
1060 4607 1138 4658 cnm
1165 4587 1287 4677 paucis
1320 4587 1463 4659 Polouis
1495 4587 1715 4660 curiensibus
1732 4587 1775 4676 ⁷),
1804 4588 1943 4660 duobus

393 4708 510 4776 tamen
537 4701 622 4775 filiis
653 4703 833 4776 Kanimiro
861 4709 896 4778 et
923 4704 1085 4794 hiberto,
1120 4727 1207 4797 quos
1235 4727 1279 4780 ex
1307 4708 1427 4780 schola
1459 4707 1627 4780 Iohannis
1665 4708 1851 4800 Dlngosch
1884 4709 1943 4780 (la-

392 4821 509 4896 nonici
537 4821 791 4912 cracoviensis,
820 4829 895 4898 tum
923 4824 1074 4916 primum
1103 4828 1397 4918 emancipaverat,
1431 4827 1558 4919 pergit.
1592 4828 1638 4898 Et
1665 4829 1819 4918 primunr
1853 4828 1944 4920 apud

501 5131 525 5204 ¹)
548 5131 757 5209 quadratorum
779 5129 842 5194 Ed.
866 5130 959 5216 repa.
992 5132 1018 5211 1)
1041 5135 1177 5196 Ecclesia
1205 5103 1371 5196 Ruthenioa
1399 5135 1430 5195 in
1453 5154 1521 5196 arce
1550 5136 1769 5197 Praemieliensi
1799 5137 1943 5198 dissoluta

394 5232 457 5298 Ed.
480 5231 571 5317 Mpa.
596 5232 621 5313 ³)
646 5235 724 5298 diem
746 5237 920 5314 vigesimam
943 5241 1077 5298 octavam
1098 5239 1208 5298 mensis
1231 5236 1330 5298 Martii
1353 5233 1416 5299 Ed.
1432 5235 1523 5320 Lipe.
1541 5235 1567 5310 ⁴)
1584 5239 1722 5300 ordinata
1736 5243 1767 5300 et
1780 5241 1944 5315 gubernata

395 5335 580 5504 1111.ὧίρὶ
600 5335 625 5416 ⁵)
650 5357 715 5401 cunr
737 5340 852 5420 Regina
874 5341 1027 5404 Elisabeth
1049 5337 1113 5404 Ed.
1136 5337 1227 5428 [ripa.
1252 5338 1278 5419 θ1
1302 5342 1412 5404 mensis
1435 5342 1607 5404 Decembris
1630 5339 1694 5405 Ed.
1711 5341 1802 5426 Lipa.
1822 5341 1943 5421 ⁷)Auli·

397 5443 441 5514 cis
518 5487 526 5504 .
581 5447 642 5534 apa,
1370 5443 1373 5452 '
