4052 6286
364 494 438 568 524
528 451 534 454 ἱ
871 516 985 570 urana
1012 513 1257 569 nuonncnrus
1285 495 1399 586 (x1r1).
1633 490 1702 591 (Α.
1722 491 1771 565 D.
1791 489 1918 589 1469.)

362 700 558 776 Zdenhonis
585 699 831 793 Konopnicahi
859 705 894 775 et
920 700 1089 774 Iohannis
1107 699 1392 789 Rosaemberski,
1421 704 1706 792 caeterorumque
1726 699 1918 774 Bohemiae

362 826 397 896 et
423 821 599 894 Moraviae
630 822 799 895 baronum
833 821 1102 912 catholicorum,
1136 821 1270 910 nuntii,
1305 821 1470 895 videlicet
1503 822 1679 895 Iohannes
1712 823 1849 914 Zayeca
1880 821 1919 894 de

360 942 466 1016 Kosti
494 941 608 1034 Regni
635 940 824 1014 Bohemiae
852 941 1104 1030 Cancellariue,
1134 946 1169 1014 et
1197 942 1391 1015 Dobeslaus
1420 941 1677 1014 Ouarnohorski
1697 943 1739 1031 ¹).
1770 941 1843 1032 Qui
1861 963 1918 1013 au-

360 1062 529 1136 dientiam
556 1061 668 1150 nacti,
702 1062 854 1153 primunr
887 1060 1023 1135 facinus
1057 1083 1176 1150 suum,
1207 1062 1299 1154 quod
1330 1063 1498 1136 Polouiae
1525 1063 1622 1156 Rege
1649 1067 1685 1134 et
1714 1062 1806 1134 filiis
1835 1062 1917 1150 auia,

261 1189 266 1200 ‘
363 1204 449 1276 quos
478 1183 629 1274 primum
657 1182 694 1255 in
724 1181 913 1254 Bohemiae
940 1183 1072 1276 Regem
1099 1183 1292 1276 elegerant,
1321 1183 1486 1272 desertio,
1516 1183 1686 1256 Mathiam
1714 1182 1921 1275 Hungariae

364 1305 495 1397 Regem
522 1325 585 1395 pro
612 1303 709 1398 Rege
741 1302 948 1396 elegissent,
980 1303 1143 1394 pluribus
1175 1303 1292 1376 causis
1324 1304 1583 1378 cunctationem
1614 1304 1803 1377 Karimiro
1837 1302 1923 1394 Regi

365 1424 576 1510 obiiciendo,
606 1428 641 1498 et
659 1426 780 1518 plures
800 1424 933 1512 clades,
954 1423 1083 1515 quibus
1102 1445 1122 1498 a
1141 1423 1328 1498 Gircilroue
1347 1424 1640 1498 Posndnebracaki
1659 1424 1921 1516 premebantur,

366 1545 567 1638 allegando,
597 1545 790 1619 diluebant.
824 1545 1009 1636 Regabant
1037 1544 1176 1634 deinde,
1210 1550 1250 1617 ut
1276 1545 1372 1637 parti
1399 1565 1516 1618 eorum
1543 1545 1621 1619 Rex
1649 1543 1849 1618 Polonicus
1877 1545 1922 1616 ia

364 1686 483 1739 vorem
512 1665 627 1754 daret,
656 1664 843 1738 haereticis
872 1664 1111 1738 subtraheret:
1140 1665 1216 1738 fieri
1234 1665 1327 1738 enim
1345 1685 1464 1757 posse,
1485 1665 1652 1740 Poloniae
1671 1667 1772 1758 Rege
1792 1665 1924 1738 ferente

366 1785 557 1860 Catholicis
581 1784 747 1858 solatium
762 1783 805 1875 ²),
834 1789 875 1858 ut
901 1785 1058 1858 haeresis
1087 1785 1276 1858 Bohemiae
1303 1785 1406 1858 facile
1433 1787 1536 1858 finem
1563 1786 1733 1878 accipiat3
1768 1807 1853 1858 cuni
1881 1785 1925 1858 sit

364 1907 436 1980 iam
462 1927 524 1998 pro
552 1905 677 1980 maiori
703 1910 804 1998 parte
822 1904 957 1978 attrita.
986 1905 1172 1999 Regabant
1194 1905 1355 1998 insuper,
1375 1910 1415 1979 ut
1434 1927 1512 1978 curn
1530 1907 1627 1999 Rege
1647 1927 1771 1980 eorum
1792 1907 1925 1979 Mathia

365 2026 477 2100 amice
504 2048 540 2100 se
566 2030 719 2120 gereret:
747 2027 851 2117 plura
878 2026 1057 2098 commoda
1085 2027 1313 2115 ostendendo,
1343 2047 1386 2100 en
1414 2047 1533 2099 eorum
1560 2025 1718 2099 amicitia
1746 2027 1858 2100 rebus
1886 2028 1923 2100 t-

366 2147 423 2220 dei
449 2151 485 2221 et
511 2148 712 2238 Regnorum
743 2149 972 2238 proventura,
1007 2166 1114 2237 seque
1146 2151 1181 2219 et
1208 2150 1362 2219 caeteros
1395 2145 1583 2220 Bohemiae
1614 2147 1786 2220 Preceres
1817 2147 1925 2218 omni·

366 2289 454 2362 gene
481 2266 683 2355 adnisuros,
712 2270 753 2338 ut
779 2266 872 2339 inter
898 2266 1014 2360 Reges
1043 2265 1183 2339 stabilis
1211 2266 1369 2338 amicitia
1399 2268 1595 2359 proveniat.
1623 2267 1836 2340 Kanimirue
1863 2268 1926 2339 Po-

367 2388 483 2462 loniae
510 2389 605 2477 Rex,
634 2386 795 2479 quamvis
822 2387 1053 2460 variationem
1081 2386 1263 2460 electionis
1295 2387 1337 2460 de
1360 2409 1397 2462 se
1420 2393 1456 2460 et
1478 2388 1564 2461 filiis
1591 2389 1635 2462 ad
1662 2389 1833 2482 Regnum
1862 2390 1926 2460 Bo·

300 2527 306 2536 ·
353 2508 502 2598 ,henrice
529 2509 658 2580 factam
686 2512 721 2580 et
748 2507 785 2578 in
803 2506 974 2582 Mathiam
1000 2507 1204 2600 Hungariae
1230 2509 1363 2601 Regem
1382 2509 1606 2596 translatam,
1636 2510 1787 2582 moleste
1809 2510 1926 2597 ferret,

367 2630 475 2723 probe
503 2648 641 2720 quoque
667 2631 804 2716 nosset,
839 2630 875 2699 et
905 2627 1211 2700 Wratislaviensis
1240 2632 1275 2700 et
1302 2627 1524 2701 husatiensis
1556 2628 1766 2718 civitatum,
1803 2629 1870 2702 sed
1896 2635 1928 2702 et

368 2749 524 2824 omnium
552 2746 687 2822 Slesiae
713 2749 866 2836 Ducum,
896 2746 1014 2839 quiin
1032 2748 1187 2828 Mathiae
1205 2748 1409 2842 Hungariae
1427 2747 1536 2841 Regis
1556 2747 1790 2820 obedientiam
1812 2754 1927 2822 traua·

368 2871 523 2958 iverant,
559 2871 702 2960 pectora
738 2867 883 2941 terroris
912 2867 969 2940 sui
995 2873 1126 2940 metum
1154 2869 1367 2960 pervasisse,
1403 2869 1560 2941 futurum
1588 2871 1623 2942 et
1649 2891 1759 2962 grave
1789 2869 1929 2942 bellurn

370 3013 391 3064 a
417 2988 584 3063 Poloniae
611 2989 707 3081 Rege
735 2991 771 3061 et
796 2988 882 3061 filiis
910 2987 985 3060 suis
1013 2987 1064 3062 eis
1082 2988 1319 3078 inferendum,
1347 2987 1417 3062 ianr
1436 2993 1522 3062 ωηο
1540 2989 1789 3080 eminentium,
1818 2990 1859 3062 id
1876 2990 1928 3062 iu·

371 3131 477 3204 super
503 3108 739 3198 metientium,
770 3109 863 3200 quod
891 3129 968 3182 sera
995 3107 1032 3182 in
1059 3109 1262 3202 Hungariae
1290 3110 1401 3202 Rege,
1436 3103 1627 3183 lurcorum
1654 3111 1750 3183 bello
1779 3115 1818 3184 et
1848 3111 1928 3183 aliie

370 3231 567 3324 implicato,
596 3229 673 3304 illis
701 3249 781 3322 spes
810 3230 913 3302 foret:
941 3228 1085 3302 nuntios
1114 3234 1230 3303 tamen
1247 3229 1398 3322 benigue
1421 3231 1577 3319 habitae,
1598 3231 1703 3304 etiam
1723 3230 1928 3320 saluhho

371 3351 527 3425 donavit.
549 3350 603 3424 Ne
622 3348 708 3443 quid
725 3353 843 3422 tamen
860 3349 965 3422 rebus
984 3349 1075 3439 suis,
1105 3349 1282 3424 occasione
1301 3351 1416 3443 Regni
1435 3351 1624 3425 Bohemiae
1642 3351 1806 3444 agendie,
1828 3373 1927 3443 praa·

372 3471 554 3560 scriberet,
584 3469 856 3562 allegationem
884 3469 1031 3544 amicam
1058 3469 1157 3544 flocci
1185 3469 1310 3544 fecisse
1337 3470 1532 3544 videretur:
1560 3473 1744 3564 respondit
1773 3493 1812 3545 so
1841 3472 1928 3546 dcli·

370 3591 552 3666 horatione
579 3589 877 3680 consiliariorum,
906 3611 1053 3682 quorum
1081 3595 1165 3663 tunc
1193 3590 1328 3682 copiam
1355 3612 1425 3664 nou
1452 3592 1612 3679 haberet,
1642 3597 1802 3684 sumpta,
1833 3593 1928 3684 lega·

372 3712 462 3786 tioni
490 3732 609 3784 eorum
636 3710 845 3803 tempestive
872 3731 1133 3802 responsurum.
1163 3710 1312 3784 Subibat
1331 3715 1415 3786 tunc
1435 3712 1668 3787 Bohemorum
1687 3712 1828 3785 animos
1847 3734 1927 3804 poc-

373 3832 498 3906 nitudo
536 3851 641 3923 super
679 3830 848 3904 electione
886 3831 927 3904 de
963 3831 1097 3903 Mathia
1128 3831 1331 3924 Hungariae
1367 3832 1463 3925 Rege
1495 3834 1598 3906 faeta.
1639 3833 1674 3905 N
1676 3853 1715 3906 ec
1751 3833 1929 3906 Iohannes

374 3954 504 4046 Zapecn
531 3971 623 4023 unus
652 3950 875 4040 annuntiis,
905 3950 1081 4023 continere
1109 3971 1146 4024 se
1172 3956 1326 4042 poterat,
1356 3953 1441 4044 quin
1469 3953 1554 4025 filiis
1581 3953 1690 4046 regiis
1714 3953 1927 4045 conspectis,

301 4097 312 4114 ·
374 4078 410 4146 et
437 4092 556 4145 corum
585 4070 751 4143 familiari
779 4070 983 4144 commercio
1011 4091 1114 4160 usus,
1143 4072 1260 4144 dolere
1289 4092 1325 4144 se
1344 4092 1423 4144 cuni
1449 4073 1605 4146 lacrimis
1632 4074 1699 4162 ait,
1726 4073 1822 4164 quod
1841 4075 1928 4147 elec-

374 4191 425 4265 tio
453 4213 474 4264 a
500 4190 586 4264 filiis
612 4190 736 4282 regiis,
765 4189 858 4263 veris
885 4190 1000 4282 Regni
1019 4191 1207 4265 Bohemiae
1225 4193 1448 4280 haeredibus
1478 4194 1515 4264 in
1533 4194 1703 4266 hlathiam
1723 4194 1930 4286 Hungariae

375 4313 507 4406 Regem
535 4311 709 4386 translata
736 4311 798 4399 sit,
828 4331 935 4403 seque
962 4310 999 4384 in
1026 4311 1143 4401 illam,
1171 4334 1241 4384 uon
1268 4333 1312 4386 ex
1340 4334 1403 4386 suo
1422 4313 1577 4406 ingenio,
1599 4315 1660 4388 sed
1680 4314 1834 4388 aliorum
1853 4337 1929 4406 pcr-

375 4432 539 4507 suasione
565 4435 781 4524 pertractum
807 4431 936 4523 magis,
966 4453 1070 4524 quam
1094 4437 1324 4524 spontaneum
1344 4435 1573 4508 consensisse.
1602 4434 1685 4508 Illis
1704 4440 1826 4510 autem
1844 4458 1928 4510 non·

376 4553 459 4625 dum
487 4550 655 4625 cracovia
682 4551 949 4640 excedentibus,
978 4553 1075 4626 venit
1101 4573 1220 4628 rumor
1238 4575 1259 4628 a
1277 4575 1358 4628 vero
1382 4576 1451 4628 non
1470 4555 1659 4643 abhorens,
1690 4556 1884 4649 Georgium
1897 4557 1928 4645 4)

375 4695 438 4766 pro
466 4673 564 4766 Rege
591 4670 779 4745 Bohemiae
807 4693 844 4745 se
871 4676 956 4746 ωηο
983 4673 1097 4747 adhuc
1122 4678 1315 4766 gerentem,
1341 4678 1377 4748 et
1395 4696 1513 4748 omnes
1531 4675 1645 4766 partis
1664 4697 1750 4749 suae
1768 4677 1927 4764 barones,

377 4797 450 4866 tam
477 4791 686 4881 catholicos,
716 4813 820 4884 quam
847 4797 947 4884 peste
973 4795 1156 4868 haereseos
1180 4794 1344 4884 infectos,
1369 4795 1506 4868 nuntiis
1524 4796 1699 4868 Karimiri
1718 4797 1830 4890 Regis
1850 4799 1926 4870 Sta

377 4913 492 4986 nislao
520 4911 801 4986 Marsaalhovvicc
829 4912 871 4986 de
899 4915 1046 4988 Brnesne
1062 4913 1092 5004 5)
1121 4917 1156 4988 ct
1184 4913 1333 5007 Georgio
1356 4915 1571 5018 Lubranski,
1600 4937 1689 5009 quoe
1708 4917 1928 4992 sciscitatum

487 5187 510 5268 ¹)
532 5188 757 5251 'Iharnohorski
784 5185 860 5251 Occi.
885 5183 973 5252 Calo.
999 5187 1025 5269 ⁹)
1048 5189 1188 5250 auxilium
1211 5185 1274 5252 Ed.
1298 5187 1391 5272 Lipe.
1415 5185 1443 5272 ³)
1459 5191 1591 5253 vestibus
1609 5193 1746 5269 pelliceis
1761 5190 1824 5255 Ed.
1841 5191 1928 5276 Lipa

382 5288 410 5376 ⁴)
435 5293 595 5371 Georgium
617 5291 873 5370 Poedzyebraozhi
894 5288 958 5356 Ec.
981 5289 1072 5375 Lipc.
1103 5290 1128 5372 ⁵)
1151 5293 1188 5354 de
1209 5294 1341 5371 Brzeaye
1363 5281 1428 5357 Ed.
1452 5291 1546 5378 Lipe.
