4152 6270
30 509 35 516 Ι
146 540 214 641 (Α.
235 541 280 615 D.
301 541 428 642 1452.)
521 514 530 526 “
662 523 1187 640 ursusuuourscrnrus(x111).
1624 553 1696 624 129

144 750 300 840 nomine,
330 751 485 824 mercede
512 753 720 839 conductus
751 753 895 826 seruilia
923 754 1099 846 implendo
1128 775 1231 845 opera
1250 754 1287 826 in
1305 776 1427 827 nemus
1456 757 1611 830 ricinum
1637 780 1697 850 op·

145 872 245 962 pido,
275 872 390 963 equis,
420 871 588 964 quadriga
608 877 646 961 1),
676 894 781 946 causa
814 874 1079 947 scindendorum
1112 875 1304 967 lignorum,
1339 875 1521 966 ivisset2),
1552 883 1587 948 et
1618 900 1699 951 one-

144 996 222 1063 rato
251 1013 354 1064 curru
383 992 506 1084 lignis,
536 1003 731 1082 revertens,
762 995 805 1066 ad
833 996 1012 1067 tabernam
1041 996 1254 1068 meritoriam
1282 996 1390 1069 villae
1423 998 1622 1088 Mancaina,
1652 999 1699 1072 si·

144 1114 211 1184 tim
240 1113 479 1200 extincturus,
513 1113 704 1186 descendit.
738 1116 811 1206 Quo
845 1115 921 1187 illio
954 1120 1086 1204 stante,
1120 1117 1245 1189 rustici
1274 1095 1420 1209 iurgeti,
1454 1140 1561 1190 unum
1591 1141 1634 1192 ex
1663 1142 1700 1193 se

144 1233 325 1321 occidunt,
355 1239 390 1305 ct
417 1255 517 1305 omne
545 1234 676 1306 crimen
696 1235 732 1306 iu
751 1236 971 1308 innocentem
990 1242 1155 1329 torquent
1179 1237 1395 1310 Stanislaum
1412 1237 1455 1328 ³).
1485 1238 1551 1330 Qui
1571 1239 1610 1310 in
1629 1240 1699 1312 Lu-

142 1354 221 1426 blin
249 1354 453 1447 diffugiens,
483 1377 503 1426 a
529 1377 692 1447 germano
721 1357 844 1444 occisi,
875 1359 1010 1431 calente
1038 1358 1151 1430 adhue
1179 1359 1363 1447 cadavere,
1392 1363 1533 1450 captos,
1564 1360 1698 1433 instau-

142 1481 222 1546 rato
251 1475 349 1548 ciuili
377 1476 524 1564 iudicio,
554 1476 590 1548 in
620 1498 687 1568 quo
715 1477 886 1550 Nicolaus
909 1479 1048 1551 Thaenae
1066 1480 1256 1551 advocatus
1274 1479 1511 1570 praesidebat,
1540 1481 1618 1552 neci
1637 1481 1696 1554 ad·

142 1596 261 1667 dictus
290 1600 325 1668 et
354 1602 598 1670 extramuros
627 1599 773 1670 eductus
801 1603 870 1686 cst,
900 1599 1086 1690 capitalem
1114 1599 1323 1672 sententiam
1343 1605 1565 1691 excepturus.
1595 1601 1699 1674 Hunc

142 1737 223 1788 oum
250 1717 410 1808 plerique
438 1718 532 1790 cives
560 1718 809 1806 Lublinenscs‚
839 1725 873 1791 et
901 1719 1080 1811 signanter
1108 1721 1214 1791 horus
1235 1741 1319 1792 suus
1340 1720 1523 1811 Swyecut)
1553 1726 1588 1792 et
1606 1722 1696 1794 Mar·

142 1859 205 1909 cus
234 1840 373 1924 consul,
403 1843 437 1910 ot
465 1839 543 1926 alii,
574 1839 761 1911 collatione
789 1839 923 1912 viritim
950 1861 1062 1932 usque
1090 1840 1133 1911 ad
1162 1861 1331 1912 summam
1352 1846 1483 1932 septem
1503 1861 1696 1913 marcarum

142 1959 251 2046 iacta,
282 1959 432 2032 liberare
460 1960 685 2032 innocentem.
708 1981 777 2031 non
806 1965 876 2032 tam
904 1961 1034 2052 pretio,
1069 1983 1172 2052 quam
1204 1982 1304 2054 prece
1336 1962 1593 2034 instantissime
1620 1967 1696 2034 ten-

139 2079 333 2167 tavissent;
367 2081 402 2152 in
438 2081 587 2153 furorem
622 2101 807 2174 germanus
841 2087 875 2154 et
907 2083 1157 2174 consanguinei
1194 2082 1315 2170 occisi,
1352 2082 1414 2174 qui
1445 2083 1631 2175 glomerati
1659 2083 1697 2156 in
1746 2071 1750 2076 ’

141 2219 288 2272 coronae
322 2201 460 2273 modum
494 2202 648 2290 stabant,
683 2202 775 2275 versi
808 2204 1077 2294 responderunt:
1115 2203 1212 2290 Non,
1246 2203 1276 2275 si
1304 2203 1346 2276 de
1373 2203 1469 2276 coelo
1497 2205 1591 2275 Dens
1618 2225 1695 2296 par·

140 2321 313 2394 sonaliter
339 2343 417 2393 oum
445 2322 622 2395 Genitrice
656 2343 720 2394 sua
748 2327 782 2394 et
810 2323 951 2395 Sanctis
985 2324 1146 2396 omnihus
1179 2323 1428 2396 descenderent
1455 2331 1491 2396 et
1517 2330 1692 2416 rogarent,

139 2463 179 2513 sc
207 2442 264 2513 illi
292 2443 506 2514 indulsurosss
536 2443 615 2514 Non
643 2443 729 2514 tulit
757 2449 891 2515 tantam
924 2444 1177 2535 blasphemiam
1209 2445 1421 2516 rusticorum
1454 2445 1548 2517 Deus
1577 2449 1611 2517 et
1638 2445 1692 2517 in-

138 2563 300 2634 nocentis
327 2584 462 2651 necem,
492 2563 585 2635 omni
614 2565 798 2636 consulatu
828 2569 863 2636 ot
890 2565 1118 2637 multitudine
1150 2565 1264 2656 plebis
1297 2564 1524 2637 Lublinensis
1559 2565 1602 2636 ad
1629 2565 1693 2636 hu-

141 2682 295 2755 iusmodi
330 2685 568 2775 spectaculum
601 2684 727 2774 affusa,
760 2707 829 2756 non
863 2705 979 2774 secus,
1014 2707 1117 2777 quam
1152 2685 1183 2757 si
1210 2685 1403 2778 migratura
1435 2685 1561 2758 civitas
1595 2687 1694 2774 leret,

138 2807 339 2894 spectante,
373 2805 508 2896 poplite
542 2806 791 2878 condemnatus
823 2805 914 2878 dexo
931 2807 973 2894 ⁵),
1003 2806 1115 2879 oculis
1142 2806 1179 2878 in
1208 2807 1343 2878 coelum
1372 2805 1550 2896 suspexit,
1580 2810 1615 2878 et
1642 2807 1693 2877 la-

139 2924 261 2996 crimis
280 2924 498 3013 rorantibus,
525 2925 716 2998 orationem
732 2927 763 3014 6)
791 2927 957 2998 fundens:
986 2928 1054 3014 Tu,
1083 2926 1215 3018 iuquit,
1245 2925 1490 3017 Omnipotens,
1519 2929 1695 2998 scrutator

138 3049 353 3117 secretorum
389 3045 499 3134 nosti,
533 3047 625 3137 quod
657 3047 858 3119 iunocenter
884 3068 1003 3138 pereo:
1040 3067 1118 3118 curn
1146 3046 1238 3119 nihil
1264 3047 1388 3118 horum
1416 3046 1574 3134 fecerim,
1604 3067 1692 3138 quae

137 3171 382 3237 accusatorum
409 3187 564 3239 meorum
588 3167 754 3239 conflavit
773 3169 941 3240 adversus
961 3189 1014 3240 me
1034 3167 1250 3240 calumniosa
1269 3167 1444 3258 impietas.
1474 3167 1569 3238 Tunc
1588 3167 1693 3238 lictor

137 3292 262 3377 postea
289 3287 453 3375 accessit,
483 3292 517 3360 et
543 3288 705 3380 iugulum
733 3288 929 3361 innocentis
958 3288 1143 3377 feriturus,
1176 3287 1362 3360 micantem
1391 3288 1533 3360 elevans
1557 3287 1690 3360 exerci-

138 3412 215 3478 tata
241 3429 346 3478 manu
363 3407 393 3498 ⁷)
421 3428 636 3496 mucronem,
665 3408 751 3481 totis
779 3409 933 3481 concitat
959 3408 1113 3496 uiribus,
1146 3408 1207 3481 sed
1225 3407 1262 3480 in
1280 3429 1362 3481 uero
1382 3407 1482 3479 letali
1497 3407 1528 3497 ⁸)
1557 3409 1601 3480 ed
1618 3407 1690 3499 pri-

136 3549 234 3599 mum
261 3533 394 3600 tactum
423 3529 534 3600 stetit.
565 3527 672 3619 Quem
701 3549 778 3624 oum
805 3549 928 3600 rursus
955 3532 1224 3601 marcescentem
1252 3528 1364 3600 iratus
1392 3527 1548 3601 carnifex
1576 3527 1613 3599 in
1637 3549 1690 3601 se-

137 3648 271 3720 cundos
299 3648 452 3740 impetus
482 3648 660 3737 torsisset,
690 3649 843 3741 amplius
871 3649 1098 3742 languidatus
1126 3649 1306 3723 dilabitur.
1336 3648 1415 3720 Non
1442 3653 1559 3720 tamen
1587 3649 1692 3722 lictor

136 3769 346 3857 exterritus,
376 3771 435 3842 sed
463 3770 582 3842 furens
602 3775 637 3841 et
656 3791 724 3841 non
744 3774 815 3842 tam
835 3770 1034 3862 plectendo,
1065 3791 1169 3862 quam
1197 3771 1285 3842 ferro
1314 3769 1443 3858 iratus,
1472 3772 1581 3858 totas,
1611 3769 1689 3841 bra·

136 3889 228 3962 chiis
256 3890 445 3962 distentius
472 3891 631 3978 retortis,
661 3891 830 3982 expandit
857 3891 963 3964 viros.
999 3891 1067 3964 Sed
1103 3891 1193 3962 ferro
1226 3890 1332 3962 tertio
1363 3889 1544 3962 resiliente
1576 3893 1612 3962 ot
1638 3890 1688 3961 le-

135 4011 230 4083 niter
257 4017 372 4084 cutem
399 4011 436 4083 in
455 4012 543 4083 locis
563 4012 694 4100 trihus,
724 4033 811 4103 quae
831 4011 971 4104 gladius
990 4012 1172 4104 attigerat,
1202 4010 1336 4082 modico
1355 4031 1498 4082 rasurae
1518 4009 1689 4101 sauguine

135 4131 309 4223 aspersis,
339 4133 613 4224 perstringente,
644 4132 867 4205 Sacramenta
896 4132 1081 4204 Trinitatis
1101 4131 1294 4224 spiculator
1312 4132 1519 4218 exterritus,
1549 4129 1689 4202 acinace

134 4254 308 4344 proiecto,
347 4253 384 4324 in
417 4254 623 4326 coenobium
657 4255 804 4325 fratrum
833 4259 868 4325 et
896 4275 1052 4325 sororum
1086 4253 1234 4325 Sanctae
1271 4252 1462 4344 Brigittao,
1500 4251 1568 4322 sihi
1601 4250 1687 4323 vici·

134 4373 217 4445 nius
233 4373 276 4462 9),
305 4375 434 4465 populo
462 4374 626 4446 universo
655 4375 776 4446 landes
805 4375 870 4446 Ilei
897 4374 1109 4446 vociferante
1132 4379 1167 4446 et
1185 4373 1404 4445 innocentem
1432 4371 1591 4445 certatim
1619 4370 1686 4442 eri-

132 4494 270 4586 piente,
299 4494 449 4587 diffugit.
479 4495 508 4566 E
536 4496 686 4587 vestigio
716 4516 852 4586 quoquo
880 4494 1128 4568 condemnatus
1156 4493 1194 4565 in
1222 4492 1403 4586 oppidum,
1432 4497 1504 4564 tres
1524 4495 1686 4564 cruentas

132 4615 265 4703 lineas,
295 4637 381 4707 quas
409 4616 656 4688 acentissimus
687 4617 827 4708 gladius
860 4616 1074 4702 sulcaverat,
1109 4633 1225 4686 secum
1253 4614 1427 4700 deferens,
1462 4612 1594 4700 ethis,
1625 4610 1687 4703 qui

133 4739 252 4808 actum
281 4735 383 4807 illum
409 4757 479 4808 non
507 4737 688 4824 viderunt,
718 4737 820 4809 tidem
849 4736 995 4823 iaciens,
1025 4733 1212 4807 incolumis
1243 4733 1425 4821 reduetus,
1455 4737 1489 4806 et
1517 4733 1609 4823 stipe
1636 4730 1684 4803 oi-

132 4857 233 4928 uium
260 4856 418 4944 adiutus,
448 4857 491 4928 ad
519 4857 820 4930 Casustochowam
844 4857 1012 4948 primum,
1041 4856 1167 4928 exinde
1185 4854 1386 4947 peregrinos
1405 4853 1564 4946 regiones
1583 4851 1683 4942 abiit,

242 5167 265 5250 ¹)
289 5169 320 5228 in
343 5169 427 5244 equis
458 5163 522 5229 Ec.
547 5164 636 5250 La'ps.
669 5163 697 5250 Ω)
727 5169 835 5229 missus
851 5162 943 5230 aad.
967 5164 1077 5228 Przca.
1109 5163 1133 5245 ε)
1164 5164 1344 5227 stanislaum
1373 5163 1448 5224 alias
1478 5161 1599 5223 Iwcuek
1622 5156 1686 5234 Ed,

131 5269 227 5355 Lips.
260 5268 286 5350 ⁴)
310 5271 400 5332 Riecz
426 5267 502 5335 Coo.
525 5269 635 5333 Praez.
657 5271 756 5332 Rheon
781 5267 856 5332 Ood.
881 5268 950 5332 Lis.
983 5267 1009 5349 ⁶)
1035 5271 1168 5347 supplice
1191 5269 1383 5329 condemnato
1405 5267 1483 5327 flexo
1506 5261 1569 5326 Ed.
1593 5261 1687 5346 Dipo.

131 5375 159 5456 ⁶)
184 5395 237 5437 ora
258 5371 323 5436 Ed.
346 5372 438 5457 Lips.
464 5373 491 5456 l)
515 5375 619 5435 dextra
640 5371 704 5437 Ed.
728 5371 819 5456 Lips.
844 5373 870 5451 8)
894 5375 947 5434 sed
970 5375 1034 5434 sine
1057 5374 1179 5433 vulnere
1201 5373 1283 5434 letali
1308 5365 1383 5433 Oea.
1408 5367 1476 5433 Lis.
1501 5363 1554 5430 sed
1577 5369 1607 5427 iu
1622 5368 1687 5427 viro

129 5479 232 5539 lethali
255 5475 320 5539 Ea.
343 5473 434 5559 Lips.
458 5474 484 5556 ⁹)
507 5478 636 5538 vicinum
659 5473 722 5540 Ed.
746 5473 837 5560 Lips.

154 5631 178 5674 r.
194 5612 292 5679 naahas
305 5628 393 5672 muas.
407 5629 487 5672 esraa.
502 5627 528 5671 r.
542 5628 570 5670 u.
1476 5606 1509 5662 17
