4052 6286
99 548 174 648 (Α.
194 548 240 622 D.
261 546 387 645 laea.)
623 572 734 624 urana
760 570 1005 624 ouonncrnus
1033 554 1147 644 (κω).
1584 555 1657 628 529

93 755 189 829 bens
225 757 347 846 dnees,
386 757 582 830 Samuelem
620 757 831 849 Pragensem
865 761 901 829 et
932 757 1124 831 Iohannem
1157 757 1304 851 Gnyarni
1324 758 1351 846 ¹)
1389 758 1658 852 Hradeeensem,

97 876 217 965 cives,
247 898 382 950 omnem
401 877 578 970 regionem
598 877 690 949 eirea
708 881 844 950 montes
863 877 1020 969 impune,
1048 879 1147 950 nullo
1167 879 1297 952 ferente
1316 878 1507 968 auxilinm,
1536 901 1660 972 quarn·

103 998 166 1069 vis
192 997 394 1091 Hungariae
422 999 499 1071 Rex
528 997 769 1089 frequentibus
788 997 1036 1090 imploraretur
1054 997 1206 1087 nuntiis,
1227 999 1323 1091 igne,
1344 999 1508 1073 oaedibns
1527 1006 1562 1073 et
1581 1021 1660 1092 spo-

106 1117 173 1189 liis
200 1120 405 1210 populatur;
434 1123 469 1191 et
496 1119 657 1210 quamvis
686 1140 706 1191 a
732 1118 948 1191 militaribus
977 1118 1127 1208 Slesiae,
1155 1139 1237 1191 rura
1265 1123 1300 1191 et
1326 1119 1485 1193 aedidoia
1512 1121 1555 1192 ab
1580 1121 1661 1213 Igne

112 1240 378 1328 nomenmodo,
412 1246 447 1312 et
481 1261 550 1311 non
584 1239 755 1330 aspoliis
786 1238 993 1328 redimendi,
1027 1244 1186 1331 rogatus,
1219 1243 1428 1331 potestatem
1461 1240 1594 1330 leserit,
1628 1245 1663 1314 et

95 1357 285 1432 duodeeim
313 1359 427 1432 millia
455 1360 661 1432 florenorum
689 1381 709 1431 a
735 1359 993 1432 redimentibus
1021 1360 1234 1432 emunxerit:
1264 1361 1354 1433 bona
1381 1366 1498 1434 tamen
1523 1370 1558 1434 ot
1577 1381 1659 1434 rura

94 1479 341 1552 ecclesiastiea
369 1480 628 1571 (vehementius
648 1479 913 1572 spiritualibus,
938 1499 1042 1571 quam
1070 1479 1309 1554 saeoularibus
1335 1480 1501 1571 offensus,
1534 1486 1569 1554 et
1588 1483 1659 1554 eal·

91 1599 175 1671 lido
202 1599 343 1692 ingenio
371 1599 489 1672 edium
516 1600 710 1680 interillos
731 1603 906 1690 serturus)
934 1601 1034 1672 nullo
1052 1606 1155 1692 paeto
1174 1600 1311 1674 absolui
1330 1602 1556 1692 permittere,
1576 1601 1657 1695 dgna

98 1721 247 1813 singule
275 1720 417 1794 delevit.
446 1721 613 1812 Adeoque
645 1726 759 1794 metus
792 1725 863 1793 tam
893 1720 1082 1794 imbeoillis
1114 1741 1238 1792 manus
1266 1725 1410 1795 eunotos
1438 1727 1655 1814 pervaserat,

97 1847 149 1912 ut
187 1840 499 1914 Wratislavienses
541 1841 733 1914 obsidionis
766 1841 890 1914 timore
922 1843 1016 1914 intra
1047 1861 1165 1914 muros
1197 1841 1429 1933 trepidarent,
1462 1863 1659 1934 parumque

93 1981 124 2032 a
151 1961 276 2052 grandi
304 1961 475 2034 seditione
503 1961 630 2034 abfuit:
661 1963 769 2054 vulgo
797 1963 908 2050 omni,
938 1983 1072 2036 omnem
1100 1963 1262 2036 intensae
1290 1969 1325 2036 et
1351 1963 1584 2055 depopulatae
1604 1984 1657 2035 re·

90 2081 217 2173 gionis
247 2082 386 2173 eulpam
405 2082 441 2154 in
461 2082 662 2174 episcopum
690 2081 1019 2156 Wratislaviansem
1040 2083 1266 2175 Rudolphum
1286 2087 1321 2156 et
1340 2082 1532 2156 Iohannem
1553 2084 1656 2156 Prae-

92 2201 259 2292 positum
285 2206 319 2274 et
339 2202 565 2275 Consulatum
595 2209 835 2296 retorquente,
864 2203 956 2296 quod
983 2203 1137 2277 Matthiae
1168 2203 1372 2297 Hungariae
1398 2203 1507 2298 Regis
1536 2224 1656 2296 aooep·

91 2321 217 2410 tandi,
238 2326 273 2396 et
291 2323 328 2394 in
347 2343 446 2395 suam
465 2324 698 2397 obedientiam
718 2325 938 2414 transeundi,
968 2329 1108 2398 autores
1136 2324 1288 2398 fuerunt.
1314 2325 1431 2398 Mittit
1455 2329 1489 2398 et
1504 2324 1657 2397 Mallias

93 2443 311 2535 Hungariae
330 2445 407 2516 Rex
426 2444 470 2515 ad
488 2443 743 2518 Praemislaum
767 2446 1069 2534 Thesehnensem,
1099 2444 1344 2518 Wenoeslaom
1376 2445 1656 2533 Ribnionensem,

91 2563 236 2652 Duoes,
265 2563 342 2637 auri
370 2563 468 2637 mille
495 2565 659 2655 florenos,
688 2588 750 2658 pro
778 2565 999 2640 eondueendo
1018 2565 1149 2638 milite:
1178 2565 1320 2656 iubens,
1350 2570 1391 2638 nt
1409 2570 1563 2640 caeteros
1583 2567 1654 2638 Ilu-

93 2705 160 2757 ees
182 2684 317 2758 Slesiae
344 2685 495 2777 cogendo
515 2686 551 2757 in
571 2707 682 2776 arma,
711 2685 921 2778 Opperiam,
950 2705 994 2758 ex
1014 2707 1083 2777 qna
1107 2685 1219 2758 altera
1238 2707 1297 2758 ora
1316 2685 1450 2760 Slesiae
1468 2687 1653 2760 vehemen-

94 2805 178 2876 tius
206 2827 226 2877 a
253 2806 431 2878 Praefecto
465 2804 664 2880 Girnikonis
698 2807 806 2880 Birlra
821 2805 852 2897 ²)
885 2807 1133 2894 infestabatur,
1168 2805 1347 2880 obsidione
1380 2806 1569 2899 tingerent.
1606 2808 1656 2879 At

95 2925 162 2998 illi
189 2927 231 2998 da
259 2926 393 2998 duobus
421 2927 589 3017 praefatis
617 2927 790 3018 Dueibus,
822 2927 914 3018 quod
941 2925 1031 3018 ipsis
1051 2947 1188 3019 quoque
1207 2947 1330 2999 aurum
1349 2948 1418 2999 non
1436 2926 1654 3015 mittebatur,

91 3047 177 3120 zelo
204 3051 385 3138 oonoepto,
413 3046 587 3118 mandatis
615 3046 722 3140 regiis
750 3047 882 3136 irrisis,
912 3053 1134 3120 contumaees
1162 3067 1200 3120 se
1218 3052 1514 3120 monstraverunt.
1544 3046 1653 3120 Exer-

92 3166 195 3239 oitns
222 3166 357 3240 interea
384 3167 610 3256 Bohemions,
640 3168 769 3259 praeda
799 3167 893 3240 omni
920 3167 957 3239 in
985 3167 1191 3240 Bohemiam
1219 3167 1256 3238 in
1282 3187 1421 3258 peoora,
1450 3171 1655 3260 caeteraque

94 3287 318 3379 supelleetili
356 3287 484 3376 relata,
522 3287 713 3361 maioribus
751 3287 888 3360 viribus
925 3292 1066 3377 anetus,
1104 3288 1169 3360 snb
1201 3287 1332 3360 dueatu
1347 3285 1378 3377 ³)
1411 3288 1556 3362 Hauriei
1588 3287 1655 3362 lilii

94 3407 246 3500 Georgii
272 3408 569 3481 Posudzebraoalri
592 3409 629 3480 in
654 3407 862 3496 Moraviam,
891 3407 1056 3500 oppidum
1085 3407 1317 3482 Hradaisneae
1332 3408 1376 3499 4),
1405 3409 1497 3500 qnod
1525 3430 1545 3480 a
1570 3429 1652 3501 gen·

91 3527 198 3600 tibus
225 3527 428 3621 Hungariae
453 3529 562 3622 Regis
590 3529 694 3621 longo
713 3528 783 3600 ianr
802 3533 957 3621 tempore
977 3528 1217 3618 obsidebatur,
1246 3528 1478 3618 liberaturus,
1499 3529 1653 3618 advenit,

94 3652 140 3720 et
168 3647 204 3720 in
231 3648 348 3722 vicina
376 3669 533 3740 quaeque
558 3649 675 3742 Regni
702 3649 912 3742 Hungariae.
939 3649 1163 3722 eiroumoIroa
1190 3648 1360 3723 Trenonin
1388 3649 1502 3741 eoepit
1530 3649 1654 3741 spoliis

95 3772 139 3840 et
166 3767 338 3840 inoendiis
364 3769 531 3862 grassari.
559 3770 698 3862 Agebat
725 3777 810 3844 tuno
828 3769 981 3843 Mathias
1009 3769 1213 3862 Hungariae
1241 3771 1319 3844 Rex
1337 3791 1417 3843 oum
1435 3768 1654 3844 Primoribus

92 3889 304 3963 Pannoniae
335 3891 428 3982 apud
459 3889 649 3963 Paeonium
681 3895 906 3980 eonventum,
941 3892 1172 3983 expostulans
1200 3891 1283 3981 sibi,
1317 3890 1541 3965 enmnlatiori
1568 3912 1653 3965 auro

93 4016 223 4083 eontra
250 4013 422 4085 Bohemos
455 4031 659 4085 snoeursnm
691 4012 746 4085 iri.
779 4014 828 4084 At
855 4011 1016 4105 Hungari
1049 4012 1201 4085 assiduis
1233 4011 1378 4086 tributis
1410 4012 1564 4104 gravati,
1598 4017 1652 4104 ty-

91 4131 282 4206 rannidem
311 4152 447 4224 quoqne
475 4132 567 4220 eiua,
596 4132 761 4224 quoniam
787 4132 966 4224 plerisque
995 4136 1111 4205 eastra
1138 4139 1173 4204 et
1201 4131 1419 4205 substantias
1445 4132 1651 4222 abstulerat,

94 4251 211 4324 simul
238 4274 375 4346 qnoque
403 4258 438 4326 et
464 4253 699 4346 petulantiam
730 4253 863 4346 perosi,
897 4255 939 4327 de
972 4253 1179 4344 expellendo
1208 4274 1247 4327 eo
1275 4252 1384 4326 variis
1412 4252 1542 4325 studiis
1570 4272 1651 4326 een·

93 4374 294 4448 sultabant.
323 4374 439 4466 Igitur
454 4373 484 4464 5)
513 4375 595 4446 dom
625 4375 848 4447 Bohemieam
871 4375 1132 4466 populationem
1152 4374 1303 4446 Mathias
1322 4374 1401 4447 Rex
1419 4373 1650 4466 persentiens,

92 4493 253 4587 primum
281 4495 318 4567 in
347 4495 571 4585 TarnavIam,
605 4496 729 4570 deinde
756 4495 793 4567 in
821 4495 1063 4588 Hungarienm
1095 4495 1189 4567 Brod
1216 4494 1384 4584 accurrit,
1418 4499 1453 4566 et
1480 4494 1650 4584 exereitu,

94 4615 166 4706 qni
192 4615 260 4688 tria
287 4615 401 4688 millia
427 4620 661 4709 pugnatorum
688 4617 873 4708 implebat,
902 4620 1096 4704 eontraeto,
1126 4619 1246 4689 eontra
1274 4616 1447 4688 Bohemos
1475 4614 1512 4686 in
1540 4636 1648 4707 expu-

93 4736 268 4829 gnatione
294 4757 455 4826 suornm,
485 4736 546 4828 qui
565 4736 796 4810 Hradzisnene
815 4757 877 4829 per
894 4738 1015 4810 bastae
1029 4736 1061 4826 6)
1089 4736 1312 4826 obsidebant,
1342 4740 1543 4828 oeeupatos,
1572 4757 1649 4828 per·

96 4857 270 4931 sonaliter
297 4857 456 4945 advenit,
486 4862 521 4929 et
547 4858 604 4930 dle
631 4858 755 4930 Martis
783 4857 910 4930 ultima
934 4857 1093 4930 OetobrIa
1109 4857 1151 4947 ⁷),
1181 4878 1259 4931 oum
1277 4856 1430 4932 Henrioo
1450 4856 1649 4931 Girnikonis

93 4978 177 5052 filio
203 4983 239 5052 et
265 4977 422 5052 exereitn
451 4977 526 5050 eins
545 4998 767 5071 congressus,
797 4978 982 5071 vietusque
1002 4977 1214 5068 sueoumbit,
1243 4977 1470 5071 trepidusque
1488 4998 1567 5052 oum
1585 4978 1648 5052 tri-

210 5271 232 5354 ¹)
257 5273 403 5336 czianum
428 5267 504 5335 eod.
528 5269 637 5334 Przez.
660 5269 810 5351 (Ozerny).
835 5269 861 5350 Ω)
883 5270 987 5331 Yurka
1011 5265 1086 5333 Coe.
1112 5265 1200 5334 Calo.
1223 5269 1405 5350 (Bernardus
1419 5269 1532 5350 Birlra).
1555 5268 1580 5350 3)
1596 5269 1651 5332 sub

96 5379 192 5439 ductu
213 5374 276 5440 Ed.
299 5373 391 5460 Dipo.
415 5373 441 5456 4)
462 5377 625 5437 Hradisene
646 5372 710 5436 Ed.
734 5372 826 5456 Lipa.
851 5372 876 5455 ὅ)
899 5375 993 5452 Igitur
1007 5371 1093 5436 deest
1113 5373 1151 5436 iro
1168 5369 1243 5437 cod.
1266 5372 1353 5438 Calo.
1371 5372 1397 5454 ο)
1414 5393 1468 5452 per
1481 5392 1648 5452 propugna-

96 5483 170 5544 cula
191 5477 254 5544 Ed.
277 5477 368 5563 Lipa.
394 5477 418 5560 7)
442 5481 552 5542 mensis
575 5479 712 5541 Octobris
734 5475 797 5540 Ed.
820 5477 912 5560 Da‘pa.

125 5633 150 5677 r.
164 5632 259 5686 nrm.
272 5633 362 5676 maor.
374 5631 456 5676 aaron.
469 5631 495 5676 r.
509 5631 537 5674 v.
559 5669 561 5672 .
1441 5611 1475 5666 67
