4046 6278
370 539 445 612 394
877 559 991 612 nrnnn
1016 557 1262 610 nuonrremrus
1290 538 1404 627 (sm).
1637 531 1706 632 (Α.
1726 531 1771 606 D.
1792 525 1934 624 1464.)

369 752 445 832 tus,
475 743 602 837 fatigas
631 747 665 817 et
692 743 844 832 labores,
872 764 942 816 non
970 743 1046 816 sine
1075 742 1345 816 Lubicnonsium
1364 742 1392 830 ¹)
1418 739 1542 834 grandi
1574 739 1859 812 stomachatione
1895 742 1933 809 et

370 864 577 952 acerbitate,
607 864 667 956 qui
696 863 764 936 sibi
791 862 940 956 gloriam
967 869 1003 936 ot
1030 863 1193 936 meritum
1224 862 1369 936 finiendi
1404 861 1612 934 Pruthenici
1644 881 1706 952 per
1732 859 1932 932 arbitrium

371 983 490 1073 suum,
519 985 624 1074 belli,
653 990 811 1076 ereptum
829 984 874 1056 iri
893 983 1073 1072 dolebant,
1104 1003 1148 1056 ox
1176 984 1317 1056 Thorun
1336 982 1529 1054 discessum
1548 986 1614 1054 ast.
1643 981 1784 1073 inipso
1804 985 1933 1052 autem

371 1104 598 1178 discessionis
630 1105 779 1177 articulo
815 1105 1057 1196 produxerunt
1089 1103 1322 1176 Lubicseusos
1361 1111 1511 1193 quatuor
1547 1103 1670 1176 literas
1717 1100 1932 1193 originales,

370 1247 475 1297 unam
492 1223 522 1314 ²)
552 1224 741 1308 Samborii,
775 1225 920 1296 alteram
937 1221 967 1313 ³)
996 1223 1187 1313 llostwini,
1221 1223 1357 1296 Ducum
1389 1223 1629 1311 Pomeraniae,
1663 1222 1804 1294 tertiam
1841 1221 1933 1292 Pre-

371 1344 488 1418 mislai
508 1345 613 1435 primi
635 1344 759 1432 Ducis,
780 1351 906 1435 expost
925 1363 1007 1416 sero
1021 1345 1054 1431 ⁴)
1082 1344 1191 1436 Regis
1210 1343 1395 1429 Poloniao,
1424 1348 1585 1434 quartam
1605 1341 1797 1414 Wladislai
1816 1337 1934 1432 primi

370 1464 538 1537 Poloniao
556 1464 680 1556 Regis,
702 1464 829 1556 quibus
848 1463 886 1536 in
905 1463 1049 1536 civitate
1068 1463 1212 1536 ddansk
1230 1463 1349 1536 aedem
1369 1463 1579 1536 Lubicaensi
1596 1462 1626 1552 5)
1654 1461 1811 1548 civitati,
1833 1460 1933 1531 mul-

371 1585 418 1658 tis
445 1583 668 1656 nobilitatam
695 1583 937 1670 libertatibus,
971 1584 1113 1670 babere,
1143 1590 1177 1656 et
1204 1603 1266 1673 per
1294 1587 1401 1656 totam
1430 1583 1672 1658 Pomeraniam
1703 1581 1838 1654 liberos
1872 1600 1934 1650 eos

372 1726 393 1776 a
420 1704 568 1776 teloneis
597 1703 815 1794 quibuslibet
842 1702 1053 1792 concedunt,
1081 1707 1241 1795 petentes
1270 1703 1352 1775 illas
1380 1704 1593 1775 confirmari:
1623 1723 1711 1794 quae
1735 1700 1932 1784 exhibitio,

372 1823 603 1896 iustissimam
622 1823 749 1896 habere
768 1823 898 1914 Regem
918 1843 1074 1910 oausam,
1095 1821 1399 1913 iustissimumque
1417 1823 1566 1909 ballum,
1595 1821 1819 1894 monstrarit.
1853 1821 1932 1894 Ita-

372 1963 440 2034 que
467 1943 535 2016 etsi
563 1947 646 2015 tunc
674 1963 744 2033 pax
766 1947 939 2033 'perpetua
971 1942 1154 2033 provenire
1186 1944 1322 2015 occulto
1355 1942 1420 2014 Dei
1452 1941 1582 2014 indicio
1610 1963 1678 2014 non
1710 1942 1849 2033 potuit:
1889 1955 1933 2012 ex

372 2063 579 2136 deductione
607 2069 722 2136 tamen
750 2062 910 2134 iustitiae
937 2062 1069 2154 regiae,
1109 2068 1144 2136 et
1171 2084 1214 2136 ex
1242 2063 1357 2134 literis
1384 2084 1445 2153 per
1472 2063 1705 2134 Lubioaonses
1737 2061 1932 2143 exhibitis,

373 2182 527 2254 omnium
555 2181 762 2256 militarium
787 2187 821 2254 ot
839 2182 970 2255 cisium
997 2183 1163 2255 Prussiae
1191 2171 1299 2254 arrimi
1327 2182 1363 2253 in
1390 2183 1457 2255 fide
1484 2182 1698 2268 confirmati,
1727 2181 1934 2254 clarissime

373 2323 511 2394 quoquc
542 2307 627 2375 tunc
658 2302 835 2394 cognitum
865 2306 900 2374 et
927 2301 1147 2376 intellectum
1180 2309 1234 2374 est
1261 2323 1281 2374 a
1310 2302 1463 2394 propriis
1492 2303 1573 2391 eti)
1607 2302 1823 2388 forensibus,
1863 2303 1932 2372 Po-

373 2423 547 2496 meraniae
574 2428 703 2510 terras,
732 2428 867 2496 setores
895 2424 1031 2514 Regum
1059 2429 1094 2495 et
1121 2422 1325 2513 Principum
1353 2422 1519 2494 Poloniao
1548 2429 1675 2509 terrae,
1705 2429 1740 2495 et
1766 2443 1831 2514 per
1862 2422 1932 2494 ini·

375 2543 547 2634 quitatem
581 2549 615 2616 et
642 2542 857 2614 iniustitiam
890 2541 1123 2616 aCrucileris
1156 2551 1343 2634 occupatas
1375 2543 1496 2614 luisse.
1531 2543 1573 2614 ld
1600 2563 1643 2615 ne
1671 2543 1728 2614 cui
1762 2543 1934 2615 videatur

373 2662 594 2749 incredibile,
623 2669 657 2734 ot
685 2662 869 2736 memoriae
896 2662 1009 2753 possit
1036 2683 1253 2750 subterrare,
1283 2685 1340 2736 eas
1369 2663 1487 2754 copias
1515 2683 1632 2750 veras,
1665 2683 1709 2735 ex
1739 2663 1928 2755 originali·

374 2783 440 2856 bus
469 2788 643 2874 sumptas,
672 2781 754 2855 huio
781 2787 901 2855 nostro
930 2783 1026 2875 operi
1054 2783 1266 2855 inseruimus
1284 2785 1326 2871 ⁷).

481 2903 546 2990 ,ln
564 2902 702 2975 nomine
722 2902 869 2975 Sanctae
889 2907 924 2974 et
943 2902 1146 2976 individuae
1166 2903 1369 2990 Trinitatis,
1390 2904 1514 2974 Amen.
1536 2902 1740 2974 Samborius
1759 2903 1826 2976 Dei
1848 2924 1930 2994 gra

379 3022 451 3113 ,tia
478 3023 558 3094 Dux
577 3022 819 3111 Pomeraniaa,
848 3023 1024 3096 universis
1052 3023 1183 3095 Christi
1210 3023 1390 3110 fidelibus,
1419 3028 1638 3112 praesentem
1666 3023 1831 3114 paginam
1854 3024 1929 3095 ins-

379 3142 571 3234 ,pecturis
599 3143 750 3214 salutern
768 3142 805 3214 in
825 3143 984 3216 Domino.
1005 3141 1136 3214 Notum
1157 3165 1232 3216 esse
1253 3143 1430 3234 cupimus,
1450 3148 1522 3215 tam
1536 3143 1800 3233 praesentibus,
1821 3164 1931 3234 quam

380 3262 546 3352 ,futuris
576 3263 667 3354 qnod
694 3284 757 3334 nos
786 3262 923 3336 civitati
952 3263 1158 3354 Elbingensi
1177 3269 1320 3355 propter
1339 3263 1483 3336 servitia
1502 3264 1685 3356 specialia,
1714 3264 1847 3354 quibus
1868 3285 1931 3336 no-

380 3383 456 3471 ,bis
483 3381 623 3473 saepius
651 3387 773 3472 parata
801 3383 884 3472 init,
913 3384 1126 3456 contulimus
1146 3383 1182 3455 in
1202 3389 1407 3474 perpetuum
1436 3384 1541 3455 talem
1561 3383 1690 3456 telonei
1709 3384 1929 3472 libertatem,

382 3502 495 3593 „quod
522 3501 765 3593 unusquisque
784 3502 914 3575 civium
933 3503 1131 3594 praedictae
1155 3503 1312 3575 ciuitatis
1330 3524 1393 3595 per
1412 3508 1524 3574 totum
1544 3503 1746 3576 Dominium
1763 3511 1931 3576 nostrum

380 3629 572 3710 „transeat
602 3628 673 3694 tam
701 3623 738 3693 in
766 3627 873 3711 terra,
903 3645 1007 3714 quam
1035 3623 1070 3695 in
1099 3644 1204 3714 aqua,
1234 3624 1365 3714 absque
1390 3623 1482 3694 omni
1502 3623 1631 3696 telonei
1651 3624 1846 3696 exactione.
1882 3625 1931 3696 Ut

383 3746 524 3829 ,antem
543 3743 608 3814 hoc
628 3742 757 3814 iactum
777 3764 797 3813 a
815 3742 946 3814 nostris
965 3743 1116 3834 posteris
1139 3749 1253 3816 ratum
1273 3749 1410 3816 maneat
1429 3749 1464 3816 et
1482 3743 1741 3830 inconcussum,
1760 3765 1931 3835 praesens

383 3861 575 3952 „scriptum
603 3861 715 3933 nostri
744 3861 856 3954 sigilli
873 3863 1065 3935 munimine
1083 3863 1324 3936 roboravimus
1344 3864 1388 3934 ad
1407 3863 1590 3936 cautelam.
1620 3864 1751 3936 Datum
1769 3865 1807 3936 in
1826 3865 1928 3937 Dirs·

382 4001 509 4070 „soue,
538 3982 640 4052 Anno
668 3981 808 4054 Domini
836 3982 1024 4056 ldillesimo
1052 3982 1214 4071 GO⁰LV⁰,
1244 3983 1385 4055 Decimo
1414 3983 1561 4074 septimo
1590 3984 1771 4057 Kalendas
1790 3985 1925 4057 Iunii.‘'

486 4101 549 4189 „Iu
577 4100 715 4174 nomine
743 4100 900 4191 Domini,
935 4105 1058 4176 Amen.
1087 4103 1273 4175 Memoriae
1307 4103 1437 4176 oblivio
1465 4110 1689 4192 novercatur,
1725 4110 1760 4178 et
1788 4106 1928 4198 longin-

383 4220 539 4313 ,quitato
565 4221 732 4310 temporis
759 4228 937 4312 gestorum
966 4223 1074 4295 series
1103 4223 1324 4311 obscuratur,
1354 4223 1425 4294 nisi
1452 4223 1633 4296 vivacibus
1660 4225 1845 4297 literarum
1875 4226 1926 4296 in·

381 4340 504 4430 „dioiis
536 4341 750 4431 propaletur.
785 4342 898 4432 Quare
930 4343 1166 4432 praesentium
1201 4350 1236 4414 et
1268 4345 1463 4414 futurorum
1495 4343 1660 4436 indagine
1694 4345 1926 4431 declaramus,

382 4462 495 4552 „quod
523 4481 586 4534 nos
614 4460 817 4534 liestwinus
832 4460 864 4550 8)
893 4462 957 4535 Dei
974 4462 1089 4554 gratia
1108 4464 1189 4534 Dux
1208 4463 1450 4550 Pomeraniaa,
1478 4463 1648 4554 respectis
1668 4464 1832 4537 fidelibus
1853 4485 1924 4538 ser-

382 4581 502 4670 „vitiis
530 4580 661 4654 civium
688 4581 730 4652 de
753 4581 920 4674 Elbingo,
950 4604 1038 4674 quae
1056 4583 1149 4675 patri
1167 4588 1304 4671 nostro,
1335 4583 1441 4655 simul
1461 4588 1495 4656 et
1513 4583 1614 4656 nobis
1634 4584 1841 4676 saepissime
1862 4585 1925 4656 im·

382 4701 614 4792 „panderunt,
647 4701 859 4774 contulimus
887 4703 1018 4776 eisdem
1045 4725 1106 4794 pro
1135 4705 1283 4795 quadam
1311 4704 1479 4795 pecuniae
1508 4724 1658 4792 summa,
1695 4705 1925 4778 omnimodam

462 4857 680 4864 0-r-“—-——-——
687 4857 723 4864 ‹a-
737 4857 789 4864 ----

485 4923 509 5003 ¹)
531 4925 749 4986 Lubuceusium
781 4921 844 4984 Ed.
868 4921 956 5008 Lips.
989 4924 1014 5001 Ε)
1045 4926 1168 5001 primam
1197 4921 1260 4986 Ed.
1286 4921 1376 5006 Lips.
1409 4923 1436 5002 ³)
1459 4925 1618 4986 secundam
1640 4922 1705 4986 Ed.
1729 4923 1823 5008 Lips.
1849 4923 1877 5004 ⁴)
1899 4933 1927 4986 et

376 5033 482 5106 postea
504 5022 567 5090 Ed.
592 5025 682 5110 Lips.
707 5025 734 5106 5)
756 5029 924 5089 Lubuoensi
948 5025 1010 5089 Ed.
1034 5025 1123 5108 Lips.
1148 5026 1176 5107 ⁶)
1198 5033 1258 5088 tam
1280 5048 1299 5090 a
1320 5029 1461 5107 propriis,
1484 5045 1572 5103 quam
1595 5025 1692 5090 aad.
1714 5023 1805 5110 La'pa
1830 5026 1857 5106 7)
1880 5047 1924 5088 su·
2016 5077 2017 5118 ,

376 5133 477 5208 parius
507 5131 693 5191 ibseruimus.
720 5127 783 5191 Ed.
807 5125 897 5211 Lips.
927 5128 963 5192 iu
986 5150 1048 5211 qua
1073 5127 1186 5191 literae
1214 5127 1432 5212 subsequentes
1461 5127 1640 5212 improprie
1662 5127 1708 5190 ad
1722 5127 1823 5211 finem
1845 5129 1926 5192 aaut
2016 5139 2017 5174 ³

377 5231 464 5296 1462
485 5240 559 5294 susat
581 5231 759 5316 appositae.
791 5231 817 5310 ⁸)
840 5232 1002 5292 Vesimirus
1027 5227 1102 5294 Cod.
1132 5229 1219 5295 Celo.
1246 5240 1276 5295 st
1298 5230 1360 5294 Ed.
1389 5231 1497 5314 Lips.,·
1520 5233 1555 5294 iu
1577 5231 1749 5317 archetypo
1770 5230 1924 5296 membru·
2016 5267 2017 5316 l

376 5356 474 5398 sacco
496 5334 627 5398 huiusce
649 5333 829 5419 privilegii,
859 5333 1019 5418 bucusque
1042 5331 1214 5418 Ethiopians
1236 5344 1411 5416 asservato,
1443 5333 1561 5419 lapitas
1577 5336 1769 5418 perspicus:
1798 5338 1924 5398 blestwi·

378 5458 443 5502 uus.
469 5435 590 5522 (Vides
612 5441 639 5502 J.
662 5441 768 5516 Voigtt
791 5439 969 5500 Gescbiehte
990 5439 1154 5500 Preussens
1181 5436 1268 5500 Tem.
1291 5435 1349 5499 IV.
1371 5458 1449 5520 pop.
1473 5435 1561 5522 101.)
2016 5419 2017 5430 ἵ
