<?xml version="1.0" encoding="UTF-8"?>
<!DOCTYPE html PUBLIC "-//W3C//DTD XHTML 1.0 Transitional//EN"
    "http://www.w3.org/TR/xhtml1/DTD/xhtml1-transitional.dtd">
<html xmlns="http://www.w3.org/1999/xhtml" xml:lang="en" lang="en">
 <head>
  <title>
</title>
<meta http-equiv="Content-Type" content="text/html;charset=utf-8" />
  <meta name='ocr-system' content='tesseract 3.04.00' />
  <meta name='ocr-capabilities' content='ocr_page ocr_carea ocr_par ocr_line ocrx_word'/>
</head>
<body>
  <div class='ocr_page' id='page_1' title='image "./operaomnia06paulgoog_0283.png"; bbox 0 0 4082 6284; ppageno 0'>
   <div class='ocr_carea' id='block_1_1' title="bbox 87 545 1631 651">
    <p class='ocr_par' dir='ltr' id='par_1_1' title="bbox 87 545 1631 651">
     <span class='ocr_line' id='line_1_1' title="bbox 87 545 1631 651; baseline -0.001 -27"><span class='ocrx_word' id='word_1_1' title='bbox 87 548 150 651; x_wconf 82' lang='grc' dir='ltr'><strong>(Α.</strong></span> <span class='ocrx_word' id='word_1_2' title='bbox 169 547 214 622; x_wconf 80' lang='lat' dir='ltr'><strong>D.</strong></span> <span class='ocrx_word' id='word_1_3' title='bbox 235 545 362 646; x_wconf 76' lang='grc'>1458.)</span> <span class='ocrx_word' id='word_1_4' title='bbox 599 569 713 624; x_wconf 80' lang='lat' dir='ltr'><strong>uranx</strong></span> <span class='ocrx_word' id='word_1_5' title='bbox 738 568 984 622; x_wconf 82' lang='lat' dir='ltr'><strong>nnonncrnrus</strong></span> <span class='ocrx_word' id='word_1_6' title='bbox 1012 551 1127 641; x_wconf 83' lang='lat' dir='ltr'><strong>(xm).</strong></span> <span class='ocrx_word' id='word_1_7' title='bbox 1560 549 1631 624; x_wconf 80' lang='lat'><strong>271</strong></span> 
     </span>
    </p>
   </div>
   <div class='ocr_carea' id='block_1_2' title="bbox 82 755 1636 4242">
    <p class='ocr_par' dir='ltr' id='par_1_2' title="bbox 82 755 1636 4242">
     <span class='ocr_line' id='line_1_2' title="bbox 87 755 1636 850; baseline -0.002 -19"><span class='ocrx_word' id='word_1_8' title='bbox 87 763 120 832; x_wconf 91' lang='lat' dir='ltr'><strong>et</strong></span> <span class='ocrx_word' id='word_1_9' title='bbox 144 757 378 831; x_wconf 79' lang='lat' dir='ltr'><strong>defensionem</strong></span> <span class='ocrx_word' id='word_1_10' title='bbox 406 755 623 850; x_wconf 89' lang='lat' dir='ltr'><strong>opponendi,</strong></span> <span class='ocrx_word' id='word_1_11' title='bbox 654 775 791 830; x_wconf 89' lang='lat' dir='ltr'><strong>omnem</strong></span> <span class='ocrx_word' id='word_1_12' title='bbox 818 755 1057 848; x_wconf 83' lang='lat' dir='ltr'><strong>prohiberent,</strong></span> <span class='ocrx_word' id='word_1_13' title='bbox 1092 756 1202 830; x_wconf 88' lang='lat' dir='ltr'><strong>imbre</strong></span> <span class='ocrx_word' id='word_1_14' title='bbox 1234 756 1424 830; x_wconf 85' lang='lat' dir='ltr'>missilium</span> <span class='ocrx_word' id='word_1_15' title='bbox 1459 757 1636 850; x_wconf 86' lang='lat' dir='ltr'><strong>quoslibet</strong></span> 
     </span>
     <span class='ocr_line' id='line_1_3' title="bbox 87 877 1634 970; baseline 0 -20"><span class='ocrx_word' id='word_1_16' title='bbox 87 878 253 968; x_wconf 89' lang='lat' dir='ltr'><strong>feriendo,</strong></span> <span class='ocrx_word' id='word_1_17' title='bbox 286 881 514 970; x_wconf 87' lang='lat' dir='ltr'><strong>potestatem:</strong></span> <span class='ocrx_word' id='word_1_18' title='bbox 545 877 714 970; x_wconf 85' lang='lat' dir='ltr'><strong>quicum</strong></span> <span class='ocrx_word' id='word_1_19' title='bbox 742 899 779 950; x_wconf 89' lang='lat' dir='ltr'><strong>se</strong></span> <span class='ocrx_word' id='word_1_20' title='bbox 807 881 964 950; x_wconf 88' lang='lat' dir='ltr'><strong>extrema</strong></span> <span class='ocrx_word' id='word_1_21' title='bbox 994 899 1160 969; x_wconf 89' lang='lat' dir='ltr'><strong>passuros</strong></span> <span class='ocrx_word' id='word_1_22' title='bbox 1193 899 1262 950; x_wconf 89' lang='lat' dir='ltr'><strong>non</strong></span> <span class='ocrx_word' id='word_1_23' title='bbox 1291 879 1510 963; x_wconf 81' lang='lat' dir='ltr'><strong>dubitarent,</strong></span> <span class='ocrx_word' id='word_1_24' title='bbox 1540 879 1634 952; x_wconf 84' lang='lat' dir='ltr'><strong>roci·</strong></span> 
     </span>
     <span class='ocr_line' id='line_1_4' title="bbox 87 998 1636 1094; baseline 0.001 -23"><span class='ocrx_word' id='word_1_25' title='bbox 87 999 252 1074; x_wconf 87' lang='lat' dir='ltr'><strong>forationo</strong></span> <span class='ocrx_word' id='word_1_26' title='bbox 279 1020 404 1092; x_wconf 88' lang='lat' dir='ltr'><strong>magna</strong></span> <span class='ocrx_word' id='word_1_27' title='bbox 430 998 690 1073; x_wconf 76' lang='lat' dir='ltr'><strong>miserationem</strong></span> <span class='ocrx_word' id='word_1_28' title='bbox 718 999 962 1090; x_wconf 89' lang='lat' dir='ltr'><strong>precabantur.</strong></span> <span class='ocrx_word' id='word_1_29' title='bbox 1001 999 1056 1070; x_wconf 81' lang='lat' dir='ltr'><strong>llx</strong></span> <span class='ocrx_word' id='word_1_30' title='bbox 1085 999 1300 1072; x_wconf 80' lang='lat' dir='ltr'><strong>arrthoritato</strong></span> <span class='ocrx_word' id='word_1_31' title='bbox 1332 999 1451 1091; x_wconf 83' lang='lat' dir='ltr'><strong>itaque</strong></span> <span class='ocrx_word' id='word_1_32' title='bbox 1479 999 1588 1094; x_wconf 88' lang='lat' dir='ltr'><strong>Regis</strong></span> <span class='ocrx_word' id='word_1_33' title='bbox 1609 1001 1636 1084; x_wconf 80' lang='lat'><strong>¹)</strong></span> 
     </span>
     <span class='ocr_line' id='line_1_5' title="bbox 86 1119 1635 1212; baseline 0.001 -19"><span class='ocrx_word' id='word_1_34' title='bbox 86 1125 119 1194; x_wconf 90' lang='lat' dir='ltr'><strong>et</strong></span> <span class='ocrx_word' id='word_1_35' title='bbox 143 1121 328 1210; x_wconf 88' lang='lat' dir='ltr'><strong>baronum,</strong></span> <span class='ocrx_word' id='word_1_36' title='bbox 357 1122 484 1194; x_wconf 88' lang='lat' dir='ltr'><strong>Petrus</strong></span> <span class='ocrx_word' id='word_1_37' title='bbox 512 1121 555 1194; x_wconf 91' lang='lat' dir='ltr'><strong>de</strong></span> <span class='ocrx_word' id='word_1_38' title='bbox 584 1119 803 1193; x_wconf 85' lang='lat' dir='ltr'><strong>Sohamotnli</strong></span> <span class='ocrx_word' id='word_1_39' title='bbox 831 1120 1046 1192; x_wconf 87' lang='lat' dir='ltr'><strong>castellanus</strong></span> <span class='ocrx_word' id='word_1_40' title='bbox 1074 1119 1324 1193; x_wconf 88' lang='lat' dir='ltr'><strong>Posnauiensis</strong></span> <span class='ocrx_word' id='word_1_41' title='bbox 1354 1121 1401 1212; x_wconf 88' lang='lat' dir='ltr'><strong>(is</strong></span> <span class='ocrx_word' id='word_1_42' title='bbox 1430 1121 1522 1194; x_wconf 90' lang='lat' dir='ltr'><strong>enim</strong></span> <span class='ocrx_word' id='word_1_43' title='bbox 1542 1142 1635 1194; x_wconf 89' lang='lat' dir='ltr'><strong>crea·</strong></span> 
     </span>
     <span class='ocr_line' id='line_1_6' title="bbox 85 1240 1635 1334; baseline 0 -20"><span class='ocrx_word' id='word_1_44' title='bbox 85 1246 141 1314; x_wconf 90' lang='lat' dir='ltr'><strong>tus</strong></span> <span class='ocrx_word' id='word_1_45' title='bbox 168 1247 244 1316; x_wconf 85' lang='lat' dir='ltr'><strong>erat</strong></span> <span class='ocrx_word' id='word_1_46' title='bbox 279 1263 341 1334; x_wconf 90' lang='lat' dir='ltr'><strong>por</strong></span> <span class='ocrx_word' id='word_1_47' title='bbox 367 1243 499 1334; x_wconf 82' lang='lat' dir='ltr'><strong>Regem</strong></span> <span class='ocrx_word' id='word_1_48' title='bbox 530 1241 693 1334; x_wconf 88' lang='lat' dir='ltr'><strong>princeps</strong></span> <span class='ocrx_word' id='word_1_49' title='bbox 725 1240 891 1330; x_wconf 89' lang='lat' dir='ltr'><strong>militiae)</strong></span> <span class='ocrx_word' id='word_1_50' title='bbox 924 1261 1123 1328; x_wconf 87' lang='lat' dir='ltr'><strong>accurrens,</strong></span> <span class='ocrx_word' id='word_1_51' title='bbox 1156 1242 1276 1314; x_wconf 90' lang='lat' dir='ltr'><strong>hostes</strong></span> <span class='ocrx_word' id='word_1_52' title='bbox 1305 1263 1348 1315; x_wconf 90' lang='lat' dir='ltr'><strong>ox</strong></span> <span class='ocrx_word' id='word_1_53' title='bbox 1377 1247 1507 1332; x_wconf 88' lang='lat' dir='ltr'><strong>castro,</strong></span> <span class='ocrx_word' id='word_1_54' title='bbox 1543 1243 1635 1334; x_wconf 90' lang='lat' dir='ltr'><strong>quod</strong></span> 
     </span>
     <span class='ocr_line' id='line_1_7' title="bbox 85 1361 1634 1455; baseline 0 -19"><span class='ocrx_word' id='word_1_55' title='bbox 85 1362 152 1436; x_wconf 90' lang='lat' dir='ltr'><strong>iam</strong></span> <span class='ocrx_word' id='word_1_56' title='bbox 179 1364 390 1436; x_wconf 89' lang='lat' dir='ltr'><strong>Polonornm</strong></span> <span class='ocrx_word' id='word_1_57' title='bbox 418 1362 566 1455; x_wconf 87' lang='lat' dir='ltr'><strong>milites,</strong></span> <span class='ocrx_word' id='word_1_58' title='bbox 599 1367 701 1455; x_wconf 92' lang='lat' dir='ltr'><strong>porta</strong></span> <span class='ocrx_word' id='word_1_59' title='bbox 728 1361 886 1450; x_wconf 87' lang='lat' dir='ltr'><strong>effracta,</strong></span> <span class='ocrx_word' id='word_1_60' title='bbox 919 1361 1154 1451; x_wconf 81' lang='lat' dir='ltr'><strong>intraverant,</strong></span> <span class='ocrx_word' id='word_1_61' title='bbox 1189 1383 1232 1435; x_wconf 92' lang='lat' dir='ltr'><strong>ne</strong></span> <span class='ocrx_word' id='word_1_62' title='bbox 1260 1363 1302 1436; x_wconf 89' lang='lat' dir='ltr'><strong>ab</strong></span> <span class='ocrx_word' id='word_1_63' title='bbox 1331 1363 1431 1436; x_wconf 88' lang='lat' dir='ltr'><strong>iratis</strong></span> <span class='ocrx_word' id='word_1_64' title='bbox 1460 1363 1634 1437; x_wconf 85' lang='lat' dir='ltr'><strong>militibus</strong></span> 
     </span>
     <span class='ocr_line' id='line_1_8' title="bbox 85 1483 1633 1578; baseline 0.001 -22"><span class='ocrx_word' id='word_1_65' title='bbox 85 1483 357 1572; x_wconf 74' lang='lat' dir='ltr'><strong>trucidarentur,</strong></span> <span class='ocrx_word' id='word_1_66' title='bbox 386 1505 448 1578; x_wconf 93' lang='lat' dir='ltr'><strong>per</strong></span> <span class='ocrx_word' id='word_1_67' title='bbox 475 1485 622 1558; x_wconf 87' lang='lat' dir='ltr'><strong>alteram</strong></span> <span class='ocrx_word' id='word_1_68' title='bbox 650 1483 818 1558; x_wconf 89' lang='lat' dir='ltr'><strong>minorem</strong></span> <span class='ocrx_word' id='word_1_69' title='bbox 846 1487 982 1578; x_wconf 89' lang='lat' dir='ltr'><strong>portam</strong></span> <span class='ocrx_word' id='word_1_70' title='bbox 1011 1483 1141 1556; x_wconf 88' lang='lat' dir='ltr'><strong>educit.</strong></span> <span class='ocrx_word' id='word_1_71' title='bbox 1174 1483 1229 1554; x_wconf 87' lang='lat' dir='ltr'><strong>Rx</strong></span> <span class='ocrx_word' id='word_1_72' title='bbox 1257 1505 1326 1575; x_wconf 89' lang='lat' dir='ltr'><strong>qua</strong></span> <span class='ocrx_word' id='word_1_73' title='bbox 1352 1506 1389 1558; x_wconf 90' lang='lat' dir='ltr'><strong>re</strong></span> <span class='ocrx_word' id='word_1_74' title='bbox 1419 1489 1553 1558; x_wconf 88' lang='lat' dir='ltr'><strong>tantam</strong></span> <span class='ocrx_word' id='word_1_75' title='bbox 1581 1485 1633 1558; x_wconf 92' lang='lat' dir='ltr'><strong>bi·</strong></span> 
     </span>
     <span class='ocr_line' id='line_1_9' title="bbox 84 1605 1633 1698; baseline 0.001 -21"><span class='ocrx_word' id='word_1_76' title='bbox 84 1606 150 1679; x_wconf 90' lang='lat' dir='ltr'><strong>lem</strong></span> <span class='ocrx_word' id='word_1_77' title='bbox 177 1605 312 1679; x_wconf 91' lang='lat' dir='ltr'><strong>milites</strong></span> <span class='ocrx_word' id='word_1_78' title='bbox 339 1605 507 1680; x_wconf 87' lang='lat' dir='ltr'><strong>Poloniao</strong></span> <span class='ocrx_word' id='word_1_79' title='bbox 535 1606 741 1694; x_wconf 89' lang='lat' dir='ltr'><strong>hauserant,</strong></span> <span class='ocrx_word' id='word_1_80' title='bbox 770 1609 812 1677; x_wconf 92' lang='lat' dir='ltr'><strong>ut</strong></span> <span class='ocrx_word' id='word_1_81' title='bbox 838 1605 1099 1698; x_wconf 76' lang='lat' dir='ltr'><strong>expugnatione</strong></span> <span class='ocrx_word' id='word_1_82' title='bbox 1118 1605 1225 1678; x_wconf 87' lang='lat' dir='ltr'><strong>castri</strong></span> <span class='ocrx_word' id='word_1_83' title='bbox 1244 1605 1461 1693; x_wconf 89' lang='lat' dir='ltr'><strong>intermissa,</strong></span> <span class='ocrx_word' id='word_1_84' title='bbox 1490 1606 1633 1678; x_wconf 89' lang='lat' dir='ltr'><strong>Petrum</strong></span> 
     </span>
     <span class='ocr_line' id='line_1_10' title="bbox 85 1725 1634 1820; baseline 0.001 -22"><span class='ocrx_word' id='word_1_85' title='bbox 85 1726 125 1800; x_wconf 92' lang='lat' dir='ltr'><strong>de</strong></span> <span class='ocrx_word' id='word_1_86' title='bbox 152 1725 372 1800; x_wconf 84' lang='lat' dir='ltr'><strong>Schamotnli</strong></span> <span class='ocrx_word' id='word_1_87' title='bbox 403 1727 599 1820; x_wconf 90' lang='lat' dir='ltr'><strong>prinoipem</strong></span> <span class='ocrx_word' id='word_1_88' title='bbox 635 1725 803 1817; x_wconf 87' lang='lat' dir='ltr'><strong>militiae,</strong></span> <span class='ocrx_word' id='word_1_89' title='bbox 832 1731 973 1800; x_wconf 87' lang='lat' dir='ltr'><strong>etcum</strong></span> <span class='ocrx_word' id='word_1_90' title='bbox 1001 1725 1169 1818; x_wconf 82' lang='lat' dir='ltr'><strong>captivis,</strong></span> <span class='ocrx_word' id='word_1_91' title='bbox 1206 1726 1276 1798; x_wconf 90' lang='lat' dir='ltr'><strong>nisi</strong></span> <span class='ocrx_word' id='word_1_92' title='bbox 1303 1727 1451 1798; x_wconf 89' lang='lat' dir='ltr'><strong>alteram</strong></span> <span class='ocrx_word' id='word_1_93' title='bbox 1471 1725 1563 1799; x_wconf 84' lang='lat' dir='ltr'><strong>riam</strong></span> <span class='ocrx_word' id='word_1_94' title='bbox 1583 1731 1634 1800; x_wconf 91' lang='lat' dir='ltr'><strong>ta·</strong></span> 
     </span>
     <span class='ocr_line' id='line_1_11' title="bbox 84 1837 1634 1936; baseline -0.001 -17"><span class='ocrx_word' id='word_1_95' title='bbox 84 1837 192 1936; x_wconf 76' lang='lat' dir='ltr'><strong>nens,</strong></span> <span class='ocrx_word' id='word_1_96' title='bbox 214 1869 332 1921; x_wconf 89' lang='lat' dir='ltr'><strong>eorum</strong></span> <span class='ocrx_word' id='word_1_97' title='bbox 359 1852 505 1922; x_wconf 89' lang='lat' dir='ltr'><strong>conatus</strong></span> <span class='ocrx_word' id='word_1_98' title='bbox 537 1847 738 1936; x_wconf 79' lang='lat' dir='ltr'><strong>fefellisset,</strong></span> <span class='ocrx_word' id='word_1_99' title='bbox 772 1847 998 1922; x_wconf 87' lang='lat' dir='ltr'><strong>occidendum</strong></span> <span class='ocrx_word' id='word_1_100' title='bbox 1031 1851 1237 1920; x_wconf 78' lang='lat' dir='ltr'><strong>statuerent.</strong></span> <span class='ocrx_word' id='word_1_101' title='bbox 1273 1846 1404 1920; x_wconf 79' lang='lat' dir='ltr'><strong>Cecidit</strong></span> <span class='ocrx_word' id='word_1_102' title='bbox 1437 1851 1522 1920; x_wconf 91' lang='lat' dir='ltr'><strong>tunc</strong></span> <span class='ocrx_word' id='word_1_103' title='bbox 1548 1847 1634 1920; x_wconf 89' lang='lat' dir='ltr'><strong>iusi·</strong></span> 
     </span>
     <span class='ocr_line' id='line_1_12' title="bbox 83 1967 1632 2063; baseline 0.002 -24"><span class='ocrx_word' id='word_1_104' title='bbox 83 1967 160 2060; x_wconf 88' lang='lat' dir='ltr'><strong>gnis</strong></span> <span class='ocrx_word' id='word_1_105' title='bbox 188 1969 392 2042; x_wconf 91' lang='lat' dir='ltr'><strong>adolescens</strong></span> <span class='ocrx_word' id='word_1_106' title='bbox 421 1969 595 2063; x_wconf 84' lang='lat' dir='ltr'><strong>Sbignons</strong></span> <span class='ocrx_word' id='word_1_107' title='bbox 622 1969 760 2061; x_wconf 81' lang='lat' dir='ltr'><strong>Ouaplra</strong></span> <span class='ocrx_word' id='word_1_108' title='bbox 786 1969 829 2042; x_wconf 90' lang='lat' dir='ltr'><strong>de</strong></span> <span class='ocrx_word' id='word_1_109' title='bbox 856 1969 983 2058; x_wconf 83' lang='lat' dir='ltr'><strong>quor,</strong></span> <span class='ocrx_word' id='word_1_110' title='bbox 1023 1967 1065 2040; x_wconf 94' lang='lat' dir='ltr'><strong>de</strong></span> <span class='ocrx_word' id='word_1_111' title='bbox 1093 1969 1194 2040; x_wconf 90' lang='lat' dir='ltr'><strong>domo</strong></span> <span class='ocrx_word' id='word_1_112' title='bbox 1222 1968 1395 2057; x_wconf 88' lang='lat' dir='ltr'><strong>Dambno‚</strong></span> <span class='ocrx_word' id='word_1_113' title='bbox 1428 1968 1550 2060; x_wconf 83' lang='lat' dir='ltr'><strong>pixide</strong></span> <span class='ocrx_word' id='word_1_114' title='bbox 1577 1989 1632 2042; x_wconf 88' lang='lat' dir='ltr'><strong>oa·</strong></span> 
     </span>
     <span class='ocr_line' id='line_1_13' title="bbox 84 2089 1634 2189; baseline -0.003 -27"><span class='ocrx_word' id='word_1_115' title='bbox 84 2095 146 2182; x_wconf 88' lang='lat' dir='ltr'><strong>put</strong></span> <span class='ocrx_word' id='word_1_116' title='bbox 179 2095 381 2189; x_wconf 86' lang='lat' dir='ltr'><strong>rumpente,</strong></span> <span class='ocrx_word' id='word_1_117' title='bbox 419 2095 454 2165; x_wconf 91' lang='lat' dir='ltr'><strong>et</strong></span> <span class='ocrx_word' id='word_1_118' title='bbox 485 2112 564 2165; x_wconf 88' lang='lat' dir='ltr'><strong>cum</strong></span> <span class='ocrx_word' id='word_1_119' title='bbox 595 2089 659 2164; x_wconf 91' lang='lat' dir='ltr'><strong>illo</strong></span> <span class='ocrx_word' id='word_1_120' title='bbox 691 2091 777 2180; x_wconf 88' lang='lat' dir='ltr'><strong>duo,</strong></span> <span class='ocrx_word' id='word_1_121' title='bbox 814 2089 1022 2163; x_wconf 84' lang='lat' dir='ltr'><strong>Dobrnicalri</strong></span> <span class='ocrx_word' id='word_1_122' title='bbox 1057 2090 1212 2162; x_wconf 90' lang='lat' dir='ltr'><strong>Polonus</strong></span> <span class='ocrx_word' id='word_1_123' title='bbox 1245 2094 1279 2162; x_wconf 93' lang='lat' dir='ltr'><strong>et</strong></span> <span class='ocrx_word' id='word_1_124' title='bbox 1307 2089 1419 2161; x_wconf 86' lang='lat' dir='ltr'><strong>David</strong></span> <span class='ocrx_word' id='word_1_125' title='bbox 1457 2090 1634 2163; x_wconf 90' lang='lat' dir='ltr'><strong>Bohemus</strong></span> 
     </span>
     <span class='ocr_line' id='line_1_14' title="bbox 84 2209 1633 2303; baseline 0.001 -21"><span class='ocrx_word' id='word_1_126' title='bbox 84 2211 206 2284; x_wconf 89' lang='lat' dir='ltr'><strong>ductor</strong></span> <span class='ocrx_word' id='word_1_127' title='bbox 233 2232 409 2285; x_wconf 89' lang='lat' dir='ltr'><strong>curruum.</strong></span> <span class='ocrx_word' id='word_1_128' title='bbox 440 2212 509 2286; x_wconf 85' lang='lat' dir='ltr'><strong>Sed</strong></span> <span class='ocrx_word' id='word_1_129' title='bbox 536 2216 571 2285; x_wconf 90' lang='lat' dir='ltr'><strong>et</strong></span> <span class='ocrx_word' id='word_1_130' title='bbox 598 2211 777 2284; x_wconf 84' lang='lat' dir='ltr'><strong>vulnerati</strong></span> <span class='ocrx_word' id='word_1_131' title='bbox 803 2212 924 2303; x_wconf 90' lang='lat' dir='ltr'><strong>plnres</strong></span> <span class='ocrx_word' id='word_1_132' title='bbox 952 2210 1135 2300; x_wconf 85' lang='lat' dir='ltr'><strong>extabant,</strong></span> <span class='ocrx_word' id='word_1_133' title='bbox 1164 2209 1309 2302; x_wconf 84' lang='lat' dir='ltr'><strong>quibus,</strong></span> <span class='ocrx_word' id='word_1_134' title='bbox 1340 2210 1422 2301; x_wconf 87' lang='lat' dir='ltr'><strong>qnia</strong></span> <span class='ocrx_word' id='word_1_135' title='bbox 1451 2211 1633 2284; x_wconf 87' lang='lat' dir='ltr'><strong>subductis</strong></span> 
     </span>
     <span class='ocr_line' id='line_1_15' title="bbox 84 2331 1632 2425; baseline 0 -21"><span class='ocrx_word' id='word_1_136' title='bbox 84 2331 233 2424; x_wconf 82' lang='lat' dir='ltr'><strong>captivis</strong></span> <span class='ocrx_word' id='word_1_137' title='bbox 262 2333 439 2425; x_wconf 87' lang='lat' dir='ltr'><strong>parentari</strong></span> <span class='ocrx_word' id='word_1_138' title='bbox 465 2355 535 2406; x_wconf 93' lang='lat' dir='ltr'><strong>non</strong></span> <span class='ocrx_word' id='word_1_139' title='bbox 562 2336 715 2424; x_wconf 86' lang='lat' dir='ltr'><strong>poterat,</strong></span> <span class='ocrx_word' id='word_1_140' title='bbox 746 2332 859 2406; x_wconf 90' lang='lat' dir='ltr'><strong>omnis</strong></span> <span class='ocrx_word' id='word_1_141' title='bbox 887 2332 1061 2406; x_wconf 90' lang='lat' dir='ltr'><strong>exercitus</strong></span> <span class='ocrx_word' id='word_1_142' title='bbox 1091 2331 1128 2404; x_wconf 88' lang='lat' dir='ltr'><strong>in</strong></span> <span class='ocrx_word' id='word_1_143' title='bbox 1155 2331 1287 2424; x_wconf 81' lang='lat' dir='ltr'><strong>Regem</strong></span> <span class='ocrx_word' id='word_1_144' title='bbox 1320 2331 1488 2404; x_wconf 86' lang='lat' dir='ltr'><strong>fremebat</strong></span> <span class='ocrx_word' id='word_1_145' title='bbox 1515 2336 1551 2405; x_wconf 91' lang='lat' dir='ltr'><strong>ot</strong></span> <span class='ocrx_word' id='word_1_146' title='bbox 1572 2332 1632 2404; x_wconf 87' lang='lat' dir='ltr'><strong>ba·</strong></span> 
     </span>
     <span class='ocr_line' id='line_1_16' title="bbox 83 2451 1632 2546; baseline -0.001 -21"><span class='ocrx_word' id='word_1_147' title='bbox 83 2473 194 2526; x_wconf 89' lang='lat' dir='ltr'><strong>rores.</strong></span> <span class='ocrx_word' id='word_1_148' title='bbox 223 2453 346 2528; x_wconf 90' lang='lat' dir='ltr'><strong>Instae</strong></span> <span class='ocrx_word' id='word_1_149' title='bbox 373 2475 511 2546; x_wconf 85' lang='lat' dir='ltr'><strong>quoque</strong></span> <span class='ocrx_word' id='word_1_150' title='bbox 538 2454 626 2544; x_wconf 87' lang='lat' dir='ltr'><strong>irae,</strong></span> <span class='ocrx_word' id='word_1_151' title='bbox 655 2453 727 2527; x_wconf 89' lang='lat' dir='ltr'><strong>alia</strong></span> <span class='ocrx_word' id='word_1_152' title='bbox 754 2453 881 2527; x_wconf 90' lang='lat' dir='ltr'><strong>iustior</strong></span> <span class='ocrx_word' id='word_1_153' title='bbox 900 2453 1059 2527; x_wconf 88' lang='lat' dir='ltr'><strong>accessit.</strong></span> <span class='ocrx_word' id='word_1_154' title='bbox 1089 2451 1261 2524; x_wconf 89' lang='lat' dir='ltr'><strong>Nonnulli</strong></span> <span class='ocrx_word' id='word_1_155' title='bbox 1280 2451 1453 2544; x_wconf 89' lang='lat' dir='ltr'><strong>siquidem</strong></span> <span class='ocrx_word' id='word_1_156' title='bbox 1473 2452 1632 2537; x_wconf 92' lang='lat' dir='ltr'><strong>barones,</strong></span> 
     </span>
     <span class='ocr_line' id='line_1_17' title="bbox 84 2573 1633 2669; baseline -0.001 -23"><span class='ocrx_word' id='word_1_157' title='bbox 84 2580 237 2648; x_wconf 87' lang='lat' dir='ltr'><strong>castrum</strong></span> <span class='ocrx_word' id='word_1_158' title='bbox 264 2575 424 2649; x_wconf 87' lang='lat' dir='ltr'><strong>videntes</strong></span> <span class='ocrx_word' id='word_1_159' title='bbox 451 2581 709 2669; x_wconf 88' lang='lat' dir='ltr'><strong>expugnatum,</strong></span> <span class='ocrx_word' id='word_1_160' title='bbox 738 2575 910 2648; x_wconf 89' lang='lat' dir='ltr'><strong>familiam</strong></span> <span class='ocrx_word' id='word_1_161' title='bbox 937 2573 1150 2660; x_wconf 90' lang='lat' dir='ltr'><strong>immittunt,</strong></span> <span class='ocrx_word' id='word_1_162' title='bbox 1179 2573 1487 2666; x_wconf 89' lang='lat' dir='ltr'><strong>promptuariaquo</strong></span> <span class='ocrx_word' id='word_1_163' title='bbox 1510 2578 1546 2646; x_wconf 89' lang='lat' dir='ltr'><strong>ot</strong></span> <span class='ocrx_word' id='word_1_164' title='bbox 1564 2575 1633 2647; x_wconf 89' lang='lat' dir='ltr'><strong>cel-</strong></span> 
     </span>
     <span class='ocr_line' id='line_1_18' title="bbox 83 2694 1633 2788; baseline 0.001 -22"><span class='ocrx_word' id='word_1_165' title='bbox 83 2695 184 2785; x_wconf 88' lang='lat' dir='ltr'><strong>laria,</strong></span> <span class='ocrx_word' id='word_1_166' title='bbox 205 2697 361 2769; x_wconf 91' lang='lat' dir='ltr'><strong>omnium</strong></span> <span class='ocrx_word' id='word_1_167' title='bbox 381 2697 590 2770; x_wconf 84' lang='lat' dir='ltr'><strong>victualium</strong></span> <span class='ocrx_word' id='word_1_168' title='bbox 609 2697 824 2770; x_wconf 88' lang='lat' dir='ltr'><strong>abundantia</strong></span> <span class='ocrx_word' id='word_1_169' title='bbox 841 2696 986 2784; x_wconf 89' lang='lat' dir='ltr'><strong>referta,</strong></span> <span class='ocrx_word' id='word_1_170' title='bbox 1016 2700 1186 2788; x_wconf 81' lang='lat' dir='ltr'><strong>ooorrpant</strong></span> <span class='ocrx_word' id='word_1_171' title='bbox 1201 2694 1244 2785; x_wconf 85' lang='lat'><strong>²),</strong></span> <span class='ocrx_word' id='word_1_172' title='bbox 1273 2701 1308 2768; x_wconf 91' lang='lat' dir='ltr'><strong>et</strong></span> <span class='ocrx_word' id='word_1_173' title='bbox 1326 2717 1369 2769; x_wconf 90' lang='lat' dir='ltr'><strong>ne</strong></span> <span class='ocrx_word' id='word_1_174' title='bbox 1388 2700 1524 2768; x_wconf 89' lang='lat' dir='ltr'><strong>caetera</strong></span> <span class='ocrx_word' id='word_1_175' title='bbox 1543 2697 1633 2768; x_wconf 92' lang='lat' dir='ltr'><strong>mul-</strong></span> 
     </span>
     <span class='ocr_line' id='line_1_19' title="bbox 83 2816 1633 2910; baseline 0.001 -22"><span class='ocrx_word' id='word_1_176' title='bbox 83 2817 195 2890; x_wconf 89' lang='lat' dir='ltr'><strong>titudo</strong></span> <span class='ocrx_word' id='word_1_177' title='bbox 225 2839 270 2890; x_wconf 88' lang='lat' dir='ltr'><strong>ex</strong></span> <span class='ocrx_word' id='word_1_178' title='bbox 298 2818 374 2891; x_wconf 90' lang='lat' dir='ltr'><strong>illis</strong></span> <span class='ocrx_word' id='word_1_179' title='bbox 401 2818 644 2910; x_wconf 77' lang='lat' dir='ltr'><strong>participaret,</strong></span> <span class='ocrx_word' id='word_1_180' title='bbox 672 2819 871 2910; x_wconf 89' lang='lat' dir='ltr'><strong>prohibent.</strong></span> <span class='ocrx_word' id='word_1_181' title='bbox 901 2816 1044 2909; x_wconf 89' lang='lat' dir='ltr'><strong>Duplici</strong></span> <span class='ocrx_word' id='word_1_182' title='bbox 1073 2817 1192 2908; x_wconf 85' lang='lat' dir='ltr'><strong>itaque</strong></span> <span class='ocrx_word' id='word_1_183' title='bbox 1220 2816 1350 2889; x_wconf 88' lang='lat' dir='ltr'><strong>iniuria</strong></span> <span class='ocrx_word' id='word_1_184' title='bbox 1369 2823 1525 2908; x_wconf 89' lang='lat' dir='ltr'><strong>permota</strong></span> <span class='ocrx_word' id='word_1_185' title='bbox 1544 2818 1633 2889; x_wconf 90' lang='lat' dir='ltr'><strong>mul·</strong></span> 
     </span>
     <span class='ocr_line' id='line_1_20' title="bbox 83 2935 1632 3032; baseline 0 -22"><span class='ocrx_word' id='word_1_186' title='bbox 83 2938 213 3025; x_wconf 91' lang='lat' dir='ltr'><strong>titudo,</strong></span> <span class='ocrx_word' id='word_1_187' title='bbox 245 2945 430 3032; x_wconf 85' lang='lat' dir='ltr'><strong>antequam</strong></span> <span class='ocrx_word' id='word_1_188' title='bbox 459 2940 668 3012; x_wconf 78' lang='lat' dir='ltr'><strong>victualium</strong></span> <span class='ocrx_word' id='word_1_189' title='bbox 688 2962 706 3012; x_wconf 90' lang='lat' dir='ltr'><strong>o</strong></span> <span class='ocrx_word' id='word_1_190' title='bbox 725 2945 840 3013; x_wconf 88' lang='lat' dir='ltr'><strong>castro</strong></span> <span class='ocrx_word' id='word_1_191' title='bbox 859 2941 958 3012; x_wconf 88' lang='lat' dir='ltr'><strong>fieret</strong></span> <span class='ocrx_word' id='word_1_192' title='bbox 976 2939 1190 3031; x_wconf 85' lang='lat' dir='ltr'><strong>exportatio,</strong></span> <span class='ocrx_word' id='word_1_193' title='bbox 1215 2941 1306 3011; x_wconf 86' lang='lat' dir='ltr'><strong>faces</strong></span> <span class='ocrx_word' id='word_1_194' title='bbox 1326 2943 1440 3010; x_wconf 89' lang='lat' dir='ltr'><strong>castro</strong></span> <span class='ocrx_word' id='word_1_195' title='bbox 1459 2937 1574 3011; x_wconf 83' lang='lat' dir='ltr'><strong>inlicit</strong></span> <span class='ocrx_word' id='word_1_196' title='bbox 1590 2935 1632 3026; x_wconf 86' lang='lat'><strong>³),</strong></span> 
     </span>
     <span class='ocr_line' id='line_1_21' title="bbox 83 3059 1631 3153; baseline 0.001 -22"><span class='ocrx_word' id='word_1_197' title='bbox 83 3059 232 3152; x_wconf 86' lang='lat' dir='ltr'><strong>igneque</strong></span> <span class='ocrx_word' id='word_1_198' title='bbox 260 3067 460 3153; x_wconf 87' lang='lat' dir='ltr'><strong>grassante,</strong></span> <span class='ocrx_word' id='word_1_199' title='bbox 488 3083 557 3134; x_wconf 89' lang='lat' dir='ltr'><strong>nou</strong></span> <span class='ocrx_word' id='word_1_200' title='bbox 586 3062 756 3135; x_wconf 80' lang='lat' dir='ltr'><strong>victualia</strong></span> <span class='ocrx_word' id='word_1_201' title='bbox 783 3061 1040 3150; x_wconf 87' lang='lat' dir='ltr'><strong>tantummodo,</strong></span> <span class='ocrx_word' id='word_1_202' title='bbox 1071 3061 1198 3153; x_wconf 90' lang='lat' dir='ltr'><strong>quibus</strong></span> <span class='ocrx_word' id='word_1_203' title='bbox 1226 3059 1394 3132; x_wconf 92' lang='lat' dir='ltr'><strong>notabilis</strong></span> <span class='ocrx_word' id='word_1_204' title='bbox 1422 3081 1503 3151; x_wconf 88' lang='lat' dir='ltr'><strong>pars</strong></span> <span class='ocrx_word' id='word_1_205' title='bbox 1531 3079 1631 3132; x_wconf 90' lang='lat' dir='ltr'><strong>exer·</strong></span> 
     </span>
     <span class='ocr_line' id='line_1_22' title="bbox 85 3180 1633 3275; baseline 0.001 -22"><span class='ocrx_word' id='word_1_206' title='bbox 85 3180 177 3254; x_wconf 87' lang='lat' dir='ltr'><strong>citus</strong></span> <span class='ocrx_word' id='word_1_207' title='bbox 195 3183 294 3255; x_wconf 90' lang='lat' dir='ltr'><strong>refici</strong></span> <span class='ocrx_word' id='word_1_208' title='bbox 313 3187 465 3274; x_wconf 89' lang='lat' dir='ltr'><strong>poterat,</strong></span> <span class='ocrx_word' id='word_1_209' title='bbox 489 3183 549 3255; x_wconf 90' lang='lat' dir='ltr'><strong>sod</strong></span> <span class='ocrx_word' id='word_1_210' title='bbox 564 3187 599 3256; x_wconf 83' lang='lat' dir='ltr'><strong>et</strong></span> <span class='ocrx_word' id='word_1_211' title='bbox 612 3182 666 3272; x_wconf 91' lang='lat' dir='ltr'><strong>hi,</strong></span> <span class='ocrx_word' id='word_1_212' title='bbox 687 3183 806 3275; x_wconf 90' lang='lat' dir='ltr'><strong>quiea</strong></span> <span class='ocrx_word' id='word_1_213' title='bbox 825 3182 958 3256; x_wconf 91' lang='lat' dir='ltr'><strong>diutius</strong></span> <span class='ocrx_word' id='word_1_214' title='bbox 978 3203 1145 3274; x_wconf 89' lang='lat' dir='ltr'><strong>occupare</strong></span> <span class='ocrx_word' id='word_1_215' title='bbox 1164 3186 1485 3274; x_wconf 88' lang='lat' dir='ltr'><strong>praesumpserant,</strong></span> <span class='ocrx_word' id='word_1_216' title='bbox 1506 3181 1633 3254; x_wconf 82' lang='lat' dir='ltr'><strong>confla·</strong></span> 
     </span>
     <span class='ocr_line' id='line_1_23' title="bbox 82 3303 1632 3394; baseline 0.001 -21"><span class='ocrx_word' id='word_1_217' title='bbox 82 3321 238 3394; x_wconf 80' lang='lat' dir='ltr'><strong>gravere.</strong></span> <span class='ocrx_word' id='word_1_218' title='bbox 268 3303 345 3377; x_wconf 90' lang='lat' dir='ltr'><strong>Rex</strong></span> <span class='ocrx_word' id='word_1_219' title='bbox 361 3305 392 3394; x_wconf 88' lang='lat'><strong>⁴)</strong></span> <span class='ocrx_word' id='word_1_220' title='bbox 420 3304 535 3377; x_wconf 87' lang='lat' dir='ltr'><strong>tribus</strong></span> <span class='ocrx_word' id='word_1_221' title='bbox 564 3304 686 3378; x_wconf 91' lang='lat' dir='ltr'><strong>diebus</strong></span> <span class='ocrx_word' id='word_1_222' title='bbox 716 3303 847 3376; x_wconf 88' lang='lat' dir='ltr'><strong>stativa</strong></span> <span class='ocrx_word' id='word_1_223' title='bbox 874 3303 949 3376; x_wconf 90' lang='lat' dir='ltr'><strong>illic</strong></span> <span class='ocrx_word' id='word_1_224' title='bbox 968 3303 1099 3390; x_wconf 89' lang='lat' dir='ltr'><strong>tenuit,</strong></span> <span class='ocrx_word' id='word_1_225' title='bbox 1130 3303 1194 3375; x_wconf 88' lang='lat' dir='ltr'><strong>sub</strong></span> <span class='ocrx_word' id='word_1_226' title='bbox 1213 3303 1342 3394; x_wconf 89' lang='lat' dir='ltr'><strong>quibus</strong></span> <span class='ocrx_word' id='word_1_227' title='bbox 1361 3307 1515 3374; x_wconf 88' lang='lat' dir='ltr'><strong>castrum</strong></span> <span class='ocrx_word' id='word_1_228' title='bbox 1534 3323 1632 3393; x_wconf 88' lang='lat' dir='ltr'><strong>prae·</strong></span> 
     </span>
     <span class='ocr_line' id='line_1_24' title="bbox 83 3421 1632 3518; baseline 0.001 -24"><span class='ocrx_word' id='word_1_229' title='bbox 83 3421 214 3495; x_wconf 88' lang='lat' dir='ltr'><strong>dietum</strong></span> <span class='ocrx_word' id='word_1_230' title='bbox 244 3445 322 3496; x_wconf 89' lang='lat' dir='ltr'><strong>oum</strong></span> <span class='ocrx_word' id='word_1_231' title='bbox 350 3425 460 3496; x_wconf 91' lang='lat' dir='ltr'><strong>muris</strong></span> <span class='ocrx_word' id='word_1_232' title='bbox 488 3429 524 3498; x_wconf 91' lang='lat' dir='ltr'><strong>et</strong></span> <span class='ocrx_word' id='word_1_233' title='bbox 551 3424 720 3498; x_wconf 88' lang='lat' dir='ltr'><strong>aedificiis</strong></span> <span class='ocrx_word' id='word_1_234' title='bbox 748 3425 839 3514; x_wconf 88' lang='lat' dir='ltr'><strong>suis,</strong></span> <span class='ocrx_word' id='word_1_235' title='bbox 868 3425 965 3518; x_wconf 89' lang='lat' dir='ltr'><strong>Rege</strong></span> <span class='ocrx_word' id='word_1_236' title='bbox 992 3425 1194 3513; x_wconf 83' lang='lat' dir='ltr'><strong>mandante,</strong></span> <span class='ocrx_word' id='word_1_237' title='bbox 1228 3424 1383 3496; x_wconf 88' lang='lat' dir='ltr'><strong>dirutum</strong></span> <span class='ocrx_word' id='word_1_238' title='bbox 1411 3428 1447 3496; x_wconf 91' lang='lat' dir='ltr'><strong>et</strong></span> <span class='ocrx_word' id='word_1_239' title='bbox 1474 3425 1549 3496; x_wconf 92' lang='lat' dir='ltr'><strong>solo</strong></span> <span class='ocrx_word' id='word_1_240' title='bbox 1576 3444 1632 3496; x_wconf 84' lang='lat' dir='ltr'><strong>aa·</strong></span> 
     </span>
     <span class='ocr_line' id='line_1_25' title="bbox 83 3523 1633 3638; baseline 0.001 -22"><span class='ocrx_word' id='word_1_241' title='bbox 83 3551 229 3636; x_wconf 88' lang='lat' dir='ltr'><strong>quatum</strong></span> <span class='ocrx_word' id='word_1_242' title='bbox 267 3551 331 3618; x_wconf 89' lang='lat' dir='ltr'><strong>ost.</strong></span> <span class='ocrx_word' id='word_1_243' title='bbox 370 3523 569 3618; x_wconf 87' lang='lat' dir='ltr'><strong>Adiunctus</strong></span> <span class='ocrx_word' id='word_1_244' title='bbox 606 3545 751 3638; x_wconf 87' lang='lat' dir='ltr'><strong>insuper</strong></span> <span class='ocrx_word' id='word_1_245' title='bbox 787 3547 824 3618; x_wconf 91' lang='lat' dir='ltr'><strong>in</strong></span> <span class='ocrx_word' id='word_1_246' title='bbox 861 3567 901 3619; x_wconf 89' lang='lat' dir='ltr'><strong>ea</strong></span> <span class='ocrx_word' id='word_1_247' title='bbox 937 3546 1159 3637; x_wconf 81' lang='lat' dir='ltr'><strong>expeditione</strong></span> <span class='ocrx_word' id='word_1_248' title='bbox 1196 3547 1300 3618; x_wconf 89' lang='lat' dir='ltr'><strong>Petro</strong></span> <span class='ocrx_word' id='word_1_249' title='bbox 1337 3545 1379 3617; x_wconf 92' lang='lat' dir='ltr'><strong>de</strong></span> <span class='ocrx_word' id='word_1_250' title='bbox 1415 3544 1633 3618; x_wconf 84' lang='lat' dir='ltr'><strong>Schamotuli</strong></span> 
     </span>
     <span class='ocr_line' id='line_1_26' title="bbox 83 3665 1632 3761; baseline 0 -23"><span class='ocrx_word' id='word_1_251' title='bbox 83 3667 275 3739; x_wconf 87' lang='lat' dir='ltr'><strong>castellano</strong></span> <span class='ocrx_word' id='word_1_252' title='bbox 308 3666 539 3740; x_wconf 88' lang='lat' dir='ltr'><strong>Posuaniensi</strong></span> <span class='ocrx_word' id='word_1_253' title='bbox 571 3667 835 3761; x_wconf 83' lang='lat' dir='ltr'><strong>abrogandum</strong></span> <span class='ocrx_word' id='word_1_254' title='bbox 869 3667 1061 3742; x_wconf 84' lang='lat' dir='ltr'><strong>exercitum</strong></span> <span class='ocrx_word' id='word_1_255' title='bbox 1093 3667 1244 3759; x_wconf 84' lang='lat' dir='ltr'><strong>regium,</strong></span> <span class='ocrx_word' id='word_1_256' title='bbox 1279 3672 1315 3740; x_wconf 90' lang='lat' dir='ltr'><strong>et</strong></span> <span class='ocrx_word' id='word_1_257' title='bbox 1347 3666 1383 3740; x_wconf 91' lang='lat' dir='ltr'><strong>in</strong></span> <span class='ocrx_word' id='word_1_258' title='bbox 1411 3665 1632 3758; x_wconf 75' lang='lat' dir='ltr'><strong>capitaneum</strong></span> 
     </span>
     <span class='ocr_line' id='line_1_27' title="bbox 83 3787 1631 3882; baseline 0.001 -23"><span class='ocrx_word' id='word_1_259' title='bbox 83 3787 302 3860; x_wconf 89' lang='lat' dir='ltr'><strong>exercituum</strong></span> <span class='ocrx_word' id='word_1_260' title='bbox 320 3789 518 3879; x_wconf 85' lang='lat' dir='ltr'><strong>praefectus</strong></span> <span class='ocrx_word' id='word_1_261' title='bbox 543 3789 658 3861; x_wconf 87' lang='lat' dir='ltr'><strong>fuerat</strong></span> <span class='ocrx_word' id='word_1_262' title='bbox 676 3789 804 3862; x_wconf 90' lang='lat' dir='ltr'><strong>Petrus</strong></span> <span class='ocrx_word' id='word_1_263' title='bbox 824 3788 1087 3882; x_wconf 82' lang='lat' dir='ltr'><strong>Sohaffranyoca</strong></span> <span class='ocrx_word' id='word_1_264' title='bbox 1106 3788 1149 3860; x_wconf 92' lang='lat' dir='ltr'><strong>de</strong></span> <span class='ocrx_word' id='word_1_265' title='bbox 1168 3789 1359 3880; x_wconf 80' lang='lat' dir='ltr'><strong>Pyeslrowa</strong></span> <span class='ocrx_word' id='word_1_266' title='bbox 1378 3787 1485 3859; x_wconf 88' lang='lat' dir='ltr'><strong>Slrala</strong></span> <span class='ocrx_word' id='word_1_267' title='bbox 1511 3807 1631 3860; x_wconf 87' lang='lat' dir='ltr'><strong>suoca-</strong></span> 
     </span>
     <span class='ocr_line' id='line_1_28' title="bbox 83 3908 1631 4002; baseline 0 -22"><span class='ocrx_word' id='word_1_268' title='bbox 83 3908 253 3981; x_wconf 88' lang='lat' dir='ltr'><strong>nerarius</strong></span> <span class='ocrx_word' id='word_1_269' title='bbox 281 3908 533 3982; x_wconf 75' lang='lat' dir='ltr'><strong>bracariensis.</strong></span> <span class='ocrx_word' id='word_1_270' title='bbox 563 3909 606 3981; x_wconf 94' lang='lat' dir='ltr'><strong>Id</strong></span> <span class='ocrx_word' id='word_1_271' title='bbox 626 3930 764 4002; x_wconf 86' lang='lat' dir='ltr'><strong>qnoque</strong></span> <span class='ocrx_word' id='word_1_272' title='bbox 786 3915 906 3996; x_wconf 84' lang='lat' dir='ltr'><strong>utrum</strong></span> <span class='ocrx_word' id='word_1_273' title='bbox 927 3909 970 3982; x_wconf 85' lang='lat' dir='ltr'><strong>sd</strong></span> <span class='ocrx_word' id='word_1_274' title='bbox 989 3908 1216 3982; x_wconf 84' lang='lat' dir='ltr'><strong>auertendum</strong></span> <span class='ocrx_word' id='word_1_275' title='bbox 1243 3908 1417 3982; x_wconf 90' lang='lat' dir='ltr'><strong>hominem</strong></span> <span class='ocrx_word' id='word_1_276' title='bbox 1437 3930 1457 3981; x_wconf 88' lang='lat' dir='ltr'><strong>a</strong></span> <span class='ocrx_word' id='word_1_277' title='bbox 1475 3908 1631 3999; x_wconf 88' lang='lat' dir='ltr'><strong>perfidia,</strong></span> 
     </span>
     <span class='ocr_line' id='line_1_29' title="bbox 83 4028 1630 4121; baseline 0 -21"><span class='ocrx_word' id='word_1_278' title='bbox 83 4029 124 4101; x_wconf 87' lang='lat' dir='ltr'><strong>ab</strong></span> <span class='ocrx_word' id='word_1_279' title='bbox 151 4050 192 4101; x_wconf 90' lang='lat' dir='ltr'><strong>eo</strong></span> <span class='ocrx_word' id='word_1_280' title='bbox 208 4028 241 4118; x_wconf 81' lang='lat'><strong>⁵)</strong></span> <span class='ocrx_word' id='word_1_281' title='bbox 269 4051 348 4102; x_wconf 91' lang='lat' dir='ltr'><strong>oum</strong></span> <span class='ocrx_word' id='word_1_282' title='bbox 376 4029 564 4104; x_wconf 73' lang='lat' dir='ltr'><strong>cruciferis</strong></span> <span class='ocrx_word' id='word_1_283' title='bbox 592 4030 697 4121; x_wconf 89' lang='lat' dir='ltr'><strong>inita,</strong></span> <span class='ocrx_word' id='word_1_284' title='bbox 726 4032 855 4104; x_wconf 85' lang='lat' dir='ltr'><strong>facturn</strong></span> <span class='ocrx_word' id='word_1_285' title='bbox 882 4031 947 4118; x_wconf 91' lang='lat' dir='ltr'><strong>sit,</strong></span> <span class='ocrx_word' id='word_1_286' title='bbox 977 4053 1021 4103; x_wconf 91' lang='lat' dir='ltr'><strong>an</strong></span> <span class='ocrx_word' id='word_1_287' title='bbox 1049 4035 1089 4102; x_wconf 90' lang='lat' dir='ltr'><strong>ut</strong></span> <span class='ocrx_word' id='word_1_288' title='bbox 1116 4029 1254 4104; x_wconf 85' lang='lat' dir='ltr'><strong>invisus</strong></span> <span class='ocrx_word' id='word_1_289' title='bbox 1282 4033 1536 4121; x_wconf 81' lang='lat' dir='ltr'><strong>suspectusque</strong></span> <span class='ocrx_word' id='word_1_290' title='bbox 1559 4029 1630 4100; x_wconf 86' lang='lat' dir='ltr'><strong>lla·</strong></span> 
     </span>
     <span class='ocr_line' id='line_1_30' title="bbox 82 4149 1343 4242; baseline -0.001 -20"><span class='ocrx_word' id='word_1_291' title='bbox 82 4150 192 4241; x_wconf 87' lang='lat' dir='ltr'><strong>gistro</strong></span> <span class='ocrx_word' id='word_1_292' title='bbox 221 4154 258 4223; x_wconf 87' lang='lat' dir='ltr'><strong>et</strong></span> <span class='ocrx_word' id='word_1_293' title='bbox 285 4149 407 4223; x_wconf 88' lang='lat' dir='ltr'><strong>Ordini</strong></span> <span class='ocrx_word' id='word_1_294' title='bbox 433 4152 649 4242; x_wconf 90' lang='lat' dir='ltr'><strong>redderetur,</strong></span> <span class='ocrx_word' id='word_1_295' title='bbox 679 4173 742 4225; x_wconf 90' lang='lat' dir='ltr'><strong>cur</strong></span> <span class='ocrx_word' id='word_1_296' title='bbox 768 4156 932 4225; x_wconf 91' lang='lat' dir='ltr'><strong>neutrum</strong></span> <span class='ocrx_word' id='word_1_297' title='bbox 960 4153 1145 4238; x_wconf 85' lang='lat' dir='ltr'><strong>affirmem,</strong></span> <span class='ocrx_word' id='word_1_298' title='bbox 1175 4150 1284 4222; x_wconf 89' lang='lat' dir='ltr'><strong>babeo</strong></span> <span class='ocrx_word' id='word_1_299' title='bbox 1300 4149 1343 4240; x_wconf 73' lang='grc'><strong>6).</strong></span> 
     </span>
    </p>
   </div>
   <div class='ocr_carea' id='block_1_3' title="bbox 82 4508 1632 4764">
    <p class='ocr_par' dir='ltr' id='par_1_3' title="bbox 82 4508 1632 4764">
     <span class='ocr_line' id='line_1_31' title="bbox 82 4508 1632 4612; baseline 0.008 -32"><span class='ocrx_word' id='word_1_300' title='bbox 82 4508 287 4582; x_wconf 77' lang='lat' dir='ltr'><strong>lombardus</strong></span> <span class='ocrx_word' id='word_1_301' title='bbox 309 4512 533 4588; x_wconf 79' lang='lat' dir='ltr'><strong>Sobrnborski</strong></span> <span class='ocrx_word' id='word_1_302' title='bbox 555 4519 592 4588; x_wconf 76' lang='lat' dir='ltr'><strong>ct</strong></span> <span class='ocrx_word' id='word_1_303' title='bbox 614 4515 810 4606; x_wconf 77' lang='lat' dir='ltr'><strong>paoarlun</strong></span> <span class='ocrx_word' id='word_1_304' title='bbox 831 4532 876 4590; x_wconf 77' lang='lat' dir='ltr'><strong>er</strong></span> <span class='ocrx_word' id='word_1_305' title='bbox 898 4515 1006 4592; x_wconf 77' lang='lat' dir='ltr'><strong>dicim</strong></span> <span class='ocrx_word' id='word_1_306' title='bbox 1027 4515 1202 4592; x_wconf 79' lang='lat' dir='ltr'><strong>deductum</strong></span> <span class='ocrx_word' id='word_1_307' title='bbox 1220 4518 1364 4608; x_wconf 66' lang='lat' dir='ltr'><strong>amitit,</strong></span> <span class='ocrx_word' id='word_1_308' title='bbox 1396 4522 1523 4612; x_wconf 55' lang='lat' dir='ltr'><strong>et‘ipre</strong></span> <span class='ocrx_word' id='word_1_309' title='bbox 1546 4523 1632 4612; x_wconf 85' lang='lat' dir='ltr'><strong>turpi</strong></span> 
     </span>
     <span class='ocr_line' id='line_1_32' title="bbox 376 4635 1338 4764; baseline 0.008 -58"><span class='ocrx_word' id='word_1_310' title='bbox 376 4635 453 4725; x_wconf 81' lang='lat' dir='ltr'><strong>ingo</strong></span> <span class='ocrx_word' id='word_1_311' title='bbox 475 4637 533 4708; x_wconf 85' lang='lat' dir='ltr'><strong>rix</strong></span> <span class='ocrx_word' id='word_1_312' title='bbox 555 4637 657 4709; x_wconf 84' lang='lat' dir='ltr'><strong>saluti</strong></span> <span class='ocrx_word' id='word_1_313' title='bbox 680 4655 760 4710; x_wconf 81' lang='lat' dir='ltr'><strong>suae</strong></span> <span class='ocrx_word' id='word_1_314' title='bbox 783 4640 943 4727; x_wconf 85' lang='lat' dir='ltr'><strong>consulit,</strong></span> <span class='ocrx_word' id='word_1_315' title='bbox 967 4656 986 4711; x_wconf 81' lang='lat' dir='ltr'><strong>r</strong></span> <span class='ocrx_word' id='word_1_316' title='bbox 1008 4641 1136 4760; x_wconf 81' lang='lat' dir='ltr'><strong>lolonis</strong></span> <span class='ocrx_word' id='word_1_317' title='bbox 1158 4641 1338 4764; x_wconf 81' lang='lat' dir='ltr'><strong>insecutus.</strong></span> 
     </span>
    </p>
   </div>
   <div class='ocr_carea' id='block_1_4' title="bbox 83 4881 1631 5104">
    <p class='ocr_par' dir='ltr' id='par_1_4' title="bbox 83 4881 1631 5104">
     <span class='ocr_line' id='line_1_33' title="bbox 183 4881 1631 4982; baseline 0.006 -26"><span class='ocrx_word' id='word_1_318' title='bbox 183 4881 291 4956; x_wconf 80' lang='lat' dir='ltr'><strong>Faria</strong></span> <span class='ocrx_word' id='word_1_319' title='bbox 317 4884 484 4974; x_wconf 86' lang='lat' dir='ltr'><strong>secunda,</strong></span> <span class='ocrx_word' id='word_1_320' title='bbox 516 4884 553 4958; x_wconf 90' lang='lat' dir='ltr'><strong>in</strong></span> <span class='ocrx_word' id='word_1_321' title='bbox 580 4885 706 4980; x_wconf 84' lang='lat' dir='ltr'><strong>uigilia</strong></span> <span class='ocrx_word' id='word_1_322' title='bbox 734 4887 855 4962; x_wconf 83' lang='lat' dir='ltr'><strong>Sancti</strong></span> <span class='ocrx_word' id='word_1_323' title='bbox 883 4890 1002 4963; x_wconf 90' lang='lat' dir='ltr'><strong>Iaoobi</strong></span> <span class='ocrx_word' id='word_1_324' title='bbox 1030 4891 1209 4982; x_wconf 84' lang='lat' dir='ltr'><strong>Apostoli,</strong></span> <span class='ocrx_word' id='word_1_325' title='bbox 1237 4890 1440 4964; x_wconf 85' lang='lat' dir='ltr'><strong>Kauimirus</strong></span> <span class='ocrx_word' id='word_1_326' title='bbox 1468 4892 1545 4964; x_wconf 88' lang='lat' dir='ltr'><strong>Rex</strong></span> <span class='ocrx_word' id='word_1_327' title='bbox 1564 4893 1631 4965; x_wconf 85' lang='lat' dir='ltr'><strong>Po·</strong></span> 
     </span>
     <span class='ocr_line' id='line_1_34' title="bbox 83 5003 1630 5104; baseline 0.007 -29"><span class='ocrx_word' id='word_1_328' title='bbox 83 5003 214 5094; x_wconf 87' lang='lat' dir='ltr'><strong>leniae,</strong></span> <span class='ocrx_word' id='word_1_329' title='bbox 244 5005 349 5077; x_wconf 89' lang='lat' dir='ltr'><strong>motis</strong></span> <span class='ocrx_word' id='word_1_330' title='bbox 377 5006 590 5080; x_wconf 89' lang='lat' dir='ltr'><strong>exercitibus</strong></span> <span class='ocrx_word' id='word_1_331' title='bbox 609 5013 644 5082; x_wconf 89' lang='lat' dir='ltr'><strong>et</strong></span> <span class='ocrx_word' id='word_1_332' title='bbox 662 5008 803 5082; x_wconf 86' lang='lat' dir='ltr'><strong>aciebus</strong></span> <span class='ocrx_word' id='word_1_333' title='bbox 823 5010 1010 5098; x_wconf 86' lang='lat' dir='ltr'><strong>ordinatis,</strong></span> <span class='ocrx_word' id='word_1_334' title='bbox 1040 5032 1060 5082; x_wconf 85' lang='lat' dir='ltr'><strong>a</strong></span> <span class='ocrx_word' id='word_1_335' title='bbox 1088 5013 1249 5104; x_wconf 87' lang='lat' dir='ltr'><strong>Pampou</strong></span> <span class='ocrx_word' id='word_1_336' title='bbox 1266 5013 1297 5102; x_wconf 83' lang='lat'><strong>⁷)</strong></span> <span class='ocrx_word' id='word_1_337' title='bbox 1325 5012 1524 5102; x_wconf 89' lang='lat' dir='ltr'><strong>discedens,</strong></span> <span class='ocrx_word' id='word_1_338' title='bbox 1554 5034 1630 5086; x_wconf 86' lang='lat' dir='ltr'><strong>ver·</strong></span> 
     </span>
    </p>
   </div>
   <div class='ocr_carea' id='block_1_5' title="bbox 84 5260 1632 5596">
    <p class='ocr_par' dir='ltr' id='par_1_5' title="bbox 84 5260 1632 5596">
     <span class='ocr_line' id='line_1_35' title="bbox 189 5260 1632 5386; baseline 0.006 -25"><span class='ocrx_word' id='word_1_339' title='bbox 189 5297 213 5380; x_wconf 90' lang='lat'><strong>¹)</strong></span> <span class='ocrx_word' id='word_1_340' title='bbox 237 5260 372 5361; x_wconf 75' lang='lat' dir='ltr'><strong>casimiri</strong></span> <span class='ocrx_word' id='word_1_341' title='bbox 400 5300 493 5378; x_wconf 86' lang='lat' dir='ltr'><strong>Regis</strong></span> <span class='ocrx_word' id='word_1_342' title='bbox 515 5297 577 5364; x_wconf 77' lang='lat' dir='ltr'><strong>Ed.</strong></span> <span class='ocrx_word' id='word_1_343' title='bbox 606 5299 695 5385; x_wconf 66' lang='lat' dir='ltr'><strong>Lapa.</strong></span> <span class='ocrx_word' id='word_1_344' title='bbox 730 5300 756 5374; x_wconf 66' lang='lat' dir='ltr'><strong>”l</strong></span> <span class='ocrx_word' id='word_1_345' title='bbox 781 5309 953 5382; x_wconf 87' lang='lat' dir='ltr'><strong>oppugnant</strong></span> <span class='ocrx_word' id='word_1_346' title='bbox 985 5299 1061 5368; x_wconf 74' lang='lat' dir='ltr'><strong>cod.</strong></span> <span class='ocrx_word' id='word_1_347' title='bbox 1091 5303 1200 5369; x_wconf 76' lang='lat' dir='ltr'><strong>Praez.</strong></span> <span class='ocrx_word' id='word_1_348' title='bbox 1232 5304 1260 5386; x_wconf 78' lang='lat'><strong>³)</strong></span> <span class='ocrx_word' id='word_1_349' title='bbox 1282 5306 1418 5367; x_wconf 88' lang='lat' dir='ltr'><strong>iniicinnt</strong></span> <span class='ocrx_word' id='word_1_350' title='bbox 1442 5300 1518 5368; x_wconf 74' lang='lat' dir='ltr'><strong>cod.</strong></span> <span class='ocrx_word' id='word_1_351' title='bbox 1543 5301 1632 5370; x_wconf 83' lang='lat' dir='ltr'><strong>Calc.</strong></span> 
     </span>
     <span class='ocr_line' id='line_1_36' title="bbox 84 5395 1630 5491; baseline 0.005 -27"><span class='ocrx_word' id='word_1_352' title='bbox 84 5395 111 5484; x_wconf 74' lang='lat'><strong>⁴)</strong></span> <span class='ocrx_word' id='word_1_353' title='bbox 125 5401 190 5464; x_wconf 85' lang='lat' dir='ltr'><strong>Rex</strong></span> <span class='ocrx_word' id='word_1_354' title='bbox 206 5402 368 5465; x_wconf 83' lang='lat' dir='ltr'><strong>Oasimirus</strong></span> <span class='ocrx_word' id='word_1_355' title='bbox 385 5401 448 5474; x_wconf 53' lang='lat' dir='ltr'><strong>Ede</strong></span> <span class='ocrx_word' id='word_1_356' title='bbox 466 5403 559 5488; x_wconf 81' lang='lat' dir='ltr'><strong>Lips.</strong></span> <span class='ocrx_word' id='word_1_357' title='bbox 578 5403 604 5486; x_wconf 56' lang='grc' dir='ltr'><strong>ὅ)</strong></span> <span class='ocrx_word' id='word_1_358' title='bbox 621 5425 675 5484; x_wconf 88' lang='lat' dir='ltr'><strong>per</strong></span> <span class='ocrx_word' id='word_1_359' title='bbox 697 5425 763 5468; x_wconf 87' lang='lat' dir='ltr'><strong>eum</strong></span> <span class='ocrx_word' id='word_1_360' title='bbox 786 5404 850 5469; x_wconf 78' lang='lat' dir='ltr'><strong>Ed.</strong></span> <span class='ocrx_word' id='word_1_361' title='bbox 874 5405 967 5490; x_wconf 70' lang='lat' dir='ltr'><strong>Lupa</strong></span> <span class='ocrx_word' id='word_1_362' title='bbox 993 5403 1020 5491; x_wconf 57' lang='grc' dir='ltr'><strong>θ)</strong></span> <span class='ocrx_word' id='word_1_363' title='bbox 1049 5427 1101 5469; x_wconf 89' lang='lat' dir='ltr'><strong>our</strong></span> <span class='ocrx_word' id='word_1_364' title='bbox 1115 5415 1271 5486; x_wconf 81' lang='lat' dir='ltr'><strong>utrumque</strong></span> <span class='ocrx_word' id='word_1_365' title='bbox 1294 5411 1435 5472; x_wconf 85' lang='lat' dir='ltr'><strong>affirmem</strong></span> <span class='ocrx_word' id='word_1_366' title='bbox 1450 5429 1509 5471; x_wconf 83' lang='lat' dir='ltr'><strong>uon</strong></span> <span class='ocrx_word' id='word_1_367' title='bbox 1525 5411 1630 5472; x_wconf 86' lang='lat' dir='ltr'><strong>habeo.</strong></span> 
     </span>
     <span class='ocr_line' id='line_1_37' title="bbox 84 5501 1042 5596; baseline 0.006 -30"><span class='ocrx_word' id='word_1_368' title='bbox 84 5501 144 5566; x_wconf 76' lang='lat' dir='ltr'><strong>Ec.</strong></span> <span class='ocrx_word' id='word_1_369' title='bbox 169 5504 262 5590; x_wconf 79' lang='lat' dir='ltr'><strong>Lipa.</strong></span> <span class='ocrx_word' id='word_1_370' title='bbox 288 5505 313 5586; x_wconf 73' lang='grc'><strong>7)</strong></span> <span class='ocrx_word' id='word_1_371' title='bbox 337 5509 476 5585; x_wconf 81' lang='lat' dir='ltr'><strong>Pempow</strong></span> <span class='ocrx_word' id='word_1_372' title='bbox 500 5504 577 5571; x_wconf 77' lang='lat' dir='ltr'><strong>eod.</strong></span> <span class='ocrx_word' id='word_1_373' title='bbox 600 5507 709 5572; x_wconf 73' lang='lat' dir='ltr'><strong>Perea.</strong></span> <span class='ocrx_word' id='word_1_374' title='bbox 732 5511 843 5588; x_wconf 85' lang='lat' dir='ltr'><strong>Papow</strong></span> <span class='ocrx_word' id='word_1_375' title='bbox 865 5509 928 5573; x_wconf 83' lang='lat' dir='ltr'><strong>Ed.</strong></span> <span class='ocrx_word' id='word_1_376' title='bbox 952 5509 1042 5596; x_wconf 77' lang='lat' dir='ltr'><strong>Dipo.</strong></span> 
     </span>
    </p>
   </div>
   <div class='ocr_carea' id='block_1_6' title="bbox 0 0 2046 6279">
    <p class='ocr_par' dir='ltr' id='par_1_6' title="bbox 0 0 2046 6279">
     <span class='ocr_line' id='line_1_38' title="bbox 0 0 2046 6279; baseline 0 0"><span class='ocrx_word' id='word_1_377' title='bbox 0 0 2046 6279; x_wconf 95' lang='lat' dir='ltr'><strong> </strong></span> 
     </span>
    </p>
   </div>
  </div>
 </body>
</html>
