4264 6280
918 524 1030 576 unane
1056 524 1300 577 ouonnonrus
1329 505 1443 595 (xm).
1678 501 1745 601 (Α.
1765 501 1809 575 D.
1831 500 1959 598 1447.)

860 941 1073 1054 ANNUS
1110 941 1340 1052 DOMINI
1376 937 1511 1054 1447.

654 1183 795 1272 ingenio
817 1185 933 1272 cuuto
955 1182 1041 1272 Papa
1062 1185 1189 1254 nonno
1211 1182 1359 1254 lboolcnc
1382 1183 1517 1272 quotue
1539 1183 1711 1256 sufficitur.

512 1430 630 1502 Tertia
656 1428 857 1517 Februarii,
886 1428 1066 1521 Eugenius
1085 1431 1182 1521 Papa
1201 1434 1364 1520 quartus,
1389 1452 1450 1521 per
1469 1429 1662 1503 Concilium
1682 1431 1879 1502 Basiliense
1898 1429 1957 1500 de-

408 1550 563 1642 positus,
598 1551 730 1622 Romae
762 1548 912 1621 moritur
947 1555 983 1620 et
1018 1550 1055 1621 in
1089 1550 1235 1622 ecclesia
1272 1551 1393 1622 Sancti
1428 1551 1527 1622 Petri
1563 1551 1744 1642 sepelitur.
1782 1549 1959 1622 Venerunt

409 1674 541 1758 autem,
571 1691 610 1742 eo
638 1671 827 1761 languente
855 1673 890 1742 et
917 1670 1115 1760 propediem
1135 1669 1319 1757 morituro,
1348 1670 1457 1762 legati
1477 1670 1585 1762 Regis
1614 1671 1849 1743 Romanorum
1878 1669 1955 1741 Fri-

409 1791 518 1863 derioi
550 1795 584 1862 et
612 1790 758 1861 duorum
785 1789 1002 1877 illectorem,
1031 1789 1311 1882 Maguntinensis
1335 1789 1589 1881 archiepiscopi
1618 1796 1652 1862 et
1676 1789 1848 1862 Priderioi
1866 1789 1956 1860 Mar-

408 1910 543 1983 chionis
571 1909 910 2000 Brandeourgensis‚
938 1909 1104 1983 uidelicet
1131 1911 1269 1982 Aeneas
1297 1910 1432 1982 Siluius
1460 1911 1501 1982 de
1530 1910 1631 1983 Senis
1659 1911 1774 1982 italus
1794 1915 1829 1982 et
1847 1908 1952 1982 Nico·

409 2031 488 2102 lans
525 2031 566 2102 de
602 2030 692 2103 Cuse
711 2030 738 2118 ¹)
766 2030 979 2117 Almannus,
1016 2031 1179 2117 Romam,
1217 2034 1252 2102 ot
1287 2029 1463 2121 praedicto
1501 2030 1657 2121 Eugenio
1695 2029 1731 2100 in
1763 2029 1907 2121 grabado
1923 2026 1954 2117 ²)

410 2149 648 2236 decumbenti,
676 2149 919 2236 neutralitato,
949 2171 1051 2240 quum
1080 2150 1117 2221 in
1145 2171 1220 2222 eam
1244 2149 1335 2223 diem
1360 2157 1600 2237 seruauerant,
1630 2151 1787 2237 sublata,
1817 2150 1957 2240 plenam

411 2269 642 2342 obedientiam
661 2270 913 2360 praestiterunt
936 2269 1076 2342 nomine
1103 2269 1211 2362 Regis
1227 2268 1257 2359 ³)
1286 2271 1520 2342 Romanorum
1540 2275 1575 2343 et
1592 2270 1848 2361 praedictorum
1872 2268 1956 2339 duo-

409 2411 486 2461 rum
515 2389 727 2461 Eleotornm.
756 2389 828 2460 Vix
855 2389 1063 2462 Pontificem
1095 2389 1268 2476 invenies,
1302 2389 1360 2462 oui
1392 2391 1495 2481 plura
1527 2390 1774 2481 contingerunt
1807 2387 1959 2460 secunda

411 2513 446 2581 et
473 2509 633 2581 adversa:
663 2509 856 2581 Concilium
884 2509 1124 2602 congregavit,
1153 2510 1332 2597 dissolvit,
1362 2511 1493 2582 Romae
1520 2514 1644 2602 captus
1669 2515 1739 2596 est,
1769 2509 1875 2601 fugit,
1905 2527 1956 2579 re-

411 2628 493 2717 diit,
523 2629 713 2700 biarchiam
739 2630 908 2720 perdidit,
937 2629 1173 2721 recuperauit3
1203 2629 1427 2722 Sigismundo
1455 2630 1594 2701 Caesari
1621 2630 1720 2721 prins
1747 2629 1879 2701 bellum
1904 2627 1957 2697 in·

410 2749 512 2838 tulit,
540 2753 621 2840 post
638 2749 797 2822 diadema
815 2749 1002 2836 concessit3
1030 2749 1206 2840 Alphonsi
1225 2750 1427 2841 drogonum
1454 2749 1561 2841 Regis
1590 2750 1687 2842 prius
1715 2748 1847 2834 hostie,
1877 2751 1959 2839 post

412 2869 557 2941 amicus.
594 2865 658 2940 Vir
689 2869 753 2941 alti
785 2869 915 2956 cordis,
951 2870 1012 2940 sed
1043 2871 1181 2941 nullum
1215 2869 1250 2940 in
1283 2891 1321 2942 eo
1350 2870 1462 2940 maius
1495 2870 1622 2941 uitium
1654 2874 1743 2960 erat,
1775 2868 1845 2939 nisi
1874 2867 1957 2958 qnia

413 2989 489 3060 sins
516 3010 679 3061 mensura
706 2989 790 3076 fuit,
819 2993 853 3061 et
872 3010 941 3060 non
960 2989 1052 3080 qnod
1079 2990 1211 3080 potuit,
1233 2989 1292 3061 sed
1312 2989 1403 3080 quod
1427 2990 1557 3077 uoluit,
1586 2992 1859 3084 aggressusest.
1887 2987 1957 3058 En·

414 3107 510 3202 genii
536 3109 653 3200 Papae
690 3109 854 3196 funere⁴l
891 3109 928 3180 in
961 3110 1107 3182 ecclesia
1144 3109 1264 3182 Sancti
1295 3109 1394 3181 Petri
1434 3131 1541 3200 prope
1574 3109 1770 3182 sacristiam
1803 3108 1956 3198 sepulto,

414 3229 614 3302 Gurdineles
642 3228 887 3301 conuenientes
915 3229 952 3300 in
979 3229 1138 3301 conclaui
1161 3230 1253 3321 apud
1275 3228 1484 3318 Mineruam,
1513 3231 1679 3301 Thomam
1699 3230 1741 3302 de
1760 3229 1911 3301 Sereana
1927 3225 1957 3314 ⁵)

414 3350 621 3422 Ianuensem
637 3349 681 3438 ⁰),
709 3349 809 3420 tituli
837 3349 985 3422 Sanctae
1013 3350 1194 3422 Susannae
1222 3349 1469 3441 Presbyterum
1493 3350 1728 3437 cardinalem,
1757 3348 1959 3438 episcopum

414 3469 685 3557 Bononiensem,
715 3469 864 3560 septima
890 3469 946 3542 die
975 3471 1105 3542 mensis
1133 3470 1268 3558 Martii,
1296 3470 1461 3541 ultimum
1489 3470 1581 3542 inter
1607 3468 1807 3541 bardinales
1835 3475 1870 3540 et
1893 3467 1957 3538 mi-

414 3611 547 3673 norem,
576 3591 772 3681 elogerunt:
802 3589 862 3680 qui
881 3589 1049 3661 Nicoleus
1068 3589 1213 3681 quintus
1232 3595 1377 3662 uocatus
1396 3595 1461 3662 est.
1490 3589 1559 3660 Hic
1577 3595 1676 3680 pater
1694 3589 1847 3679 optimus
1867 3587 1957 3657 Tho-

413 3729 488 3780 mas
520 3731 610 3780 anno
637 3709 830 3799 praedicto,
868 3729 935 3799 quo
969 3709 1005 3780 in
1033 3710 1164 3800 Papum
1192 3710 1325 3795 electus
1354 3715 1423 3796 est,
1457 3715 1636 3799 promotus
1664 3708 1733 3779 fnit
1760 3708 1797 3779 in
1825 3707 1957 3797 episco-

415 3850 498 3918 pum
526 3829 796 3913 Bononiensem,
831 3827 954 3900 deinde
985 3828 1085 3900 tituli
1118 3829 1265 3902 Sanctae
1281 3829 1311 3918 7)
1346 3831 1525 3902 Susannae
1557 3831 1805 3920 Presbyterum
1841 3826 1958 3899 (lardi-

415 3949 530 4019 nulem
572 3953 607 4019 et
637 3949 803 4038 posthaec
830 3947 867 4018 in
894 3948 1042 4038 Papam,
1080 3953 1114 4021 et
1146 3971 1214 4021 nno
1247 3969 1336 4021 anno
1373 3971 1491 4021 omnes
1528 3949 1610 4020 illos
1647 3954 1718 4020 tam
1756 3947 1892 4019 subitos
1925 3949 1960 4018 et

415 4069 505 4139 altos
533 4067 658 4140 habuit
685 4087 867 4154 ascensus,
896 4068 1082 4140 clementia
1110 4068 1305 4141 Salvatoris
1341 4070 1469 4161 gradus
1507 4068 1708 4140 huiusmodi
1746 4067 1814 4139 sibi
1842 4067 1957 4138 conte·

412 4193 528 4276 rente,
557 4209 659 4278 quem
686 4186 912 4278 praevidebat
931 4188 1124 4261 Ecclesiam
1154 4210 1252 4260 suam
1281 4188 1475 4260 multifarie
1499 4188 1661 4275 scissam,
1691 4209 1755 4258 sua
1774 4185 1957 4272 modestia,

413 4307 599 4398 prudentio
627 4311 662 4378 et
688 4307 905 4407 benignitate
932 4307 1125 4380 unitorum.
1154 4308 1258 4401 Origo
1286 4309 1342 4380 illi
1370 4329 1413 4381 ex
1442 4307 1650 4396 Sereanass),
1685 4308 1774 4398 quod
1807 4307 1958 4377 Ianuen-

415 4428 551 4516 siuml)
579 4431 633 4499 ost
661 4426 825 4517 oppidum
852 4427 889 4498 in
917 4427 1058 4516 Tuscia,
1097 4429 1198 4500 iuxta
1217 4428 1438 4520 Ligusticum
1456 4449 1565 4515 mare,
1595 4448 1638 4500 en
1657 4426 1861 4518 parentibus
1882 4423 1958 4515 qui-

416 4547 492 4618 dem
520 4545 693 4633 honestis,
723 4546 783 4617 eod
811 4547 917 4618 sortis
944 4548 1090 4620 humilis
1118 4553 1153 4620 et
1172 4548 1327 4640 ignotae,
1356 4548 1450 4620 Iuris
1478 4548 1589 4619 divini
1610 4551 1645 4619 et
1663 4545 1823 4632 humani,
1853 4549 1887 4617 et
1907 4549 1958 4614 to·

416 4667 488 4738 tius
521 4665 632 4737 Trivii
663 4671 699 4737 et
726 4665 909 4756 Quadriuii
941 4667 1092 4757 peritus,
1126 4667 1162 4738 in
1194 4689 1364 4759 pauperes
1397 4673 1431 4739 et
1458 4671 1613 4759 egestate
1645 4667 1764 4758 aliqua
1795 4667 1960 4756 gravatos

416 4787 584 4873 clemens,
613 4785 650 4857 iu
678 4784 956 4857 administranda
983 4786 1122 4858 iustitia
1149 4787 1204 4858 uir
1231 4787 1395 4878 optimus.

522 5075 546 5158 ¹)
569 5077 703 5138 bruscha
726 5071 802 5138 Cod.
828 5071 915 5137 Calo.
944 5072 1013 5156 ¹)in
1027 5078 1104 5138 lecto
1120 5073 1184 5138 Ed.
1207 5073 1299 5159 Lipa.
1324 5073 1349 5150 ὅ)
1372 5076 1523 5136 Proderici
1545 5075 1641 5151 Regis¹
1659 5071 1722 5135 Ed.
1748 5069 1838 5154 Lips.
1860 5067 1887 5150 ⁴)
1904 5071 1960 5131 Ou-

412 5185 459 5242 ius
481 5181 583 5242 funere
604 5176 668 5241 Ed.
691 5177 781 5261 Lips.
814 5175 840 5255 ⁶)
863 5179 1010 5239 Szarzana
1041 5174 1116 5240 Cori.
1140 5177 1208 5241 Lis.
1238 5179 1366 5239 Farfena
1397 5175 1473 5240 Coe.
1496 5175 1605 5240 Przez.
1637 5175 1662 5256 ⁰)
1686 5177 1873 5237 Genuonsem
1895 5169 1960 5235 Ed.

413 5281 503 5374 Lips.
529 5282 554 5369 ⁷)
577 5283 683 5344 deinde
704 5283 735 5342 iu
758 5283 884 5346 Sanctae
906 5278 969 5342 Et.
994 5278 1083 5368 Lips.
1109 5281 1134 5353 Β)
1158 5282 1287 5344 Sursena
1310 5277 1371 5342 Ed.
1395 5277 1486 5362 Lipe.
1511 5277 1537 5360 ⁹)
1560 5280 1760 5344 Genuensium
1782 5275 1846 5340 Ed.
1867 5273 1960 5360 Lipe.
