4082 6284
69 530 134 634 (Α.
154 529 201 606 D.
222 525 347 630 1462.)
581 549 694 604 crana
720 549 965 604 nnonaomus
992 532 1105 622 (arn).
1543 527 1614 605 351

68 743 266 814 devastant.
295 737 470 830 Ampliori
498 737 638 810 tandem
667 737 974 828 stipendiariorum
999 758 1141 809 numero
1161 734 1349 827 conducto,
1377 743 1477 831 petra
1495 745 1530 812 et
1550 741 1617 811 for-

69 862 225 934 talitium
243 860 457 953 praedictum
475 858 655 930 aNicolao
674 859 925 950 Pyenyanacek
945 856 1126 948 capitaneo
1145 857 1368 930 Oracoriensi
1389 859 1474 932 teria
1493 865 1618 951 quarta

67 988 149 1074 post
177 983 304 1054 festum
332 979 453 1053 Sancti
480 977 634 1050 Mathaei
653 977 832 1070 Apostoli,
863 977 1042 1050 obsidione
1065 982 1221 1049 coartata
1239 979 1279 1068 1),
1310 983 1345 1051 et
1363 981 1467 1052 Patro
1486 980 1617 1052 Komo-

67 1101 196 1175 rowshi
223 1121 301 1173 curn
328 1100 493 1192 gentibus
519 1098 671 1190 propriis
699 1119 742 1172 ax
771 1098 969 1192 hungaria,
999 1103 1033 1170 ot
1060 1095 1264 1170 Prneocslao
1292 1098 1334 1172 de
1354 1097 1554 1172 Dmosnicco
1574 1120 1617 1172 cx

69 1211 259 1312 Scaopusia¹
286 1219 569 1306 advenientibus,
598 1219 761 1291 hostibus
788 1218 968 1310 praedatio
988 1221 1023 1290 ot
1041 1218 1221 1310 pabulatio
1246 1217 1423 1309 prohibita
1438 1217 1481 1308 2).
1510 1220 1618 1292 Fame

67 1347 185 1415 autom
212 1341 422 1434 gravissima
449 1347 625 1431 premente
662 1339 840 1427 obsessos,
874 1339 956 1410 dum
986 1361 1005 1410 a
1036 1338 1214 1430 Boraiuoy
1241 1338 1278 1409 in
1306 1337 1508 1428 oscanath
1537 1360 1617 1411 con-

68 1464 218 1535 sistente
254 1463 375 1532 nullus
404 1465 640 1552 praestaretur
677 1480 880 1547 succursus,
914 1458 1136 1546 munitionis,
1172 1479 1276 1550 quam
1314 1459 1527 1549 Bukowyscn
1556 1481 1616 1550 ap-

67 1583 303 1674 pellaverant,
334 1586 369 1653 et
397 1581 550 1652 omnium
578 1601 767 1666 armorum,
787 1579 1130 1671 supellectiliumquo
1149 1577 1360 1651 deditionem
1380 1579 1467 1651 feria
1481 1586 1617 1670 quarta,

68 1703 103 1774 in
132 1702 259 1794 vigilia
286 1703 491 1774 Sanctorum
520 1699 672 1772 Simonis
701 1703 735 1772 ct
762 1700 870 1772 Iudae
903 1699 1169 1790 Apostolorum,
1203 1699 1314 1771 facero
1347 1701 1535 1791 compulsi,
1564 1700 1617 1771 vi·

67 1827 139 1901 tuna
170 1821 410 1893 tantummodo
438 1825 473 1892 et
501 1819 712 1892 vestimenta
739 1818 978 1910 paciscuntur.
1063 1839 1065 1844 ’

271 2177 502 2265 speculorum
525 2175 674 2264 oppidum
697 2177 826 2262 hostes,
849 2193 910 2246 nae
931 2175 1061 2264 impuno
1084 2178 1208 2260 tamon,
1230 2174 1420 2246 incendunt.

175 2425 324 2516 Aliquot
351 2423 575 2496 hebdomadis
608 2424 700 2515 opud
733 2423 985 2515 (impuriensem
1002 2423 1033 2513 ⁴)
1061 2422 1236 2514 regionem
1264 2423 1466 2509 Karimirus
1494 2425 1570 2498 Rex
1588 2424 1618 2514 5)

69 2547 294 2633 immoratus
322 2545 359 2616 in
387 2543 526 2616 Thomu
555 2545 710 2616 divortit.
741 2543 810 2616 Ubi
838 2565 858 2615 a
886 2544 1022 2616 ciuibus
1050 2544 1336 2615 Thoruuousibns
1355 2545 1520 2636 expensis
1539 2565 1617 2636 pro-

71 2673 234 2752 curatus,
269 2671 304 2737 et
331 2665 476 2736 aestatis
505 2669 539 2737 et
566 2665 725 2736 autumni
754 2669 907 2755 tempus,
936 2685 1007 2737 ana
1033 2685 1111 2735 curn
1139 2663 1322 2736 Elisabeth
1350 2666 1501 2757 Regina,
1531 2685 1619 2757 quare

69 2787 105 2858 in
134 2793 252 2858 castro
284 2784 562 2876 Nyeschouiensi
594 2785 860 2872 immorabatur,
894 2784 1028 2877 exegit:
1061 2792 1267 2877 gentesque,
1302 2805 1390 2876 quao
1422 2787 1487 2859 sub
1515 2785 1619 2858 Petro

39 2907 44 2915 '
69 2907 191 2979 Duuin
211 2905 461 2977 subcamerario
482 2904 756 2977 Sandomirionsi
776 2905 991 2992 militabant,
1012 2911 1047 2976 ot
1066 2907 1253 2976 nonnullos
1273 2907 1448 2978 caurienses
1464 2907 1495 2994 6)
1524 2927 1618 2994 suos,

69 3027 112 3098 ad
142 3026 322 3122 ferendum
355 3025 505 3097 Iohanni
538 3025 678 3096 Skalshi
711 3029 746 3096 et
773 3025 863 3113 suis,
897 3025 934 3097 in
967 3031 1080 3097 castro
1114 3025 1311 3098 Varmiensi
1339 3047 1359 3097 a
1386 3025 1555 3118 Magistro
1583 3033 1619 3098 ot

69 3147 146 3218 suis
176 3146 345 3233 obsessiS,
372 3145 579 3232 remedium,
609 3149 643 3217 et
671 3145 713 3216 ud
741 3143 950 3217 vastandum
984 3145 1079 3218 uicos
1108 3151 1142 3218 ot
1169 3146 1275 3217 villas
1307 3146 1344 3217 in
1376 3152 1469 3219 terra
1496 3149 1617 3219 Pome-

68 3267 207 3354 raniuo,
237 3266 328 3338 circa
356 3265 482 3356 oppida
509 3265 656 3352 Pucalri,
686 3266 869 3358 stargard,
900 3265 1039 3338 Bithou
1067 3271 1101 3338 et
1127 3266 1310 3358 bamberg,
1341 3287 1429 3358 quae
1457 3267 1493 3338 in
1513 3267 1617 3338 ditio·

68 3409 148 3459 uem
179 3386 420 3458 Cruciiericam
439 3387 469 3473 ⁷)
497 3392 754 3473 concesserunt,
789 3385 1011 3458 transmittit.
1046 3387 1269 3457 Bernhardus
1302 3387 1442 3458 interim
1472 3387 1618 3459 Scham-

68 3507 192 3579 borshi
229 3506 321 3597 apud
357 3507 476 3578 Chelm
505 3507 669 3597 oppidum
700 3527 822 3598 agona,
851 3505 1068 3578 Kacimirnm
1098 3508 1227 3597 Regem
1256 3515 1398 3598 proptor
1415 3507 1617 3598 propinqui·

69 3634 181 3700 tatem
215 3626 460 3714 lacessiturus,
495 3626 670 3717 impositis
698 3627 735 3697 in
763 3647 870 3698 naues
903 3626 1094 3712 militibus,
1128 3647 1186 3697 eos
1220 3647 1342 3697 uersus
1369 3627 1618 3718 Nyeschouam

69 3747 301 3819 transmittit:
335 3747 376 3818 do
411 3767 554 3836 utrorum
589 3746 740 3817 adventu
774 3747 850 3818 Rex
890 3747 1065 3833 avisatus,
1103 3747 1194 3817 nihil
1227 3747 1317 3837 quod
1350 3747 1490 3819 salubre
1518 3749 1618 3835 foret,

70 3867 325 3958 providendum
354 3867 469 3938 duxit.
498 3867 622 3956 Itaqum
641 3867 760 3938 hostes
780 3865 886 3938 fluvio
906 3867 1021 3938 Wisla
1040 3867 1147 3954 vecti,
1182 3867 1218 3938 in
1246 3869 1467 3958 crepusculo,
1501 3889 1618 3959 quom-

71 3988 261 4060 admodum
298 3974 577 4074 destinaverant,
615 3987 657 4057 ad
695 3986 942 4078 Npeschowam
971 3985 1191 4077 perueniunt.
1229 3987 1303 4058 Iam
1332 3988 1498 4078 oppidum
1526 3988 1618 4079 Nye·

71 4110 212 4180 schowa
240 4129 278 4180 eo
298 4127 404 4192 anuo,
433 4107 532 4178 iussu
552 4106 659 4197 Regis
675 4106 719 4194 8),
748 4115 788 4177 ut
809 4107 895 4179 fides
915 4106 1199 4178 Thorunensibus
1218 4107 1391 4210 promissa
1410 4115 1618 4196 servaretur,

70 4229 304 4315 dissolutum,
333 4233 368 4299 et
395 4247 438 4299 cx
466 4225 577 4299 reteri
605 4227 680 4297 loco
708 4233 856 4314 motum,
885 4227 921 4298 in
945 4227 1158 4318 superiorein
1179 4226 1313 4299 Wislas
1332 4228 1444 4319 ripam
1464 4233 1618 4300 transac-

70 4347 205 4436 sunl),
225 4369 328 4418 ruriam
349 4346 589 4418 tantummodo
608 4347 777 4436 plateam,
797 4347 841 4418 ad
861 4347 1010 4419 Wislam
1030 4351 1259 4437 spectantem,
1281 4347 1431 4419 habebat
1448 4348 1619 4420 relictam.

71 4471 176 4541 Hanc
203 4469 322 4539 hostes
351 4488 393 4540 ox
421 4467 570 4538 anavibus
598 4467 744 4558 agressi,
774 4473 808 4539 et
835 4467 1016 4558 aliquanto
1044 4472 1198 4558 tempore
1226 4467 1319 4538 inter
1346 4467 1454 4558 Regis
1482 4468 1618 4539 curion-

72 4611 130 4662 ses
150 4589 195 4678 ιο)
224 4587 437 4674 conversati,
465 4587 546 4658 dum
575 4586 737 4658 nonnulli
765 4587 906 4673 domna,
936 4609 1024 4678 qllae
1052 4588 1089 4659 in
1116 4587 1446 4678 comprehendendis
1470 4588 1619 4660 homini·

71 4710 140 4782 bus
169 4714 204 4781 et
231 4707 330 4798 eqrris
352 4705 486 4778 'interro
513 4712 751 4793 tentaverant,
781 4729 849 4779 nou
877 4709 1114 4795 succederent,
1135 4707 1202 4778 iam
1223 4728 1328 4798 propo
1348 4708 1512 4780 lucanum
1532 4715 1617 4780 tam·

71 4851 141 4921 pus
170 4829 377 4914 incendunt,
407 4826 656 4918 maiorumque,
686 4849 788 4918 quam
813 4849 874 4919 pro
894 4827 1034 4916 effectu,
1056 4833 1090 4900 et
1109 4825 1197 4921 Regi
1216 4825 1252 4898 in
1272 4833 1386 4900 castro
1406 4826 1622 4919 Nyoschowa

184 5137 208 5217 ¹)
238 5142 369 5198 coartata
400 5143 445 5198 est
474 5134 538 5198 Ed.
569 5135 659 5219 Lips.
692 5135 716 5216 ²)
747 5137 895 5216 prohibita
925 5143 978 5198 est.
1006 5135 1068 5200 Ed.
1093 5135 1181 5220 Lr'po.
1214 5137 1239 5215 ³)
1264 5139 1420 5200 Ostbrawa
1442 5135 1505 5200 Ed.
1529 5135 1622 5222 Lipa.

74 5239 102 5318 ⁴)
126 5242 206 5318 apud
229 5241 453 5300 cracoviensem
478 5237 540 5302 Ed.
564 5238 654 5322 Lapa.
679 5238 705 5318 5)
727 5243 791 5302 Rex
806 5243 947 5302 Poloniae
962 5239 1025 5306 Ed.
1044 5239 1133 5323 Lipa
1152 5239 1179 5315 ⁶)
1194 5243 1306 5302 aulicos
1321 5239 1384 5304 Ed.
1400 5238 1491 5324 La'po.
1509 5241 1534 5319 ⁷)
1552 5243 1622 5303 Oru-

75 5345 232 5406 ciiororum
257 5339 320 5402 Eo.
344 5341 434 5424 Lipa.
459 5343 484 5422 ⁸)
508 5344 642 5403 Casimiri
666 5345 757 5420 Regis
780 5341 844 5404 Ea.
868 5342 960 5426 Lipc.
985 5343 1011 5422 9)
1035 5347 1209 5406 translatum
1232 5342 1295 5406 Ed.
1320 5342 1410 5430 Lipo.
1439 5345 1477 5426 ¹⁰)
1500 5345 1622 5406 Aulicos

76 5445 139 5506 Ed.
163 5444 255 5532 Lipa.
