4046 6278
89 557 158 658 (Α.
175 557 224 632 1).
245 556 371 656 laed.)
603 581 716 636 araus
742 581 986 636 nuonncmua
1015 555 1130 653 (nur).
1564 558 1639 632 1191

96 767 327 858 „penderant
356 768 582 840 contulerunt
616 766 747 840 eisdem
783 765 920 840 civibus
947 767 990 840 de
1017 767 1148 860 leing
1166 769 1205 857 1),
1234 765 1466 840 omnimodam
1494 765 1638 840 liberta-

93 893 188 975 „tom
214 892 288 959 Dm
315 886 352 958 in
379 887 498 979 aquis,
527 907 631 978 quam
660 886 696 958 iu
722 886 806 960 aliia
832 885 1010 978 partibas,
1044 907 1132 978 quae
1165 891 1326 978 spaatant
1351 887 1397 958 ad
1421 905 1542 958 eonium
1571 888 1639 958 De·

92 1006 280 1094 „minium
309 1005 474 1080 videlieet
500 1010 612 1080 terras
640 1027 759 1080 eorum
787 1006 959 1095 intrandi,
989 1007 1209 1095 transeundi,
1238 1025 1439 1098 mersosque
1465 1005 1640 1078 vendendi

93 1133 155 1214 „et
183 1127 318 1200 emendi
345 1126 490 1215 ibidem,
520 1147 746 1219 quaeeunque
773 1127 965 1216 voluerint,
999 1133 1035 1200 et
1061 1126 1292 1199 nihilominus
1319 1127 1363 1198 ad
1390 1131 1523 1218 partes,
1553 1147 1641 1217 quas

93 1246 248 1335 „uelint
282 1245 359 1320 sine
387 1246 481 1320 omni
513 1245 695 1320 exactione
723 1246 851 1322 telonei
878 1251 915 1321 et
942 1247 1133 1334 solutione,
1161 1245 1340 1320 redeundi.
1374 1247 1525 1338 Insuper
1551 1244 1639 1318 adii·

92 1366 250 1456 „aientes
278 1367 320 1440 de
348 1367 503 1458 ipserum
531 1387 626 1440 mera
652 1366 883 1455 liberalitate,
916 1366 948 1440 si
975 1366 1145 1458 praedicti
1173 1366 1268 1440 aives
1294 1366 1338 1440 ad
1366 1366 1454 1440 litus
1469 1363 1500 1454 1)
1528 1365 1638 1440 dieto·

93 1509 196 1576 „rum
211 1485 242 1577 1)
261 1486 518 1575 Dominierum,
538 1487 604 1560 hee
620 1492 677 1560 eet
694 1487 738 1560 od
757 1487 844 1560 litus
862 1486 1103 1575 Pomeraniae,
1125 1491 1333 1578 tempestate
1351 1487 1510 1579 agitante
1527 1485 1637 1578 (qued

91 1607 225 1698 „absitt
244 1607 498 1700 naufragando,
527 1605 709 1698 pervenire
728 1606 930 1700 eontigerit,
950 1607 1072 1680 nullus
1091 1606 1230 1680 ommno
1250 1606 1414 1682 subditus
1433 1605 1548 1680 fidelis
1567 1626 1637 1678 me·

91 1731 270 1815 „moratos
297 1727 392 1800 eires
418 1747 564 1820 gravam
592 1732 793 1818 praesumat
820 1726 857 1800 in
884 1747 1026 1819 eorpore
1049 1727 1125 1800 sive
1143 1726 1180 1800 in
1199 1727 1303 1800 rebus
1322 1725 1405 1800 aliis
1424 1725 1636 1818 quibuseun·

92 1868 204 1939 „que‚
233 1867 296 1920 neo
323 1846 429 1920 etiam
456 1845 610 1938 aliquam
639 1867 809 1920 summam
837 1847 1005 1938 peouniae
1032 1847 1159 1920 audeat
1187 1851 1395 1938 extorquere
1423 1845 1552 1918 intuli
1580 1866 1638 1936 pe-

91 1967 242 2056 „rieule
271 1966 406 2040 Deinde
433 1965 539 2039 etiam
567 1967 761 2040 voluntatis
789 1967 945 2058 ipsorum
972 1971 1042 2054 est,
1076 1973 1117 2038 ut
1144 1967 1265 2039 nullus
1293 1965 1432 2040 omnino
1461 1985 1638 2040 sueeesse·

91 2109 195 2176 „rum
215 2109 350 2174 eornm,
379 2107 441 2160 seu
456 2086 487 2173 ⁴)
516 2085 718 2160 officialium
739 2075 910 2178 ipsorum,
939 2085 1185 2160 rationabilem
1209 2085 1430 2160 donationem
1458 2107 1521 2176 per
1544 2085 1641 2177 ipsos
1732 2105 1740 2128 ·

92 2209 247 2296 „laetam
275 2205 464 2298 infringere
483 2207 625 2294 audeat,
656 2208 713 2279 rel
731 2229 819 2280 ausu
839 2207 1021 2282 temerario
1040 2206 1224 2281 eontraire.
1254 2208 1437 2280 Praeterea
1456 2227 1519 2280 ros
1540 2206 1638 2280 Wla-

91 2327 253 2415 „dislaus
281 2325 346 2399 Dei
372 2325 487 2417 gratia
514 2347 606 2398 nune
633 2326 803 2400 Dominus
831 2327 945 2418 Regni
973 2326 1140 2400 Poloniaa
1168 2331 1233 2399 ete.
1255 2333 1463 2400 memoratos
1482 2327 1578 2400 eires
1596 2327 1638 2400 de

91 2446 249 2538 „Elbing
264 2445 294 2534 ⁵)
322 2445 503 2537 cupientes
532 2445 626 2518 omui
654 2452 774 2520 nostra
801 2446 966 2538 prosequi
983 2446 1113 2539 gratia,
1142 2467 1211 2537 quia
1229 2467 1433 2537 possumus,
1452 2452 1489 2522 at
1508 2448 1637 2534 fauere,

90 2566 188 2655 „iam
215 2570 417 2638 annotatam
445 2565 620 2638 libertatis
647 2566 886 2653 donationem,
915 2586 1020 2657 quam
1038 2565 1164 2658 inelyti
1191 2565 1389 2657 Prinoipes,
1427 2565 1540 2640 falieis
1568 2585 1638 2640 me-

91 2685 248 2776 ,moriae
275 2690 512 2760 anteesseorea
539 2685 667 2772 nostri,
697 2686 858 2776 superius
886 2685 1086 2760 memoratis
1101 2687 1133 2774 11)
1160 2685 1298 2760 nivibus
1317 2688 1557 2775 eentulerunt,
1576 2687 1637 2760 lra-

90 2806 192 2896 „bito
221 2807 385 2879 baronum
414 2809 612 2878 nostrorum
649 2811 784 2878 maturo
817 2805 980 2893 oonsilio,
1008 2806 1252 2897 praesentibus
1285 2807 1545 2893 confirmamus,
1579 2827 1638 2878 uo·

90 2927 232 3014 ,lentes
259 2945 322 3016 per
348 2946 410 2998 nos
427 2925 457 3013 ⁷)
485 2930 522 2998 et
549 2929 686 2998 nostros
705 2929 863 3017 posteros
888 2925 1143 3000 inuiolabiliter
1170 2925 1348 3000 observari
1362 2924 1407 3014 8),
1436 2924 1635 3019 sigillorum

91 3050 314 3136 „nostrorum
344 3045 535 3118 monimine
563 3045 766 3118 roborando.
797 3047 926 3120 Aetam
954 3051 989 3119 et
1016 3047 1136 3120 datum
1163 3043 1201 3118 in
1220 3047 1360 3120 Daneulu
1375 3046 1421 3136 1),
1449 3044 1486 3122 in
1505 3045 1638 3120 Ootaua

91 3164 336 3256 „Epiphaniae
354 3164 510 3252 Domini,
530 3165 781 3238 Praesentibus
799 3165 856 3238 his
875 3166 1042 3254 testibus,
1063 3167 1169 3238 tratre
1188 3165 1364 3258 Redigere
1380 3165 1424 3255 ¹⁰)
1443 3165 1581 3240 domino
1594 3166 1638 3255 ¹¹)

91 3285 244 3374 „abbate
275 3286 318 3358 de
349 3285 475 3373 Oliwa,
510 3286 617 3358 fratre
649 3285 800 3358 Heusieo
833 3285 972 3359 domino
992 3285 1036 3375 ¹²)
1071 3287 1197 3360 abbate
1229 3286 1271 3359 de
1303 3285 1482 3378 Polpelin,
1516 3292 1552 3359 et
1578 3286 1637 3358 do·

91 3404 213 3494 „mino
232 3403 277 3494 ¹³)
305 3405 445 3478 Sweneu
477 3405 669 3478 castellano
697 3405 739 3478 de
766 3405 867 3498 Stolp
888 3407 944 3496 ¹⁴),
977 3406 1116 3479 domino
1136 3405 1180 3494 11)
1212 3406 1346 3478 Adamo
1378 3406 1569 3480 eastallano
1597 3405 1639 3479 de

89 3525 235 3613 „Suasa
255 3525 312 3614 11),
340 3524 466 3598 eomite
484 3525 620 3598 Mathia
637 3524 769 3612 iudiee,
797 3527 924 3600 eomite
947 3525 1129 3599 Kelebone
1148 3527 1193 3615 ¹⁷)
1221 3527 1413 3599 matellano
1431 3525 1639 3613 (luesnenei,

91 3645 246 3734 „remita
261 3644 419 3718 ‘Alberto
450 3645 545 3717 dieto
576 3645 696 3718 Gaaka
722 3646 765 3718 da
793 3646 948 3719 Stuolna
967 3645 1024 3735 18),
1056 3646 1196 3719 demine
1224 3647 1400 3739 Redigero
1429 3646 1638 3720 vioeeaneel·

89 3764 208 3854 „lario
234 3765 461 3856 Guyariensi,
490 3765 551 3857 qni
578 3772 676 3838 teum
701 3765 860 3858 sigillum
889 3766 1030 3839 Domini
1050 3767 1107 3854 11),
1135 3766 1274 3840 domino
1307 3767 1427 3840 Deelao
1443 3765 1491 3854 ²⁰)
1519 3787 1638 3839 suona-

89 3884 264 3974 „merario
291 3885 528 3959 Pomeraniae.
563 3887 635 3960 Sub
663 3887 766 3959 Anno
788 3885 1047 3960 Inearnationia
1071 3886 1212 3958 Domini
1240 3887 1293 3959 M⁰
1315 3887 1385 3960 00⁰
1414 3885 1638 3978 nonagesimo

90 4009 277 4093 „eotamss

356 4220 505 4227 --—-—.

203 4345 224 4423 ¹)
248 4347 286 4408 de
306 4348 435 4425 Elbinge
458 4344 520 4410 Ed.
547 4344 639 4430 Lipa.
672 4346 699 4422 11)
721 4347 761 4408 ad
783 4348 860 4408 latus
882 4343 946 4408 Ed.
970 4345 1061 4431 Lips.
1093 4345 1271 4426 ³)ipserom
1294 4347 1438 4408 diatonum
1462 4343 1524 4408 Ed.
1550 4343 1639 4429 Lapa.

85 4449 117 4531 1)
144 4455 196 4510 aot
216 4447 278 4511 Ed.
304 4447 393 4532 Lapa.
418 4448 445 4530 ⁶)
468 4450 506 4510 de
527 4449 655 4526 leinge
679 4446 742 4510 Eo.
769 4447 859 4532 Lips.
884 4445 912 4532 ⁰)
935 4451 1093 4511 nominatis
1117 4446 1179 4511 Ed.
1204 4446 1297 4532 Lips.
1323 4447 1348 4529 ⁷)
1371 4455 1404 4510 ot
1424 4468 1479 4526 per
1499 4468 1554 4510 nos
1576 4445 1639 4510 Eo.

84 4551 186 4634 Lipa.
217 4548 242 4630 ⁸)
271 4554 444 4613 observetur
473 4549 535 4614 Eo.
564 4548 653 4634 Lipa.
685 4549 711 4629 11)
728 4552 766 4612 in
790 4551 934 4614 Gdanezlu
959 4548 1034 4616 Coo.
1060 4548 1148 4615 Colo.
1185 4549 1224 4628 111)
1246 4551 1416 4629 Rudingero
1448 4547 1524 4614 Coe.
1551 4547 1643 4614 Calo.-

89 4651 140 4736 ¹¹)
165 4653 242 4715 dieto
264 4651 328 4716 Ed.
351 4651 441 4737 Isipr.
477 4653 511 4735 11)
542 4654 620 4716 dioto
651 4649 713 4716 Ed.
741 4651 831 4737 Lipe.
867 4651 905 4734 11)
930 4661 960 4716 et
980 4657 1044 4715 Pau
1069 4650 1145 4718 Coe.
1171 4649 1260 4717 Colo.
1296 4651 1330 4732 11)
1354 4657 1391 4716 de
1413 4655 1555 4733 Stholpen
1576 4653 1640 4716 Ed.

81 4755 188 4839 Lapa.
224 4753 260 4834 Ι1)
282 4757 346 4818 Pan
370 4753 445 4820 ooo.
470 4753 559 4820 Colo.
594 4753 632 4835 11)
657 4757 765 4818 aaran
787 4753 851 4820 Ed.
872 4754 961 4840 Lips.
998 4755 1036 4832 ι1)
1065 4757 1219 4819 Kalehone
1248 4752 1325 4819 (hd.
1351 4752 1439 4820 Colo.
1474 4756 1514 4837 ιε)
1537 4758 1641 4836 Gsalm

81 4859 307 4922 Dmthwnlna
327 4857 390 4920 Ea
414 4857 504 4943 Lipr.
531 4858 571 4938 ¹⁰)
593 4860 651 4921 Dei
673 4856 737 4922 Ed.
762 4857 855 4942 Lapa.
878 4858 921 4939 ὀ)
943 4861 1047 4922 Saalao
1070 4855 1147 4923 dod.
1171 4857 1280 4923 Przez.
1302 4859 1433 4922 Tbealae
1455 4857 1527 4932 Ed,
1545 4858 1639 4943 Lipa.
