4126 6280
105 545 172 644 (Α.
192 547 237 622 D.
258 546 385 646 1454.)
621 573 735 626 nmen
760 572 1006 627 nuonnomrus
1034 555 1148 645 (xm).
1584 559 1656 630 191

105 756 222 848 qualis
249 761 387 848 poterat
418 778 481 849 pro
509 761 580 830 tam
613 757 766 830 intelieis
803 777 941 852 pugnae
972 759 1016 832 ad
1043 759 1273 852 Choynioaam
1296 761 1453 851 habitae,
1483 761 1657 856 signifiea-

105 877 202 950 tione
229 878 427 970 provenire,
458 879 563 972 longo
591 883 746 971 tempore
773 877 943 970 detinuit,
971 880 1210 970 metientium,
1231 887 1396 974 quantam
1417 883 1577 958 fortunae
1596 906 1655 958 va·

103 997 265 1074 rietatem
293 999 359 1072 sub
386 1003 487 1091 patre
514 1003 550 1072 et
576 999 651 1072 filio
679 998 852 1074 riderent.

103 1355 227 1446 dppida
250 1355 383 1428 drenow
406 1357 442 1426 ot
464 1353 586 1444 durau
613 1354 783 1426 brueiterir
810 1372 847 1427 aa
869 1353 1004 1428 dMunt.
1032 1357 1260 1430 trueiferomm
1286 1359 1428 1432 atsutia
1450 1360 1485 1432 in
1508 1361 1658 1450 eaptiror

605 1478 640 1548 et
662 1475 703 1548 de
718 1476 831 1550 rebto
853 1477 1015 1566 triumpho
1038 1477 1156 1552 testas.

206 1726 337 1798 Hostes
365 1725 488 1798 diebus
516 1724 653 1818 aliquot
680 1725 771 1798 eirea
791 1726 817 1815 ¹)
846 1724 1075 1818 Ghopnieaam
1108 1727 1327 1817 eommorati,
1361 1750 1484 1802 uersus
1519 1729 1656 1803 drenow

101 1867 317 1938 proeoseore,
350 1847 606 1938 einxeruntque
638 1845 817 1920 obsidione
851 1847 998 1937 anaou,
1033 1869 1121 1940 quae
1153 1848 1364 1922 deditionem
1397 1853 1526 1942 sponte
1559 1851 1654 1938 feeit,

101 1967 242 2040 eteius
270 1968 469 2059 exemplum
497 1967 662 2059 oppidum
691 1967 819 2060 Gnyow
847 1973 1005 2042 seeutunr
1033 1973 1098 2042 est.
1133 1969 1300 2061 Magister
1327 1970 1461 2044 interea
1488 1977 1654 2063 opportu-

100 2088 250 2161 nitatem
278 2088 446 2180 temporis
478 2094 617 2177 neotus,
653 2089 810 2162 eolieitat
840 2089 1041 2182 pontitiaes,
1074 2089 1210 2163 nobiles
1249 2096 1283 2163 et
1319 2091 1499 2182 civitates,
1537 2091 1654 2166 literis
1748 2145 1751 2150 ,

101 2215 137 2283 et
163 2208 317 2297 nuntiiS,
346 2213 387 2280 ut
405 2213 540 2282 mutato
558 2209 754 2302 proposito,
782 2210 937 2283 redirent
956 2209 999 2282 ad
1018 2229 1117 2282 suam
1137 2211 1386 2301 obedientiam,
1416 2213 1512 2306 Rege
1527 2212 1559 2304 ²)
1588 2214 1653 2286 Po-

101 2330 218 2403 loniae
246 2330 400 2419 deserto,
429 2331 638 2422 promittens
666 2330 741 2403 illis
770 2330 924 2403 omnium
952 2329 1221 2422 praeteritarum
1248 2333 1430 2424 culparum
1449 2338 1653 2426 perpetuam

102 2450 328 2524 oblivionem.
358 2450 426 2524 Sed
451 2471 529 2524 eum
562 2471 681 2523 omnes
713 2451 1078 2552 pontifices,nobiles
1111 2455 1146 2524 et
1175 2452 1338 2526 eivitates
1366 2454 1513 2526 solidam
1538 2455 1653 2544 fidem,

101 2572 337 2646 obedientiam
366 2577 400 2646 et
427 2572 661 2646 eonstautiam
689 2573 897 2666 promissam
925 2571 1115 2646 fortissime
1150 2573 1386 2663 eustodirent,
1422 2575 1519 2647 solus
1548 2575 1653 2648 Nieo·

99 2694 180 2766 laus
209 2693 393 2785 episeopus
422 2693 636 2767 Sambiensis
652 2692 683 2784 ³)
711 2694 800 2767 alias
828 2695 869 2767 de
890 2693 1083 2787 Kwyedain
1097 2693 1129 2784 4)
1156 2699 1316 2786 repertus
1336 2699 1406 2784 est,
1427 2695 1487 2787 qui
1506 2695 1582 2769 iure
1600 2695 1654 2768 iu·

100 2814 208 2887 rando
238 2816 364 2904 fraoto,
393 2835 470 2887 oum
499 2815 625 2888 eastris
653 2819 689 2888 et
715 2815 922 2888 civitatibus
950 2815 1025 2887 suis
1053 2814 1273 2887 Karimirum
1296 2815 1428 2908 Regem
1447 2815 1602 2888 deseruit
1621 2821 1656 2890 et

101 2935 144 3007 ad
163 2935 374 3028 Magistrum
394 2935 431 3007 in
449 2936 673 3029 Marienburg
692 2937 804 3009 venit:
826 2957 929 3028 quem
947 2936 1131 3029 Magister,
1155 2939 1196 3008 ut
1214 2936 1361 3009 meritus
1381 2941 1455 3010 erat
1470 2937 1513 3028 ⁵),
1543 2937 1653 3010 omni-

100 3057 167 3128 bus
196 3057 327 3129 suiset
348 3057 532 3145 eeclesiae,
562 3079 650 3149 quae
679 3079 795 3130 seeum
824 3055 972 3144 terebat,
1003 3057 1169 3145 fortunis,
1198 3057 1368 3129 clenodiis
1396 3061 1431 3130 et
1449 3058 1554 3131 rebus
1574 3079 1652 3150 spo-

101 3177 218 3252 liarit.
248 3177 437 3250 Exercitus
464 3178 623 3266 hostilis,
654 3178 792 3271 oppidis
821 3178 959 3251 drenow
987 3181 1022 3250 et
1048 3177 1177 3270 anew
1195 3177 1232 3250 in
1252 3199 1351 3250 suam
1370 3183 1580 3271 potestatem
1600 3201 1653 3253 re·

101 3298 235 3388 dantis,
273 3298 423 3371 transito
450 3299 593 3372 flumine
621 3299 753 3388 Wisla,
790 3299 828 3371 in
859 3299 1085 3392 Marienburg
1116 3297 1273 3387 devenit,
1311 3298 1457 3392 illioque
1484 3300 1653 3394 degendo,

102 3420 331 3491 ostenderunt
359 3441 396 3492 se
423 3419 558 3493 nesoire
586 3419 735 3494 viatoria
762 3419 826 3491 illa
853 3424 889 3492 et
916 3423 1071 3512 tompore
1097 3420 1151 3492 uti
1178 3421 1315 3509 hostes,
1347 3425 1382 3494 et
1406 3442 1524 3494 seeum
1543 3421 1654 3512 eapti·

101 3561 162 3613 ros
190 3540 280 3613 illue
306 3540 473 3613 deductos
501 3540 670 3633 Magistro
688 3545 930 3632 praesentant,
956 3563 976 3612 a
995 3539 1164 3633 Magistro
1183 3539 1346 3613 meritum
1365 3542 1565 3634 perplures
1584 3541 1654 3614 iam

101 3682 238 3734 menses
266 3661 481 3752 stipendium
508 3666 645 3753 petunt.
675 3661 844 3753 Magister
870 3683 952 3734 uero
980 3662 1119 3734 nullum
1147 3661 1288 3753 penitus
1318 3662 1490 3734 aerarium
1509 3663 1654 3752 habens,

101 3783 142 3855 de
170 3781 297 3874 spoliis
325 3781 480 3874 episeopi
508 3781 740 3870 Sambiensis,
770 3787 805 3855 et
832 3783 874 3856 de
901 3783 1049 3874 pecunia
1076 3782 1159 3854 hine
1182 3781 1262 3854 inde
1284 3803 1362 3855 eum
1382 3781 1483 3874 gravi
1502 3782 1654 3856 diffleur-

100 3907 173 3975 tate
201 3907 378 3990 mutuata,
407 3901 567 3974 conflatis
595 3901 701 3975 etiam
728 3903 941 3995 imaginibus
970 3904 1193 3991 Senatorum,
1223 3902 1385 3976 eruoibus
1413 3906 1448 3975 et
1473 3903 1654 3992 ealieibue,

101 4023 233 4096 dudum
261 4024 298 4096 in
326 4025 491 4096 thesauro
520 4022 687 4112 eonditiS,
715 4045 784 4095 non
812 4023 883 4096 nisi
910 4023 1058 4096 auilibet
1084 4044 1252 4114 personae
1286 4044 1348 4096 sex
1376 4044 1517 4116 grossos
1547 4023 1654 4116 largi·

101 4148 175 4233 tur,
206 4145 379 4238 fingitque
407 4165 444 4217 se
472 4166 608 4216 omnem
636 4145 840 4217 thesaurum
868 4145 1035 4216 Prussiae
1063 4145 1100 4216 in
1127 4146 1291 4218 Rhenum
1307 4145 1338 4234 ⁶)
1371 4143 1589 4233 traduxisse,
1620 4149 1655 4218 et

102 4270 201 4356 optat
229 4287 307 4338 eum
335 4264 471 4357 magnis
498 4265 676 4356 preoibus,
714 4269 755 4336 ut
783 4265 994 4338 solutionem
1023 4287 1164 4337 suorum
1197 4264 1450 4356 stipendiorum
1467 4265 1497 4355 ⁷)
1525 4263 1561 4337 in
1589 4264 1654 4336 ali·

102 4386 193 4477 quod
220 4391 359 4477 tempus
395 4385 527 4457 differri
561 4385 756 4476 patiantur.
795 4385 1025 4477 Stipendiarii
1057 4387 1121 4458 hae
1152 4385 1379 4476 responsione
1411 4385 1535 4458 offensi
1568 4389 1654 4477 (non

102 4506 193 4578 enirn
222 4506 437 4578 solummodo
465 4507 589 4598 plenas
617 4528 714 4579 areas
743 4507 935 4595 thesauris,
965 4507 1025 4580 sed
1053 4508 1159 4579 etiam
1182 4507 1305 4598 plenas
1324 4511 1456 4594 turres,
1485 4505 1655 4579 rebantur

101 4627 280 4719 reperire),
323 4626 546 4700 dissimulato
580 4631 696 4699 tamen
724 4627 858 4716 dolore,
892 4631 972 4718 post
1000 4626 1116 4698 varias
1144 4615 1406 4716 altereationes,
1439 4625 1483 4698 ad
1511 4627 1654 4699 oonelu·

103 4747 281 4837 sionom⁸)
309 4747 535 4839 perveniunt,
564 4753 605 4818 ut
632 4769 693 4839 pro
722 4747 887 4820 universo
920 4747 1095 4838 stipendio
1129 4748 1269 4820 solvant
1301 4746 1377 4818 illis
1408 4768 1471 4838 pro
1499 4751 1654 4838 tempore

103 4867 332 4960 darnispririi
351 4867 583 4960 quadraginta
602 4868 716 4941 millia
734 4869 960 4958 florenorum,
986 4873 1047 4940 aut
1066 4871 1218 4940 castrum
1238 4867 1461 4960 Marienburg
1478 4888 1556 4940 oum
1575 4888 1651 4939 eae·

102 4989 186 5062 teris
215 4990 340 5062 eastris
360 4995 395 5062 et
413 4989 619 5063 civitatibus
644 5010 762 5062 eornm
782 4990 942 5078 ditionis,
963 4989 1052 5081 ipsis
1071 4989 1275 5080 adplenum
1294 4987 1485 5080 resignent.
1514 4987 1653 5080 Captivi

210 5283 232 5359 ¹)
259 5286 337 5362 apud
359 5281 422 5346 Ed.
446 5281 539 5366 Lips.
565 5281 590 5365 ⁰)
614 5282 758 5343 Gaeimiro
780 5280 863 5359 Rege
886 5279 949 5346 Ed.
973 5278 1064 5364 Lips.
1096 5278 1122 5359 ⁸)
1140 5277 1255 5364 potius
1284 5279 1398 5357 Casper
1421 5280 1578 5357 episeopus
1599 5277 1656 5339 Po-

103 5389 295 5449 meaanienais
319 5385 346 5466 Ι)
369 5387 495 5460 Quidzin
519 5383 582 5448 Ed.
606 5383 696 5467 Lipa.
729 5383 754 5464 ⁵)
782 5391 816 5446 ut
836 5391 985 5446 meruerat
1005 5382 1069 5446 Ed.
1092 5381 1183 5466 Lipa.
1208 5381 1235 5461 ⁶)
1258 5385 1288 5442 in
1312 5385 1433 5444 Romam
1451 5377 1527 5444 Coa.
1544 5381 1658 5460 Przea

107 5488 131 5570 7)
152 5492 410 5568 stipendiariorum
434 5486 510 5553 Oet.
534 5487 643 5550 Przea.
668 5487 694 5568 8)
717 5489 843 5550 adeam
866 5489 1084 5550 eonelueionem
1107 5485 1170 5550 Ee.
1194 5483 1286 5570 laps.
