4264 6280
432 518 481 592 68
941 537 1055 592 arnse
1081 539 1326 594 nuonuoruus
1354 521 1469 611 (aru).
1705 515 1773 617 (Α.
1794 516 1839 592 D.
1859 516 1981 619 1440.)

431 725 618 817 Principes
639 729 675 797 et
692 725 843 798 barones
861 724 975 818 Regni
999 725 1071 814 sui,
1093 747 1198 818 super
1215 727 1320 799 rebus
1338 725 1505 819 gravibus
1525 725 1793 798 deliberationes
1813 728 1927 800 asturi
1944 729 1980 817 ¹),

434 846 659 922 conveniunt.
689 846 823 938 Quibus
855 846 893 918 in
921 845 1123 922 huiusmodi
1149 847 1462 921 deliberationibus
1486 846 1683 938 oeoupatiS,
1713 845 1890 939 Sbigneus
1906 848 1981 921 Gar·

432 967 579 1054 dinalis,
613 987 739 1059 magna
769 967 958 1039 amisorum
992 973 1026 1040 et
1055 970 1204 1042 fratrum
1250 968 1402 1060 stipatus
1417 967 1449 1058 2)
1486 972 1640 1055 oatorra,
1676 967 1881 1059 supervenit
1913 975 1984 1059 (au-

436 1090 551 1164 dierat
577 1088 670 1162 onim
697 1087 866 1181 quosdam
892 1089 1040 1161 barones
1067 1089 1235 1162 Poloniae
1267 1088 1410 1162 Maioris
1439 1089 1607 1180 quasdam
1637 1087 1750 1159 minas
1779 1091 1814 1159 ot
1841 1087 1985 1161 iniurias

436 1213 605 1286 adsersus
633 1231 672 1284 se
697 1211 834 1282 loentos
868 1211 973 1298 esse),
1007 1213 1044 1282 et
1069 1230 1148 1282 oum
1176 1231 1302 1302 magna
1333 1230 1460 1301 pompa
1488 1214 1523 1280 ot
1551 1207 1736 1299 splendore
1771 1208 1905 1280 auriam
1937 1209 1985 1280 in·

434 1353 578 1426 gressus
605 1331 753 1423 regiam,
782 1330 825 1402 ad
853 1329 1040 1402 eonsilium
1067 1330 1176 1423 Regis
1204 1329 1396 1402 deseendit.
1424 1328 1644 1402 Wladislaus
1671 1333 1789 1400 autam
1808 1330 1983 1402 Gnssnen·

437 1452 488 1526 sis
514 1450 801 1542 arehiepiscopus
833 1449 978 1537 timens,
1012 1471 1055 1524 ne
1082 1451 1198 1522 looum
1230 1449 1430 1522 inferiorem
1462 1455 1580 1522 tenero
1612 1454 1808 1540 cogeretur,
1843 1471 1888 1524 ex
1915 1452 1986 1524 looo

439 1571 579 1646 oonsilii
607 1589 679 1644 una
704 1591 784 1644 oum
811 1570 952 1642 Andros
970 1571 1207 1644 Posnaniense
1226 1571 1406 1662 episeopo,
1435 1572 1531 1642 Luoa
1558 1569 1813 1658 Posnaniensa,
1842 1571 1986 1644 Alberto

438 1691 567 1766 Malsli
595 1690 823 1764 Laneioiense
849 1690 1034 1780 palatinis,
1064 1695 1099 1763 ot
1126 1691 1208 1764 aliis
1240 1691 1443 1783 dignitariis
1475 1689 1588 1781 Regni
1616 1690 1784 1764 Poloniae
1800 1689 1830 1780 3)
1857 1691 1985 1764 disues-

439 1813 503 1886 sit:
538 1811 600 1904 qui
627 1812 719 1884 malo
745 1811 789 1884 de
816 1811 1049 1902 amplitudine
1078 1816 1112 1884 ot
1139 1812 1356 1905 promotione
1382 1811 1496 1903 ipsius
1524 1809 1720 1884 cardinalis
1748 1811 1922 1900 contenti,
1950 1814 1989 1884 ad

439 1933 606 2008 iniuriam
639 1951 777 2024 quoque
808 1936 844 2004 et
874 1931 1133 2023 depressionem
1165 1955 1284 2006 eorum
1316 1931 1525 2024 dignitatem
1556 1933 1646 2004 haue
1675 1931 1833 2022 pontifioi
1871 1933 1988 2006 Graoo·

440 2053 556 2128 riensi
583 2053 786 2146 allegabant
812 2053 994 2141 oollatam,
1023 2058 1063 2124 ut
1090 2054 1206 2126 looum
1239 2053 1454 2144 superiorem
1481 2058 1517 2124 ot
1544 2051 1769 2124 eminentiam
1801 2052 1988 2144 arehiepis-

442 2175 597 2267 oopalsm
625 2172 694 2246 sibi
722 2173 938 2261 venditaret,
968 2179 1004 2246 et
1030 2174 1096 2246 bae
1123 2195 1208 2258 una,
1238 2195 1327 2264 quae
1354 2172 1511 2246 restabat
1538 2171 1589 2243 sis
1618 2172 1845 2259 excellentia,
1882 2177 1990 2245 terrae

442 2294 586 2370 ldaioris
613 2292 780 2366 Poloniae
808 2293 1024 2366 nudarentur
1051 2316 1112 2385 per
1131 2294 1394 2367 Crotoniensem
1410 2293 1454 2384 ⁴),
1486 2315 1564 2365 oum
1584 2291 1621 2364 iu
1641 2291 1803 2365 omnibus
1820 2293 1906 2366 aliis
1925 2294 1989 2384 pri-

443 2415 668 2490 maevitatern
695 2417 731 2486 ot
757 2413 1036 2505 praecedentiam
1064 2419 1304 2505 oooupassent.
1334 2413 1604 2488 Disoedentibus
1631 2417 1748 2484 autom
1767 2413 1944 2486 Praelatis
1962 2421 1992 2485 et

444 2535 634 2610 baronibus
662 2533 804 2608 Maioris
831 2533 999 2606 Poloniae
1027 2555 1071 2606 ex
1099 2535 1262 2622 oonsilio,
1301 2534 1505 2607 Karimirus
1544 2535 1622 2606 Rex
1650 2533 1885 2606 nihilominus
1918 2556 1991 2607 oon·

447 2656 567 2730 silium
596 2677 665 2728 nou
691 2653 873 2742 dissolvit,
902 2655 964 2728 sed
991 2677 1070 2728 oum
1097 2658 1253 2746 praefato
1283 2655 1434 2748 Sbigneo
1458 2654 1634 2728 Cardinali
1654 2660 1689 2726 ot
1706 2655 1900 2728 baronibus
1918 2678 1990 2747 par-

445 2778 536 2854 tium
563 2775 861 2863 cracoviensem,
890 2775 1242 2864 Saudomiriensium,
1272 2775 1438 2863 Russus,
1472 2775 1614 2866 negotia
1642 2795 1799 2867 quaeque
1826 2776 1994 2849 deliberat

446 2903 482 2972 et
509 2896 664 2989 expedit.
693 2895 763 2969 Sed
790 2900 825 2968 et
843 2895 988 2969 nuntios
1006 2895 1179 2970 Friderioi
1198 2897 1433 2969 Romanorum
1452 2897 1561 2988 Regis
1577 2893 1620 2982 ⁵),
1650 2895 1843 2968 conradum
1868 2898 1993 2970 Dueem

446 3019 657 3092 Koalensem
685 3021 721 3088 ot
747 3020 901 3089 oaoteros
930 3015 1084 3104 audivit,
1114 3015 1175 3108 qui
1202 3017 1342 3088 nomino
1361 3015 1469 3109 Regis
1488 3017 1725 3088 Romanorum
1744 3015 1920 3106 praedioli
1941 3037 1992 3107 po·

447 3139 584 3226 lebant,
613 3158 657 3210 ne
684 3135 889 3210 Kaaimirus
909 3134 986 3208 Rex
1005 3135 1241 3210 Wladislaum
1260 3137 1436 3209 Masoaiae
1455 3138 1603 3224 Dueem,
1625 3134 1779 3208 eiusdem
1799 3137 1913 3229 Regis
1931 3137 1994 3208 Ro·

448 3280 629 3333 manorum
657 3257 871 3330 avunculum
897 3277 1116 3349 germanum,
1152 3257 1189 3329 in
1217 3257 1320 3330 terris
1349 3262 1384 3330 ot
1412 3257 1577 3329 dominiis
1610 3261 1782 3328 terrarum
1808 3257 1994 3345 blasoriao,

448 3381 569 3453 Rarao
596 3383 631 3452 ot
658 3376 838 3465 balnensi,
868 3397 957 3467 quaa
984 3393 1046 3468 por
1074 3377 1208 3450 obitum
1237 3397 1379 3452 suorum
1412 3378 1559 3450 duorum
1591 3397 1850 3469 germanorum,
1884 3378 1994 3452 Semo·

449 3499 517 3572 riti
548 3503 583 3572 et
610 3497 799 3586 Kotinai,
829 3496 1029 3600 sineflprole
1056 3497 1154 3570 virili
1182 3503 1414 3586 mortuorum,
1444 3496 1663 3570 suooossiono
1690 3496 1851 3589 legitima
1871 3498 1917 3570 ad
1935 3498 1995 3570 Ro·

449 3619 575 3713 gemll
603 3618 910 3706 desolaberunt,
944 3623 1106 3706 vexaret,
1139 3619 1200 3693 sed
1227 3623 1395 3710 tanquam
1422 3617 1622 3708 Principem
1655 3617 1770 3709 Regni
1806 3617 1864 3689 sui
1899 3618 1995 3690 Polo-

450 3739 529 3812 niae
556 3739 694 3811 fidelem
722 3741 757 3810 et
785 3737 853 3810 sibi
881 3738 1005 3811 striata
1031 3739 1336 3832 oonsanguiuitate
1363 3738 1538 3826 inmotum,
1567 3735 1762 3810 liberaliter
1793 3737 1913 3829 ipsum
1936 3739 1994 3808 hu-

451 3857 603 3934 iusmodi
630 3856 735 3930 terris
753 3857 809 3930 uti
825 3858 1058 3949 permitteret.
1088 3859 1165 3932 Rex
1182 3860 1212 3948 7)
1240 3858 1442 3932 Kaaimirus
1461 3856 1712 3931 deliberatione
1735 3857 1874 3946 habita,
1905 3857 1995 3930 boni-

451 4001 559 4072 gnum
578 3977 674 4051 dedit
686 3977 770 4050 huia
783 3977 947 4069 petitioni
964 4000 1181 4070 responsum.
1203 3979 1385 4071 Quamvis,
1407 3979 1538 4070 inquit,
1560 3983 1671 4050 terras
1685 3977 1873 4066 notabiles,
1890 3978 1935 4051 ad
1948 3998 1997 4049 mo

452 4099 655 4187 devolutas,
683 4099 765 4170 Dux
792 4098 969 4172 Masoriae
989 4099 1207 4172 Wladislaus
1234 4105 1369 4188 teneat3
1397 4099 1435 4171 in
1460 4101 1612 4171 favorem
1631 4103 1748 4171 tamen
1766 4098 1998 4170 Romanorum

452 4219 578 4313 Regis,
606 4224 642 4292 et
668 4223 811 4310 propter
837 4218 963 4292 merita
989 4218 1104 4310 ipsius
1132 4219 1240 4293 Duois
1260 4219 1450 4292 Wladislai
1469 4225 1504 4292 et
1524 4240 1666 4292 suorum
1683 4218 1997 4310 praedeeessorum,

451 4343 611 4432 repetere
636 4339 720 4411 illas
748 4339 791 4412 ab
810 4359 850 4411 eo
878 4340 1048 4412 haotonus
1076 4338 1254 4428 differam,
1283 4343 1325 4411 ut
1352 4361 1515 4413 suoeessu
1544 4339 1712 4432 temporis
1740 4359 1796 4412 res
1824 4339 1906 4431 ipsa
1927 4359 1998 4430 pos-

455 4459 502 4533 sit
528 4460 618 4534 bono
647 4458 766 4532 ordine
793 4459 955 4552 transigi.
984 4460 1131 4533 Moleste
1158 4465 1276 4533 autem
1303 4461 1454 4534 ferentes
1482 4459 1701 4532 Wladislaus
1719 4458 1998 4550 archiepiscopus

455 4579 687 4666 (dresdensis,
720 4579 879 4653 Andreas
911 4581 1161 4654 Posnaniensis
1194 4581 1395 4672 episeopus,
1426 4601 1504 4653 oum
1530 4579 1719 4652 baronibus
1747 4581 1906 4671 partium
1932 4579 1997 4650 lla·

455 4699 540 4772 ioris
567 4699 752 4787 Polonias,
780 4703 861 4791 post
887 4720 1062 4774 rsoessum
1090 4721 1192 4774 suum
1219 4722 1240 4774 a
1263 4701 1410 4774 oonsilio
1440 4700 1711 4774 deliberationes
1736 4700 1903 4774 derebus
1922 4720 1994 4792 gra-

455 4819 560 4892 vibus
587 4819 624 4892 in
652 4819 708 4892 sui
736 4819 895 4893 absentia
922 4821 1014 4909 tisri,
1045 4825 1080 4894 et
1107 4821 1299 4914 Sbignsum
1318 4821 1535 4896 Cardinalem
1554 4821 1591 4892 in
1610 4820 1719 4912 Regis
1737 4821 1888 4894 oonsilio
1906 4840 1997 4912 prae-

456 4939 585 5028 sidere,
623 4939 742 5012 missis
778 4939 931 5028 nuntiis,
968 4941 1131 5032 preoibus
1158 4963 1179 5014 a
1205 4941 1385 5014 Karimiro
1420 4943 1515 5034 Rege
1548 4940 1722 5029 obtinent,
1759 4945 1800 5014 ut
1826 4941 1999 5034 privatam

565 5227 588 5304 1)
612 5229 761 5292 faciebant
782 5230 1010 5292 deliberationes
1032 5227 1095 5292 Ed.
1120 5228 1213 5314 Lips.
1247 5230 1273 5310 Ω)
1296 5233 1424 5292 vallatus
1449 5227 1525 5294 Coa.
1551 5225 1638 5294 Calo.
1671 5228 1699 5315 ³)
1722 5233 1844 5293 Maioris
1866 5233 2000 5294 Poloniae

457 5330 520 5396 Ed.
544 5330 637 5415 Lapa.
661 5329 687 5410 ι)
710 5353 764 5410 pro
786 5333 984 5396 Graeovieuse
1006 5329 1068 5396 Ed.
1093 5331 1185 5416 Lipa.
1209 5334 1234 5414 5)
1256 5336 1347 5412 Regis
1370 5335 1514 5411 praedioli
1520 5379 1529 5414 ,
1553 5335 1692 5397 videlieet
1713 5331 1776 5396 Ea.
1802 5332 1894 5418 Lipa.
1921 5334 1945 5415 6)
1966 5335 1999 5394 ad

458 5438 633 5502 Oasimirum
659 5438 770 5514 Regem
791 5434 855 5498 Ea.
880 5434 970 5520 ripa.
996 5435 1018 5509 'l
1042 5439 1106 5499 Rex
1127 5443 1226 5502 autem
1248 5435 1311 5500 Ea.
1335 5436 1427 5521 Lipa.
