4082 6284
382 541 457 616 310
889 563 1002 618 emsa
1027 561 1273 617 nuonuourus
1300 544 1415 634 (xm).
1650 537 1718 638 (Α
1739 538 1784 612 D.
1805 535 1937 634 1460.)
1964 544 1968 549 ’

381 752 435 822 tre
463 749 569 824 Petro
597 750 640 824 de
667 749 806 826 llellico
834 749 1078 843 compositam,
1107 771 1212 824 cursu
1239 748 1477 836 velocissimo,
1506 748 1558 821 ita
1583 751 1625 820 ut
1652 748 1751 820 nullo
1775 767 1935 838 unquam

382 873 536 962 temporo
562 871 599 942 in
628 870 703 946 eius
731 870 821 948 serie
848 872 1045 959 falleretur,
1073 870 1255 960 reddebat,
1284 871 1397 942 lustro
1424 868 1665 942 tantummodo
1692 888 1762 940 uuo
1788 868 1829 940 iu
1846 887 1936 960 pou·

381 990 518 1063 tilioatu
546 997 686 1078 exacto,
720 991 757 1064 iu
789 996 903 1064 castro
932 1013 994 1064 suo
1022 992 1114 1079 Ilua,
1148 996 1202 1065 ter
1233 990 1470 1094 sacratissimo
1490 991 1517 1078 ¹)
1544 993 1752 1080 procuratus
1784 987 1935 1074 viatico,

381 1111 545 1201 moritur,
574 1118 760 1206 postquam
778 1117 880 1186 sextu
897 1111 1027 1184 mensis
1047 1111 1218 1200 eiusdem,
1247 1113 1449 1205 languorem
1467 1109 1641 1203 paralysis
1660 1113 1695 1182 et
1713 1109 1841 1182 deinde
1859 1110 1934 1181 cal·

382 1231 454 1304 auli
486 1232 709 1321 incurrisset3
745 1232 871 1304 ultima
902 1251 984 1306 vero
1016 1232 1146 1305 mensis
1179 1232 1410 1325 Septembris,
1448 1231 1485 1303 in
1521 1230 1669 1304 ecclesia
1705 1228 1937 1302 dravoviensi

381 1373 488 1445 prope
525 1353 654 1428 ostium
686 1352 868 1426 sacristiae
896 1353 1077 1444 sepelitur.
1106 1351 1171 1425 Vir
1197 1373 1342 1446 magnae
1369 1351 1565 1425 devotionis
1593 1355 1628 1423 et
1645 1350 1846 1444 religionis:
1877 1372 1932 1422 re·

381 1471 489 1564 liquit
516 1473 683 1551 eeclesiae
716 1472 937 1547 draaoviensi
970 1473 1113 1546 calicem
1146 1493 1306 1560 aureum,
1340 1473 1427 1545 duas
1459 1473 1580 1564 pelves
1613 1477 1815 1564 argenteas,
1844 1472 1935 1544 duos

383 1592 511 1666 culices
538 1593 723 1668 deauratos
752 1598 787 1667 et
814 1594 951 1685 aliquos
979 1594 1104 1682 libros,
1134 1595 1290 1666 casulam
1317 1593 1494 1667 uxamenti
1524 1591 1624 1666 rubei
1651 1613 1730 1666 cum
1758 1613 1862 1681 auro,
1896 1600 1932 1666 ot

382 1713 561 1790 humerale
587 1713 788 1808 margaritis
812 1720 1031 1802 contentum,
1061 1714 1209 1786 infulam
1234 1735 1378 1806 parvam
1400 1713 1531 1786 valoris
1550 1717 1689 1786 centum
1708 1715 1936 1800 florenorum,

382 1836 417 1905 et
445 1833 717 1927 quadringentae
745 1855 879 1908 mareas
906 1855 968 1926 pro
997 1834 1252 1922 anniversarie
1281 1834 1448 1910 ecclesiae
1475 1833 1689 1926 Sollcgiatae
1716 1835 1937 1906 Lovieaensi

384 1952 483 2026 mille
509 1953 675 2028 videlicet
701 1955 849 2028 florenos
876 1975 938 2046 pro
967 1955 1154 2028 fundandis
1182 1954 1443 2040 mansionariis;
1476 1954 1725 2047 theologicales
1754 1955 1869 2027 libros
1899 1953 1937 2025 in

382 2073 565 2163 ecclesias,
586 2075 839 2164 (tremensem,
860 2075 1149 2164 Posuaniensem,
1170 2073 1491 2168 Unyeoviensem2)
1520 2079 1555 2148 et
1572 2075 1846 2164 Lovieueusam,
1879 2096 1935 2147 ca·

382 2193 559 2268 noniealas
577 2193 614 2266 in
634 2194 910 2268 Universitatom
937 2195 1218 2285 cracoviensem,
1247 2195 1441 2270 distribuit.
1470 2196 1585 2268 Biduo
1612 2196 1729 2269 nuntii
1757 2195 1935 2287 capitula·

381 2333 455 2401 res,
483 2315 617 2387 Paulus
644 2316 687 2388 de
715 2313 859 2390 Glovna
885 2316 1037 2389 decanus
1065 2323 1101 2390 et
1128 2317 1302 2390 Iohannes
1330 2316 1557 2390 Tharuovslri
1583 2316 1778 2390 canonieus
1807 2316 1935 2389 Oraco·

382 2433 537 2523 vicasse,
567 2436 611 2508 ad
638 2435 857 2509 Kauimirum
885 2437 1016 2530 Regem
1043 2436 1080 2508 iu
1107 2437 1333 2509 Lithuaniam
1361 2437 1478 2524 missi,
1508 2438 1669 2510 orabant:
1698 2459 1742 2510 ne
1769 2457 1835 2529 per
1852 2459 1934 2530 gra

382 2553 468 2628 tiam
494 2555 626 2648 regiam
654 2556 819 2648 cuiquam
845 2556 1070 2648 pontificatue
1090 2557 1304 2632 tribueretur
1322 2557 1577 2647 (bracariensis,
1598 2558 1659 2632 sed
1677 2557 1778 2630 illius
1797 2559 1935 2631 functio

383 2674 539 2781 Spiritus
563 2675 684 2750 Sancti
710 2677 972 2768 permitteretur
991 2677 1238 2751 substitutioni
1256 2682 1290 2752 et
1308 2677 1468 2751 consilio.
1496 2679 1681 2752 Praefatur
1702 2686 1823 2752 autem
1842 2680 1935 2752 Tho·

383 2816 458 2869 mas
486 2795 670 2890 episcopus
698 2797 936 2871 cracoviensis
955 2799 991 2870 in
1012 2799 1105 2872 omui
1124 2799 1180 2871 sui
1199 2799 1424 2891 pontificatus
1442 2799 1533 2887 vita,
1563 2820 1640 2872 oum
1664 2805 1823 2873 caeteros
1846 2823 1935 2892 pon-

382 2915 495 2989 tilices
522 2917 708 2991 Poloniouo
734 2917 930 3006 Ecclesiae,
958 2923 994 2991 et
1011 2921 1200 2992 nonnullos
1228 2919 1317 2992 alios
1337 2919 1594 2993 ecclesiasticos
1612 2919 1725 3009 viros,
1753 2927 1935 2994 monstru-

383 3057 443 3108 oso
471 3037 619 3129 quodam
647 3037 775 3126 abusu,
804 3038 841 3110 in
869 3039 1116 3112 contumelium
1143 3041 1226 3113 Iesu
1253 3039 1385 3114 Christi
1412 3061 1568 3131 purpura
1590 3039 1707 3127 illusi,
1735 3062 1936 3132 purpureas

382 3160 514 3246 vestes,
544 3161 719 3230 saturatas
747 3158 879 3233 murice
901 3164 936 3232 et
959 3164 1053 3232 ostro
1082 3161 1265 3252 superbas,
1294 3161 1449 3233 colorum
1475 3160 1717 3249 rutilantium,
1745 3167 1889 3255 gestare
1904 3161 1935 3252 ³)

382 3275 532 3365 videret,
571 3279 704 3351 luscam
737 3278 813 3370 ipse
845 3284 880 3352 et
906 3279 1075 3352 humilem
1102 3281 1223 3372 gessit.
1256 3280 1416 3373 Rogabut
1442 3286 1559 3354 autem
1586 3282 1624 3354 in
1651 3283 1838 3355 electionis
1865 3283 1933 3372 die,

381 3396 580 3488 requirebat
598 3401 633 3470 et
651 3398 838 3472 mandabat
864 3399 1066 3472 Kanimirus
1093 3399 1260 3474 Poloniae
1286 3401 1363 3473 Rex
1381 3423 1443 3492 per
1461 3401 1605 3474 nuntios
1625 3423 1723 3490 suos,
1744 3403 1934 3476 Albertnm

382 3516 424 3588 de
451 3517 589 3590 Zichlin
625 3519 869 3611 Praepositum
898 3519 1159 3610 Calissiensem,
1198 3527 1233 3593 at
1261 3521 1477 3594 Stanislaum
1505 3521 1693 3594 Wislicnlri
1720 3523 1934 3614 gladilcrum

383 3636 662 3727 Oracovieusam,
695 3643 736 3711 ut
761 3660 862 3712 nemo
890 3637 983 3712 alius
1010 3639 1046 3711 in
1074 3640 1337 3714 cracoviensem
1370 3641 1587 3733 episcopum,
1622 3663 1725 3734 quam
1754 3645 1933 3718 Iohannes

383 3757 693 3832 wladislavieneis
707 3759 751 3848 ⁴),
780 3751 1033 3852 postularetur:
1061 3781 1140 3834 cum
1160 3763 1276 3834 forsan
1294 3761 1478 3855 indignum
1496 3762 1613 3835 visum
1632 3767 1685 3834 ost
1704 3783 1833 3856 eorpus
1851 3766 1933 3838 (lra-

382 3879 554 3952 coviensis
587 3880 771 3968 ecelesiae,
804 3879 888 3954 licet
916 3881 1166 3954 incoluerint
1197 3881 1266 3954 viri
1297 3887 1382 3954 tuno
1413 3887 1590 3974 spectatae
1622 3881 1784 3974 virtutis,
1818 3889 1861 3956 ut
1888 3905 1932 3958 ex

381 3997 445 4070 illo
472 3999 516 4071 ad
543 3999 763 4073 moderamen
794 4000 1033 4074 Oracoviensis
1065 4002 1232 4076 ecelesiae
1263 4001 1394 4094 aliquis
1422 4007 1669 4076 assumeretur.
1703 4005 1812 4076 Festo
1840 4006 1928 4078 (ton-

381 4117 551 4210 eeptionis
580 4119 728 4193 Sanctae
755 4120 885 4194 Mariae
901 4121 932 4210 5)
960 4123 1003 4193 ad
1023 4121 1222 4214 eligendum
1240 4123 1398 4194 futurum
1417 4122 1618 4214 episcopum
1637 4123 1841 4216 designato,
1870 4126 1932 4198 ad-

380 4238 559 4328 veniente,
587 4246 668 4332 post
685 4241 940 4333 processiones,
961 4241 1237 4332 obsecrationes,
1256 4243 1488 4315 abstinentias
1508 4247 1543 4316 et
1561 4243 1708 4330 ieiunia,
1729 4265 1820 4336 quae
1839 4246 1934 4337 apud

381 4359 546 4432 diocesim
573 4360 836 4434 cracoviensem
856 4363 951 4434 fuere
970 4361 1118 4449 indicta,
1138 4362 1312 4435 Iohannes
1331 4362 1530 4435 Luthlronis
1557 4363 1600 4435 de
1619 4363 1764 4437 Braeaie
1789 4365 1931 4437 Utrius-

381 4500 448 4570 que
475 4480 570 4554 Inris
597 4482 740 4570 Ductor,
769 4482 1035 4556 archidiaconus
1063 4483 1292 4571 Snesneusie,
1321 4483 1515 4556 Saronicus
1543 4483 1783 4557 cracoviensis
1811 4491 1847 4557 et
1861 4487 1930 4558 Ro·

380 4599 442 4693 gni
460 4601 626 4675 Poloniae
644 4602 969 4691 vicecancellarius,
998 4623 1018 4674 a
1045 4602 1174 4696 viginti
1193 4603 1327 4676 duobus
1346 4604 1519 4678 Praelatio
1538 4607 1574 4676 et
1592 4603 1776 4676 canonicis
1795 4606 1932 4678 electus
1952 4593 1958 4604 ’

381 4726 450 4808 est3
478 4721 653 4794 Iohannes
681 4721 864 4815 episcopus
896 4723 1202 4796 Wludislaviansis
1231 4723 1510 4796 tautummodoa
1534 4723 1647 4796 tribus
1670 4725 1930 4815 praesentibus,

380 4863 401 4913 a
428 4841 541 4914 tribus
569 4863 650 4916 vero
678 4843 898 4932 absentibus,
928 4843 1089 4935 quamvis
1107 4843 1184 4916 Rex
1204 4843 1405 4916 Karimirus
1425 4845 1582 4917 efficaces
1600 4843 1852 4935 requisitiones
1868 4867 1932 4936 per

379 4962 564 5036 Albertum
592 4962 787 5036 Ziahlinelri
805 4963 1050 5056 Praepositum
1074 4963 1336 5052 (bullonensem,
1358 4969 1393 5037 et
1411 4963 1629 5037 Stanislaum
1649 4963 1837 5037 Wisliaalri
1855 4967 1929 5058 gla-

380 5083 528 5157 dilerum
551 5083 813 5157 Oraeoviensem
836 5083 1103 5176 interposuerit,
1136 5085 1354 5177 postulatus:
1387 5084 1556 5158 iusssioni
1584 5084 1712 5158 etenim
1740 5085 1850 5178 Regis
1876 5095 1927 5158 at·

487 5359 510 5440 ¹)
533 5365 716 5422 sacramento
748 5355 824 5423 Coa.
850 5353 939 5422 Celo.
971 5357 997 5439 ²)
1019 5360 1258 5421 Vnieioulensam
1280 5357 1343 5420 Ed.
1367 5355 1458 5442 Lipa.
1489 5355 1685 5438 ⁸)illustrare
1718 5352 1796 5422 coa.
1820 5357 1927 5422 Przca

381 5459 407 5544 ⁴)
429 5463 687 5525 Wludislaviansis
709 5464 875 5541 Episcopus
898 5451 963 5526 Ed.
986 5459 1079 5545 [Aps.
1105 5460 1130 5543 ⁶)
1153 5463 1280 5524 Sanctae
1305 5463 1418 5523 Mariae
1439 5462 1572 5539 Virginis
1594 5459 1658 5524 Ed.
1678 5460 1771 5546 Lips.
