4040 6290
387 597 460 690 562
894 618 1007 673 urana
1032 617 1278 674 uuounoruus
1305 601 1420 688 (666).
1667 593 1939 694 (11111471.)

385 800 723 893 666611166666611,
763 801 934 894 annisque
965 807 1116 894 quatuor
1153 804 1284 895 absque
1315 801 1586 876 consecrationis
1618 824 1759 875 munere
1787 807 1825 875 et
1852 822 1938 892 pon·

385 921 511 994 1116611
539 921 659 994 ordine
686 921 962 996 administravit:
992 923 1151 996 sulficere
1178 927 1276 994 ratus
1303 923 1472 996 bonorum
1501 922 1744 1014 temporalium
1765 921 1837 994 sibi
1858 921 1937 992 abs-

385 1062 452 1133 que
472 1041 591 1114 ordine
609 1064 712 1116 6666
730 1041 924 1134 pacificum.
946 1043 1047 1115 Anno
1067 1043 1208 1120 tandem
1226 1042 1416 1119 Millesimo
1436 1041 1779 1134 quadringentesimo
1794 1045 1936 1131 septua-

384 1162 516 1254 gesimo
546 1162 685 1253 quinto,
714 1163 884 1256 Magister
910 1163 1063 1235 Mathias
1092 1163 1377 1254 Sluszorvpecn1)
1405 1164 1630 1235 Decretorum
1654 1163 1799 1249 Doctor,
1830 1160 1938 1232 Cano·

385 1282 485 1354 nicus
509 1282 727 1371 Ploczensis,
747 1282 784 1356 in
803 1281 934 1356 Urbem
952 1282 1099 1372 missus,
1129 1283 1288 1375 singulos
1308 1282 1465 1356 delectus
1484 1304 1504 1354 a
1522 1281 1669 1354 Nicolao
1689 1280 1939 1354 Mnischevvslri

385 1402 555 1474 admissos
584 1402 779 1494 supplevit,
807 1407 843 1476 et
869 1403 984 1476 literis
1012 1403 1216 1496 apostolicis
1245 1402 1436 1494 expeditis,
1465 1403 1508 1474 ab
1536 1402 1677 1474 Andraa
1701 1399 1938 1473 Poenaniensi

385 1522 546 1614 episcopo
574 1521 611 1593 in
638 1522 785 1596 ecclesia
811 1523 1035 1596 Polthorvslro
1063 1523 1139 1614 ipse
1166 1521 1369 1596 Karimirus
1396 1521 1453 1595 die
1472 1521 1583 1608 Solis,
1613 1520 1749 1594 decima
1777 1520 1938 1610 Septem-

384 1642 458 1716 bris
473 1639 516 1730 2),
546 1641 839 1716 consecrationem
866 1643 1012 1734 accepit.
1040 1643 1087 1714 Et
1106 1643 1167 1734 qui
1185 1642 1229 1714 ad
1246 1643 1436 1734 regendum
1462 1641 1551 1714 alios
1569 1641 1607 1713 in
1625 1641 1836 1732 pontificatu
1854 1640 1938 1711 Plo·

384 1760 500 1836 cuensi
519 1759 549 1850 1)
577 1767 781 1854 assumptus
808 1763 937 1850 luerat,
967 1764 1043 1854 ipse
1070 1784 1091 1836 6
1118 1763 1268 1854 quodam
1297 1762 1395 1835 tenui
1422 1766 1457 1834 et
1484 1761 1625 1854 ignotae
1652 1760 1760 1833 sortis
1783 1759 1937 1842 homine,

384 1881 540 1954 Iohanne
566 1880 656 1954 alias
683 1881 830 1974 lampeon
862 1882 952 1954 laico
984 1884 1134 1956 sculteto
1162 1881 1205 1954 (16
1232 1882 1408 1956 Μ6666166
1423 1881 1454 1970 4)
1487 1881 1688 1974 regebatur,
1724 1880 1868 1972 singule
1894 1879 1939 1949 ad

384 2001 484 2072 illius
512 2001 714 2089 arbitrium,
742 2023 844 2094 quem
863 2023 962 2076 coeco
982 2023 1098 2076 amore
1115 2002 1303 2095 diligebat,
1332 2001 1595 2074 administrans.
1624 2001 1716 2072 Dum
1735 2005 1856 2072 autem
1876 2019 1936 2070 va·

384 2121 520 2197 catione
552 2121 720 2195 ecclesiae
747 2122 953 2196 =Plocuensis
986 2143 1031 2196 66
1064 2127 1174 2194 morte
1202 2121 1348 2194 Stiborii
1381 2121 1536 2212 episcopi
1562 2121 1713 2210 praelati
1743 2119 1937 2203 accidente,

385 2241 587 2333 Capitulum
614 2242 803 2316 Plocuense
831 2263 875 2316 ex
903 2263 997 2316 more
1028 2242 1237 2335 Magistrum
1272 2241 1460 2315 Nicolaum
1490 2239 1533 2313 de
1559 2241 1783 2331 Myrzenpecn
1812 2240 1937 2311 Decre-

383 2365 498 2434 torum
517 2365 552 2434 61
569 2361 703 2453 Legum
721 2362 921 2452 Ductorem,
950 2361 1163 2436 canonicum
1182 2361 1421 2450 Plocnensem,
1450 2361 1488 2432 in
1511 2359 1835 2434 administratorem
1854 2379 1936 2431 cou-

383 2481 545 2556 cordibus
572 2481 718 2554 vocibus
746 2481 925 2575 elegisset:
955 2482 1140 2556 ordinante
1166 2481 1347 2554 Karimiro
1374 2480 1470 2554 Duce
1497 2481 1608 2554 electo
1636 2482 1795 2572 praelato
1820 2486 1937 2553 61666

384 2601 550 2690 faotione,
579 2601 621 2674 de
648 2601 967 2692 administratione,
997 2601 1099 2695 quasi
1127 2607 1329 2694 suspectus,
1358 2601 1490 2676 eiectus
1515 2605 1584 2690 est,
1614 2605 1649 2674 et
1667 2601 1704 2673 in
1724 2600 1802 2674 eius
1822 2601 1937 2672 locum

384 2721 553 2814 Magister
580 2721 732 2796 Mathias
756 2723 798 2798 de
817 2721 992 2796 Othocano
1018 2723 1212 2796 canonicus
1231 2721 1433 2796 Ploonensis
1452 2721 1632 2795 suffectus.
1662 2722 1730 2812 Qui
1750 2742 1831 2794 cum
1849 2742 1936 2813 pau·

384 2839 435 2914 cis
462 2840 584 2915 diebus
612 2841 760 2916 alterius
788 2848 992 2936 occupasset
1020 2847 1242 2936 suggestum,
1271 2842 1389 2916 morbo
1415 2841 1607 2933 epilepsiae
1626 2847 1760 2932 tactus,
1780 2842 1935 2933 expirat:

384 2961 629 3034 documentum
656 2983 725 3034 non
753 2963 886 3036 multae
913 2962 1117 3036 ambitionis
1147 2964 1304 3051 futurus,
1333 2968 1369 3035 ot
1396 2964 1525 3035 Ductor
1551 2962 1722 3034 Nicolaus
1742 2962 1935 3052 (16116166-

383 3100 490 3174 npeca
518 3101 617 3154 suam
645 3087 826 3173 recuperat
854 3081 1208 3156 administrationem.

449 3435 590 3509 lotanue
612 3435 793 3508 tuttkunis
816 3439 856 3510 16
878 3435 1021 3526 bracara
1042 3440 1170 3510 monuo
1191 3437 1352 3510 lohannes
1374 3437 1604 3510 brurclovraki
1626 3439 1661 3510 in
1686 3440 1872 3528 episcopua

939 3558 1182 3632 cracoviensem
1205 3558 1377 3632 eunoun.

488 3803 553 3878 Die
571 3803 751 3892 Mercurii,
780 3805 1082 3898 vicesimaprima
1106 3805 1248 3898 Maii5),
1278 3806 1454 3882 Iohannes
1481 3805 1682 3880 Luthlronis
1710 3807 1755 3879 de
1783 3809 1929 3897 Brserpa

384 3923 569 4016 episcopus
600 3925 855 4016 cracoviensis,
887 3926 924 3999 in
956 3926 1103 4000 consilio
1134 3926 1230 4020 regio
1267 3927 1453 4000 cracoviae
1488 3927 1663 4014 residens,
1708 3933 1852 4020 propter
1878 3929 1925 4000 ui·

384 4044 489 4118 mium
517 4044 792 4138 indignationem
820 4051 856 4119 61
884 4047 1075 4136 choleram,
1110 4067 1178 4138 qua
1210 4051 1295 4120 tunc
1325 4047 1541 4138 agitabatur,
1575 4048 1768 4138 apoplexia
1793 4069 1925 4139 percus-

384 4185 461 4254 sus,
490 4169 526 4237 et
552 4165 700 4239 aliorum
728 4166 888 4240 manibus
907 4187 951 4240 66
970 4167 1068 4259 regia
1087 4167 1218 4256 elatus,
1247 4188 1315 4238 usu
1334 4167 1500 4258 loquendi
1527 4173 1657 4241 extunc
1686 4167 1834 4256 amisso,
1859 4169 1926 4240 solo

386 4285 454 4358 olei
474 4285 713 4374 Sacramenta,
744 4307 822 4360 cum
850 4287 893 4358 ad
921 4292 1056 4360 caetera
1083 4309 1205 4381 parum
1234 4292 1327 4360 esset
1346 4288 1507 4378 idoneus,
1533 4293 1692 4380 6666616,
1711 4289 1769 4360 (116
1790 4289 1925 4362 Veneris

385 4405 550 4478 vicesima
577 4412 701 4497 quarta
739 4406 880 4498 116116),
909 4407 946 4479 in
974 4407 1071 4480 curia
1098 4407 1288 4499 episcopali
1316 4408 1499 4481 Craooviae
1530 4409 1622 4482 diem
1642 4409 1747 4480 obiit:
1776 4431 1854 4481 cum
1871 4429 1922 4479 an·

383 4547 447 4597 nos
476 4545 559 4614 666,
590 4547 727 4598 menses
760 4549 838 4615 666,
872 4527 947 4600 dies
980 4528 1107 4620 viginti
1135 4528 1238 4616 duos,
1273 4528 1310 4600 in
1339 4529 1427 4601 Sede
1454 4529 1676 4602 cracoviensi
1705 4529 1867 4616 sedisset,
1895 4540 1923 4600 et

387 4645 423 4718 in
439 4646 605 4720 ecclesiae
620 4646 858 4722 cracoviensis
878 4649 981 4722 choro
1000 4650 1208 4722 tumulatus.
1232 4649 1388 4720 Visivam
1408 4649 1538 4722 habens
1557 4649 1707 4722 debilem
1727 4655 1764 4721 et
1782 4650 1920 4744 luscam:

383 4765 420 4838 in
447 4765 599 4858 singulis
627 4767 771 4858 agendis
798 4773 979 4840 cunctator
1006 4769 1215 4862 praecipuus
1240 4775 1274 4842 et
1297 4769 1488 4860 plurimum
1512 4770 1685 4858 ambiens,
1715 4770 1752 4841 iu
1773 4790 1813 4842 eo
1832 4789 1919 4860 prae

384 4886 523 4974 sertim,
553 4886 644 4977 quod
663 4886 843 4978 perfidiam
862 4888 1041 4962 Iudaicam
1060 4890 1300 4982 Magdalenae,
1330 4890 1471 4982 ceorgii
1491 4890 1638 4962 Morstin
1657 4889 1847 4976 consortis,
1866 4909 1917 4960 no·

382 5005 586 5094 1611111667)
614 5006 651 5078 16
670 5027 707 5080 66
725 5010 761 5080 61
779 5008 864 5080 filiis
892 5009 1087 5101 vulgatam,
1116 5014 1150 5082 et
1177 5011 1298 5101 plures
1326 5009 1547 5082 seducentem
1566 5013 1601 5082 et
1620 5009 1915 5092 scandalizantem,

492 5298 516 5380 1)
539 5299 703 5378 Slusuuvya
731 5299 806 5364 cod.
832 5296 920 5363 Colo.
944 5301 1154 5378 Sluohovvyeoz
1176 5299 1239 5363 Ed.
1262 5300 1354 5385 Lipa.
1378 5301 1403 5381 ²)
1425 5304 1536 5364 mensis
1557 5302 1738 5380 Septembris
1757 5298 1820 5364 EM
1835 5297 1913 5381 Lipa

385 5399 464 5482 1)16
487 5403 658 5466 Pontificem
688 5407 861 5468 Plooensem
891 5403 953 5468 Ed.
985 5403 1074 5487 La'pa.
1107 5403 1133 5484 ΙΙ)
1164 5406 1352 5467 Μ6661ι66166
1380 5403 1444 5468 Eo.
1467 5403 1558 5488 Lipa.
1594 5403 1841 5484 ὁ)666661611611
1861 5398 1913 5463 Ed.

385 5503 475 5590 Lipa.
500 5505 526 5588 ⁶)
550 5509 659 5569 mensis
681 5509 752 5569 Maii
775 5506 837 5571 Ea.
860 5505 950 5592 Lipe.
978 5505 1001 5589 ἵ)
1024 5509 1161 5570 nobilitor
1184 5506 1246 5570 Ed.
1271 5506 1363 5592 Lipa.
