<?xml version="1.0" encoding="UTF-8"?>
<!DOCTYPE html PUBLIC "-//W3C//DTD XHTML 1.0 Transitional//EN"
    "http://www.w3.org/TR/xhtml1/DTD/xhtml1-transitional.dtd">
<html xmlns="http://www.w3.org/1999/xhtml" xml:lang="en" lang="en">
 <head>
  <title>
</title>
<meta http-equiv="Content-Type" content="text/html;charset=utf-8" />
  <meta name='ocr-system' content='tesseract 3.04.00' />
  <meta name='ocr-capabilities' content='ocr_page ocr_carea ocr_par ocr_line ocrx_word'/>
</head>
<body>
  <div class='ocr_page' id='page_1' title='image "./operaomnia06paulgoog_0627.png"; bbox 0 0 4090 6290; ppageno 0'>
   <div class='ocr_carea' id='block_1_1' title="bbox 107 541 1659 642">
    <p class='ocr_par' dir='ltr' id='par_1_1' title="bbox 107 541 1659 642">
     <span class='ocr_line' id='line_1_1' title="bbox 107 541 1659 642; baseline 0.001 -26"><span class='ocrx_word' id='word_1_1' title='bbox 107 541 176 642; x_wconf 90' lang='grc' dir='ltr'><strong>(Α.</strong></span> <span class='ocrx_word' id='word_1_2' title='bbox 197 541 242 616; x_wconf 86' lang='lat' dir='ltr'><strong>D.</strong></span> <span class='ocrx_word' id='word_1_3' title='bbox 262 541 389 640; x_wconf 82' lang='grc'><strong>1474.)</strong></span> <span class='ocrx_word' id='word_1_4' title='bbox 622 564 736 617; x_wconf 83' lang='lat' dir='ltr'><strong>mena</strong></span> <span class='ocrx_word' id='word_1_5' title='bbox 761 563 1007 618; x_wconf 82' lang='lat' dir='ltr'><strong>uuouncrnus</strong></span> <span class='ocrx_word' id='word_1_6' title='bbox 1035 545 1148 634; x_wconf 86' lang='lat' dir='ltr'><strong>(xm).</strong></span> <span class='ocrx_word' id='word_1_7' title='bbox 1583 546 1659 618; x_wconf 83' lang='lat'><strong>615</strong></span> 
     </span>
    </p>
   </div>
   <div class='ocr_carea' id='block_1_2' title="bbox 106 747 1660 2412">
    <p class='ocr_par' dir='ltr' id='par_1_2' title="bbox 106 747 1660 2412">
     <span class='ocr_line' id='line_1_2' title="bbox 106 747 1660 843; baseline 0.003 -19"><span class='ocrx_word' id='word_1_8' title='bbox 106 769 272 824; x_wconf 89' lang='lat' dir='ltr'><strong>curruum</strong></span> <span class='ocrx_word' id='word_1_9' title='bbox 299 751 392 843; x_wconf 92' lang='lat' dir='ltr'><strong>apud</strong></span> <span class='ocrx_word' id='word_1_10' title='bbox 418 749 573 842; x_wconf 83' lang='lat' dir='ltr'><strong>Wyelun</strong></span> <span class='ocrx_word' id='word_1_11' title='bbox 601 753 743 824; x_wconf 87' lang='lat' dir='ltr'><strong>onerata</strong></span> <span class='ocrx_word' id='word_1_12' title='bbox 771 749 986 824; x_wconf 70' lang='lat' dir='ltr'>victualibus</span> <span class='ocrx_word' id='word_1_13' title='bbox 1013 749 1147 837; x_wconf 88' lang='lat' dir='ltr'><strong>millia,</strong></span> <span class='ocrx_word' id='word_1_14' title='bbox 1174 769 1263 841; x_wconf 90' lang='lat' dir='ltr'><strong>quae</strong></span> <span class='ocrx_word' id='word_1_15' title='bbox 1282 751 1357 823; x_wconf 89' lang='lat' dir='ltr'><strong>sole</strong></span> <span class='ocrx_word' id='word_1_16' title='bbox 1375 747 1660 828; x_wconf 79' lang='lat' dir='ltr'><strong>dissimulatione</strong></span> 
     </span>
     <span class='ocr_line' id='line_1_3' title="bbox 106 870 1657 963; baseline 0.002 -20"><span class='ocrx_word' id='word_1_17' title='bbox 106 870 186 944; x_wconf 93' lang='lat' dir='ltr'><strong>Rex</strong></span> <span class='ocrx_word' id='word_1_18' title='bbox 218 875 254 944; x_wconf 87' lang='lat' dir='ltr'><strong>et</strong></span> <span class='ocrx_word' id='word_1_19' title='bbox 280 870 454 944; x_wconf 75' lang='lat' dir='ltr'><strong>discordia</strong></span> <span class='ocrx_word' id='word_1_20' title='bbox 489 871 634 960; x_wconf 89' lang='lat' dir='ltr'><strong>ducum,</strong></span> <span class='ocrx_word' id='word_1_21' title='bbox 666 892 737 944; x_wconf 90' lang='lat' dir='ltr'><strong>nou</strong></span> <span class='ocrx_word' id='word_1_22' title='bbox 768 870 906 944; x_wconf 89' lang='lat' dir='ltr'><strong>curavit</strong></span> <span class='ocrx_word' id='word_1_23' title='bbox 937 870 1045 944; x_wconf 90' lang='lat' dir='ltr'><strong>misso</strong></span> <span class='ocrx_word' id='word_1_24' title='bbox 1082 870 1243 962; x_wconf 90' lang='lat' dir='ltr'><strong>equitatu</strong></span> <span class='ocrx_word' id='word_1_25' title='bbox 1276 875 1311 944; x_wconf 88' lang='lat' dir='ltr'><strong>et</strong></span> <span class='ocrx_word' id='word_1_26' title='bbox 1340 871 1501 963; x_wconf 77' lang='lat' dir='ltr'><strong>peditatu</strong></span> <span class='ocrx_word' id='word_1_27' title='bbox 1528 875 1657 946; x_wconf 89' lang='lat' dir='ltr'><strong>condu-</strong></span> 
     </span>
     <span class='ocr_line' id='line_1_4' title="bbox 107 990 1658 1085; baseline 0.003 -23"><span class='ocrx_word' id='word_1_28' title='bbox 107 1011 201 1080; x_wconf 91' lang='lat' dir='ltr'><strong>cere,</strong></span> <span class='ocrx_word' id='word_1_29' title='bbox 230 990 384 1064; x_wconf 91' lang='lat' dir='ltr'><strong>omnium</strong></span> <span class='ocrx_word' id='word_1_30' title='bbox 412 991 658 1066; x_wconf 82' lang='lat' dir='ltr'><strong>sufficientiam</strong></span> <span class='ocrx_word' id='word_1_31' title='bbox 685 991 888 1082; x_wconf 83' lang='lat' dir='ltr'><strong>habiturus,</strong></span> <span class='ocrx_word' id='word_1_32' title='bbox 916 992 1139 1085; x_wconf 87' lang='lat' dir='ltr'><strong>malobatque</strong></span> <span class='ocrx_word' id='word_1_33' title='bbox 1165 997 1206 1065; x_wconf 91' lang='lat' dir='ltr'><strong>ut</strong></span> <span class='ocrx_word' id='word_1_34' title='bbox 1234 991 1290 1064; x_wconf 90' lang='lat' dir='ltr'><strong>sui</strong></span> <span class='ocrx_word' id='word_1_35' title='bbox 1318 993 1407 1066; x_wconf 82' lang='lat' dir='ltr'><strong>fame</strong></span> <span class='ocrx_word' id='word_1_36' title='bbox 1426 993 1658 1084; x_wconf 89' lang='lat' dir='ltr'><strong>tabescerent,</strong></span> 
     </span>
     <span class='ocr_line' id='line_1_5' title="bbox 107 1111 1659 1205; baseline 0.003 -22"><span class='ocrx_word' id='word_1_37' title='bbox 107 1115 171 1184; x_wconf 87' lang='lat' dir='ltr'><strong>aut</strong></span> <span class='ocrx_word' id='word_1_38' title='bbox 199 1132 276 1185; x_wconf 90' lang='lat' dir='ltr'><strong>aere</strong></span> <span class='ocrx_word' id='word_1_39' title='bbox 303 1111 428 1204; x_wconf 90' lang='lat' dir='ltr'><strong>grandi</strong></span> <span class='ocrx_word' id='word_1_40' title='bbox 456 1133 532 1185; x_wconf 88' lang='lat' dir='ltr'><strong>care</strong></span> <span class='ocrx_word' id='word_1_41' title='bbox 564 1112 708 1187; x_wconf 92' lang='lat' dir='ltr'><strong>emendo</strong></span> <span class='ocrx_word' id='word_1_42' title='bbox 740 1112 945 1186; x_wconf 90' lang='lat' dir='ltr'><strong>cerevisiam</strong></span> <span class='ocrx_word' id='word_1_43' title='bbox 973 1116 1008 1186; x_wconf 88' lang='lat' dir='ltr'><strong>et</strong></span> <span class='ocrx_word' id='word_1_44' title='bbox 1034 1134 1176 1205; x_wconf 88' lang='lat' dir='ltr'><strong>penem,</strong></span> <span class='ocrx_word' id='word_1_45' title='bbox 1210 1133 1299 1204; x_wconf 88' lang='lat' dir='ltr'><strong>quae</strong></span> <span class='ocrx_word' id='word_1_46' title='bbox 1327 1133 1371 1185; x_wconf 90' lang='lat' dir='ltr'><strong>ox</strong></span> <span class='ocrx_word' id='word_1_47' title='bbox 1399 1114 1567 1188; x_wconf 90' lang='lat' dir='ltr'><strong>Bohemia</strong></span> <span class='ocrx_word' id='word_1_48' title='bbox 1593 1114 1659 1187; x_wconf 93' lang='lat' dir='ltr'><strong>im·</strong></span> 
     </span>
     <span class='ocr_line' id='line_1_6' title="bbox 106 1231 1660 1326; baseline 0.003 -22"><span class='ocrx_word' id='word_1_49' title='bbox 106 1232 354 1322; x_wconf 86' lang='lat' dir='ltr'><strong>portabantur,</strong></span> <span class='ocrx_word' id='word_1_50' title='bbox 384 1253 422 1305; x_wconf 90' lang='lat' dir='ltr'><strong>se</strong></span> <span class='ocrx_word' id='word_1_51' title='bbox 450 1232 696 1307; x_wconf 71' lang='lat' dir='ltr'><strong>edissererent.</strong></span> <span class='ocrx_word' id='word_1_52' title='bbox 729 1233 823 1307; x_wconf 92' lang='lat' dir='ltr'><strong>Hinc</strong></span> <span class='ocrx_word' id='word_1_53' title='bbox 851 1233 1010 1307; x_wconf 89' lang='lat' dir='ltr'><strong>effectum</strong></span> <span class='ocrx_word' id='word_1_54' title='bbox 1038 1237 1108 1322; x_wconf 88' lang='lat' dir='ltr'><strong>est,</strong></span> <span class='ocrx_word' id='word_1_55' title='bbox 1142 1232 1234 1326; x_wconf 90' lang='lat' dir='ltr'><strong>quod</strong></span> <span class='ocrx_word' id='word_1_56' title='bbox 1261 1233 1321 1307; x_wconf 93' lang='lat' dir='ltr'><strong>lue</strong></span> <span class='ocrx_word' id='word_1_57' title='bbox 1348 1240 1383 1308; x_wconf 93' lang='lat' dir='ltr'><strong>et</strong></span> <span class='ocrx_word' id='word_1_58' title='bbox 1409 1231 1527 1309; x_wconf 90' lang='lat' dir='ltr'><strong>inedie</strong></span> <span class='ocrx_word' id='word_1_59' title='bbox 1554 1235 1660 1308; x_wconf 89' lang='lat' dir='ltr'><strong>multi</strong></span> 
     </span>
     <span class='ocr_line' id='line_1_7' title="bbox 106 1352 1658 1448; baseline 0.003 -24"><span class='ocrx_word' id='word_1_60' title='bbox 106 1352 249 1426; x_wconf 87' lang='lat' dir='ltr'><strong>assidue</strong></span> <span class='ocrx_word' id='word_1_61' title='bbox 267 1352 305 1426; x_wconf 91' lang='lat' dir='ltr'><strong>in</strong></span> <span class='ocrx_word' id='word_1_62' title='bbox 323 1352 450 1426; x_wconf 86' lang='lat' dir='ltr'><strong>castris</strong></span> <span class='ocrx_word' id='word_1_63' title='bbox 478 1353 614 1448; x_wconf 85' lang='lat' dir='ltr'><strong>Regum</strong></span> <span class='ocrx_word' id='word_1_64' title='bbox 642 1355 932 1444; x_wconf 86' lang='lat' dir='ltr'><strong>absumebantur,</strong></span> <span class='ocrx_word' id='word_1_65' title='bbox 960 1354 1098 1429; x_wconf 88' lang='lat' dir='ltr'><strong>nemine</strong></span> <span class='ocrx_word' id='word_1_66' title='bbox 1126 1375 1227 1447; x_wconf 92' lang='lat' dir='ltr'><strong>opem</strong></span> <span class='ocrx_word' id='word_1_67' title='bbox 1245 1355 1396 1444; x_wconf 83' lang='lat' dir='ltr'><strong>ferente,</strong></span> <span class='ocrx_word' id='word_1_68' title='bbox 1423 1355 1562 1429; x_wconf 88' lang='lat' dir='ltr'><strong>nemine</strong></span> <span class='ocrx_word' id='word_1_69' title='bbox 1579 1377 1658 1448; x_wconf 89' lang='lat' dir='ltr'><strong>pro-</strong></span> 
     </span>
     <span class='ocr_line' id='line_1_8' title="bbox 106 1472 1660 1569; baseline 0.003 -25"><span class='ocrx_word' id='word_1_70' title='bbox 106 1472 266 1563; x_wconf 79' lang='lat' dir='ltr'><strong>vidente,</strong></span> <span class='ocrx_word' id='word_1_71' title='bbox 299 1473 482 1562; x_wconf 86' lang='lat' dir='ltr'><strong>mortales,</strong></span> <span class='ocrx_word' id='word_1_72' title='bbox 515 1475 607 1548; x_wconf 89' lang='lat' dir='ltr'><strong>nihil</strong></span> <span class='ocrx_word' id='word_1_73' title='bbox 639 1496 776 1568; x_wconf 90' lang='lat' dir='ltr'><strong>quoquc</strong></span> <span class='ocrx_word' id='word_1_74' title='bbox 808 1476 1058 1550; x_wconf 89' lang='lat' dir='ltr'><strong>consulebatur</strong></span> <span class='ocrx_word' id='word_1_75' title='bbox 1088 1475 1126 1548; x_wconf 93' lang='lat' dir='ltr'><strong>in</strong></span> <span class='ocrx_word' id='word_1_76' title='bbox 1153 1475 1323 1550; x_wconf 90' lang='lat' dir='ltr'><strong>medium:</strong></span> <span class='ocrx_word' id='word_1_77' title='bbox 1356 1473 1570 1550; x_wconf 89' lang='lat' dir='ltr'><strong>consiliariis</strong></span> <span class='ocrx_word' id='word_1_78' title='bbox 1596 1497 1660 1569; x_wconf 89' lang='lat' dir='ltr'><strong>pro</strong></span> 
     </span>
     <span class='ocr_line' id='line_1_9' title="bbox 107 1593 1658 1688; baseline 0.004 -24"><span class='ocrx_word' id='word_1_79' title='bbox 107 1613 173 1666; x_wconf 88' lang='lat' dir='ltr'><strong>suo</strong></span> <span class='ocrx_word' id='word_1_80' title='bbox 200 1593 345 1666; x_wconf 88' lang='lat' dir='ltr'><strong>arbitrio</strong></span> <span class='ocrx_word' id='word_1_81' title='bbox 378 1593 494 1668; x_wconf 92' lang='lat' dir='ltr'><strong>omnia</strong></span> <span class='ocrx_word' id='word_1_82' title='bbox 526 1595 729 1687; x_wconf 86' lang='lat' dir='ltr'><strong>agentibus,</strong></span> <span class='ocrx_word' id='word_1_83' title='bbox 764 1617 912 1688; x_wconf 89' lang='lat' dir='ltr'><strong>quorum</strong></span> <span class='ocrx_word' id='word_1_84' title='bbox 944 1596 1103 1688; x_wconf 82' lang='lat' dir='ltr'><strong>plerique</strong></span> <span class='ocrx_word' id='word_1_85' title='bbox 1134 1617 1248 1688; x_wconf 91' lang='lat' dir='ltr'><strong>neque</strong></span> <span class='ocrx_word' id='word_1_86' title='bbox 1278 1597 1321 1669; x_wconf 92' lang='lat' dir='ltr'><strong>ad</strong></span> <span class='ocrx_word' id='word_1_87' title='bbox 1349 1597 1535 1670; x_wconf 87' lang='lat' dir='ltr'><strong>consilium</strong></span> <span class='ocrx_word' id='word_1_88' title='bbox 1562 1602 1658 1688; x_wconf 92' lang='lat' dir='ltr'><strong>pote-</strong></span> 
     </span>
     <span class='ocr_line' id='line_1_10' title="bbox 106 1715 1658 1810; baseline 0.003 -24"><span class='ocrx_word' id='word_1_89' title='bbox 106 1718 189 1786; x_wconf 88' lang='lat' dir='ltr'><strong>rant</strong></span> <span class='ocrx_word' id='word_1_90' title='bbox 217 1715 310 1808; x_wconf 85' lang='lat' dir='ltr'><strong>cogi,</strong></span> <span class='ocrx_word' id='word_1_91' title='bbox 341 1720 376 1788; x_wconf 93' lang='lat' dir='ltr'><strong>et</strong></span> <span class='ocrx_word' id='word_1_92' title='bbox 395 1715 426 1788; x_wconf 93' lang='lat' dir='ltr'><strong>si</strong></span> <span class='ocrx_word' id='word_1_93' title='bbox 445 1715 530 1807; x_wconf 89' lang='lat' dir='ltr'><strong>quid</strong></span> <span class='ocrx_word' id='word_1_94' title='bbox 548 1717 785 1805; x_wconf 90' lang='lat' dir='ltr'><strong>statuebatur,</strong></span> <span class='ocrx_word' id='word_1_95' title='bbox 815 1738 914 1790; x_wconf 90' lang='lat' dir='ltr'><strong>nemo</strong></span> <span class='ocrx_word' id='word_1_96' title='bbox 942 1717 1201 1806; x_wconf 88' lang='lat' dir='ltr'><strong>inveniebatur,</strong></span> <span class='ocrx_word' id='word_1_97' title='bbox 1223 1717 1284 1809; x_wconf 94' lang='lat' dir='ltr'><strong>qui</strong></span> <span class='ocrx_word' id='word_1_98' title='bbox 1304 1719 1413 1791; x_wconf 91' lang='lat' dir='ltr'><strong>vellet</strong></span> <span class='ocrx_word' id='word_1_99' title='bbox 1433 1717 1562 1810; x_wconf 84' lang='lat' dir='ltr'><strong>exequi</strong></span> <span class='ocrx_word' id='word_1_100' title='bbox 1580 1718 1658 1790; x_wconf 92' lang='lat' dir='ltr'><strong>obe·</strong></span> 
     </span>
     <span class='ocr_line' id='line_1_11' title="bbox 106 1833 1659 1931; baseline 0.005 -27"><span class='ocrx_word' id='word_1_101' title='bbox 106 1833 247 1908; x_wconf 87' lang='lat' dir='ltr'><strong>dienter</strong></span> <span class='ocrx_word' id='word_1_102' title='bbox 273 1836 446 1909; x_wconf 88' lang='lat' dir='ltr'><strong>mandata.</strong></span> <span class='ocrx_word' id='word_1_103' title='bbox 475 1836 696 1909; x_wconf 88' lang='lat' dir='ltr'><strong>Insoleveret</strong></span> <span class='ocrx_word' id='word_1_104' title='bbox 724 1837 909 1910; x_wconf 85' lang='lat' dir='ltr'><strong>admodum</strong></span> <span class='ocrx_word' id='word_1_105' title='bbox 936 1837 1126 1912; x_wconf 87' lang='lat' dir='ltr'><strong>Polonieus</strong></span> <span class='ocrx_word' id='word_1_106' title='bbox 1154 1837 1330 1911; x_wconf 88' lang='lat' dir='ltr'><strong>exercitus</strong></span> <span class='ocrx_word' id='word_1_107' title='bbox 1357 1839 1400 1912; x_wconf 93' lang='lat' dir='ltr'><strong>eb</strong></span> <span class='ocrx_word' id='word_1_108' title='bbox 1429 1859 1468 1912; x_wconf 94' lang='lat' dir='ltr'><strong>eo</strong></span> <span class='ocrx_word' id='word_1_109' title='bbox 1492 1843 1659 1931; x_wconf 89' lang='lat' dir='ltr'><strong>temporo,</strong></span> 
     </span>
     <span class='ocr_line' id='line_1_12' title="bbox 108 1955 1659 2052; baseline 0.004 -26"><span class='ocrx_word' id='word_1_110' title='bbox 108 1975 178 2046; x_wconf 90' lang='lat' dir='ltr'><strong>quo</strong></span> <span class='ocrx_word' id='word_1_111' title='bbox 207 1976 244 2030; x_wconf 88' lang='lat' dir='ltr'><strong>se</strong></span> <span class='ocrx_word' id='word_1_112' title='bbox 272 1955 459 2030; x_wconf 90' lang='lat' dir='ltr'><strong>Bohemioo</strong></span> <span class='ocrx_word' id='word_1_113' title='bbox 486 1955 687 2045; x_wconf 89' lang='lat' dir='ltr'><strong>coniunxit,</strong></span> <span class='ocrx_word' id='word_1_114' title='bbox 717 1978 795 2030; x_wconf 90' lang='lat' dir='ltr'><strong>cum</strong></span> <span class='ocrx_word' id='word_1_115' title='bbox 823 1962 904 2031; x_wconf 89' lang='lat' dir='ltr'><strong>anto</strong></span> <span class='ocrx_word' id='word_1_116' title='bbox 931 1956 968 2030; x_wconf 94' lang='lat' dir='ltr'><strong>id</strong></span> <span class='ocrx_word' id='word_1_117' title='bbox 978 1957 1094 2030; x_wconf 82' lang='lat' dir='ltr'><strong>&#39;fuerit</strong></span> <span class='ocrx_word' id='word_1_118' title='bbox 1120 1957 1340 2052; x_wconf 87' lang='lat' dir='ltr'><strong>castigatior,</strong></span> <span class='ocrx_word' id='word_1_119' title='bbox 1370 1959 1453 2032; x_wconf 91' lang='lat' dir='ltr'><strong>dum</strong></span> <span class='ocrx_word' id='word_1_120' title='bbox 1472 1959 1572 2032; x_wconf 87' lang='lat' dir='ltr'><strong>iussu</strong></span> <span class='ocrx_word' id='word_1_121' title='bbox 1591 1957 1659 2032; x_wconf 93' lang='lat' dir='ltr'><strong>Re·</strong></span> 
     </span>
     <span class='ocr_line' id='line_1_13' title="bbox 106 2075 1660 2171; baseline 0.003 -25"><span class='ocrx_word' id='word_1_122' title='bbox 106 2075 166 2167; x_wconf 85' lang='lat' dir='ltr'><strong>gis</strong></span> <span class='ocrx_word' id='word_1_123' title='bbox 194 2081 229 2148; x_wconf 93' lang='lat' dir='ltr'><strong>et</strong></span> <span class='ocrx_word' id='word_1_124' title='bbox 255 2076 383 2150; x_wconf 91' lang='lat' dir='ltr'><strong>ducum</strong></span> <span class='ocrx_word' id='word_1_125' title='bbox 410 2081 482 2151; x_wconf 87' lang='lat' dir='ltr'><strong>tres</strong></span> <span class='ocrx_word' id='word_1_126' title='bbox 509 2077 683 2151; x_wconf 88' lang='lat' dir='ltr'><strong>notabiles</strong></span> <span class='ocrx_word' id='word_1_127' title='bbox 718 2078 860 2168; x_wconf 91' lang='lat' dir='ltr'><strong>Poloni,</strong></span> <span class='ocrx_word' id='word_1_128' title='bbox 896 2079 957 2170; x_wconf 90' lang='lat' dir='ltr'><strong>qui</strong></span> <span class='ocrx_word' id='word_1_129' title='bbox 985 2077 1151 2152; x_wconf 88' lang='lat' dir='ltr'><strong>ecclesias</strong></span> <span class='ocrx_word' id='word_1_130' title='bbox 1183 2078 1482 2171; x_wconf 77' lang='lat' dir='ltr'><strong>despoliaverunt,</strong></span> <span class='ocrx_word' id='word_1_131' title='bbox 1510 2079 1660 2152; x_wconf 83' lang='lat' dir='ltr'><strong>divinis·</strong></span> 
     </span>
     <span class='ocr_line' id='line_1_14' title="bbox 108 2195 1659 2291; baseline 0.003 -24"><span class='ocrx_word' id='word_1_132' title='bbox 108 2195 308 2289; x_wconf 90' lang='lat' dir='ltr'><strong>simumque</strong></span> <span class='ocrx_word' id='word_1_133' title='bbox 337 2197 601 2272; x_wconf 77' lang='lat' dir='ltr'><strong>Sacramentum</strong></span> <span class='ocrx_word' id='word_1_134' title='bbox 627 2218 672 2271; x_wconf 91' lang='lat' dir='ltr'><strong>ox</strong></span> <span class='ocrx_word' id='word_1_135' title='bbox 698 2197 858 2271; x_wconf 83' lang='lat' dir='ltr'><strong>ecclesiia</strong></span> <span class='ocrx_word' id='word_1_136' title='bbox 885 2198 1121 2287; x_wconf 86' lang='lat' dir='ltr'><strong>abstulerant,</strong></span> <span class='ocrx_word' id='word_1_137' title='bbox 1155 2198 1319 2272; x_wconf 85' lang='lat' dir='ltr'><strong>universo</strong></span> <span class='ocrx_word' id='word_1_138' title='bbox 1352 2203 1532 2291; x_wconf 90' lang='lat' dir='ltr'><strong>spectante</strong></span> <span class='ocrx_word' id='word_1_139' title='bbox 1560 2219 1659 2272; x_wconf 86' lang='lat' dir='ltr'><strong>exer·</strong></span> 
     </span>
     <span class='ocr_line' id='line_1_15' title="bbox 108 2316 1660 2412; baseline 0.002 -23"><span class='ocrx_word' id='word_1_140' title='bbox 108 2316 201 2407; x_wconf 87' lang='lat' dir='ltr'><strong>citu,</strong></span> <span class='ocrx_word' id='word_1_141' title='bbox 231 2318 372 2391; x_wconf 90' lang='lat' dir='ltr'><strong>fuerunt</strong></span> <span class='ocrx_word' id='word_1_142' title='bbox 398 2318 540 2410; x_wconf 91' lang='lat' dir='ltr'><strong>publico</strong></span> <span class='ocrx_word' id='word_1_143' title='bbox 567 2318 649 2412; x_wconf 90' lang='lat' dir='ltr'><strong>igne</strong></span> <span class='ocrx_word' id='word_1_144' title='bbox 676 2318 832 2392; x_wconf 89' lang='lat' dir='ltr'><strong>cremati.</strong></span> <span class='ocrx_word' id='word_1_145' title='bbox 866 2319 963 2392; x_wconf 81' lang='lat' dir='ltr'><strong>Tunc</strong></span> <span class='ocrx_word' id='word_1_146' title='bbox 990 2340 1072 2393; x_wconf 91' lang='lat' dir='ltr'><strong>vero</strong></span> <span class='ocrx_word' id='word_1_147' title='bbox 1102 2319 1314 2392; x_wconf 87' lang='lat' dir='ltr'><strong>execrandas</strong></span> <span class='ocrx_word' id='word_1_148' title='bbox 1341 2318 1379 2392; x_wconf 94' lang='lat' dir='ltr'><strong>in</strong></span> <span class='ocrx_word' id='word_1_149' title='bbox 1406 2320 1516 2394; x_wconf 89' lang='lat' dir='ltr'><strong>Deum</strong></span> <span class='ocrx_word' id='word_1_150' title='bbox 1544 2324 1579 2393; x_wconf 88' lang='lat' dir='ltr'><strong>et</strong></span> <span class='ocrx_word' id='word_1_151' title='bbox 1606 2340 1660 2393; x_wconf 93' lang='lat' dir='ltr'><strong>eo-</strong></span> 
     </span>
    </p>
   </div>
   <div class='ocr_carea' id='block_1_3' title="bbox 107 2437 1662 3011">
    <p class='ocr_par' dir='ltr' id='par_1_3' title="bbox 107 2437 1662 3011">
     <span class='ocr_line' id='line_1_16' title="bbox 108 2437 1661 2530; baseline 0.003 -22"><span class='ocrx_word' id='word_1_152' title='bbox 108 2437 239 2510; x_wconf 89' lang='lat' dir='ltr'><strong>clesias</strong></span> <span class='ocrx_word' id='word_1_153' title='bbox 269 2443 452 2530; x_wconf 87' lang='lat' dir='ltr'><strong>patrantes</strong></span> <span class='ocrx_word' id='word_1_154' title='bbox 482 2439 648 2530; x_wconf 89' lang='lat' dir='ltr'><strong>praedas,</strong></span> <span class='ocrx_word' id='word_1_155' title='bbox 683 2445 719 2512; x_wconf 91' lang='lat' dir='ltr'><strong>et</strong></span> <span class='ocrx_word' id='word_1_156' title='bbox 750 2439 788 2511; x_wconf 94' lang='lat' dir='ltr'><strong>in</strong></span> <span class='ocrx_word' id='word_1_157' title='bbox 820 2459 920 2511; x_wconf 92' lang='lat' dir='ltr'><strong>omne</strong></span> <span class='ocrx_word' id='word_1_158' title='bbox 952 2440 1049 2512; x_wconf 89' lang='lat' dir='ltr'><strong>nefas</strong></span> <span class='ocrx_word' id='word_1_159' title='bbox 1082 2439 1245 2528; x_wconf 88' lang='lat' dir='ltr'><strong>resoluti,</strong></span> <span class='ocrx_word' id='word_1_160' title='bbox 1278 2459 1358 2512; x_wconf 91' lang='lat' dir='ltr'><strong>cum</strong></span> <span class='ocrx_word' id='word_1_161' title='bbox 1385 2438 1661 2513; x_wconf 90' lang='lat' dir='ltr'><strong>abominationes</strong></span> 
     </span>
     <span class='ocr_line' id='line_1_17' title="bbox 107 2557 1662 2651; baseline 0.001 -21"><span class='ocrx_word' id='word_1_162' title='bbox 107 2578 230 2630; x_wconf 90' lang='lat' dir='ltr'><strong>eorum</strong></span> <span class='ocrx_word' id='word_1_163' title='bbox 256 2558 399 2650; x_wconf 87' lang='lat' dir='ltr'><strong>puniret</strong></span> <span class='ocrx_word' id='word_1_164' title='bbox 426 2580 541 2648; x_wconf 94' lang='lat' dir='ltr'><strong>nemo,</strong></span> <span class='ocrx_word' id='word_1_165' title='bbox 571 2559 687 2632; x_wconf 87' lang='lat' dir='ltr'><strong>subito</strong></span> <span class='ocrx_word' id='word_1_166' title='bbox 717 2559 846 2632; x_wconf 90' lang='lat' dir='ltr'><strong>vindex</strong></span> <span class='ocrx_word' id='word_1_167' title='bbox 872 2557 1011 2651; x_wconf 89' lang='lat' dir='ltr'><strong>gladius</strong></span> <span class='ocrx_word' id='word_1_168' title='bbox 1039 2558 1180 2632; x_wconf 88' lang='lat' dir='ltr'><strong>divinae</strong></span> <span class='ocrx_word' id='word_1_169' title='bbox 1206 2559 1354 2632; x_wconf 86' lang='lat' dir='ltr'><strong>ultionis</strong></span> <span class='ocrx_word' id='word_1_170' title='bbox 1381 2559 1541 2649; x_wconf 88' lang='lat' dir='ltr'><strong>advenit,</strong></span> <span class='ocrx_word' id='word_1_171' title='bbox 1570 2564 1605 2632; x_wconf 92' lang='lat' dir='ltr'><strong>et</strong></span> <span class='ocrx_word' id='word_1_172' title='bbox 1624 2560 1662 2631; x_wconf 91' lang='lat' dir='ltr'><strong>in</strong></span> 
     </span>
     <span class='ocr_line' id='line_1_18' title="bbox 108 2678 1660 2772; baseline 0.001 -22"><span class='ocrx_word' id='word_1_173' title='bbox 108 2678 239 2751; x_wconf 86' lang='lat' dir='ltr'><strong>caetris</strong></span> <span class='ocrx_word' id='word_1_174' title='bbox 266 2680 403 2772; x_wconf 89' lang='lat' dir='ltr'><strong>Regum</strong></span> <span class='ocrx_word' id='word_1_175' title='bbox 430 2679 564 2753; x_wconf 89' lang='lat' dir='ltr'><strong>casuali</strong></span> <span class='ocrx_word' id='word_1_176' title='bbox 592 2683 712 2752; x_wconf 91' lang='lat' dir='ltr'><strong>exorto</strong></span> <span class='ocrx_word' id='word_1_177' title='bbox 736 2679 832 2772; x_wconf 89' lang='lat' dir='ltr'><strong>igne,</strong></span> <span class='ocrx_word' id='word_1_178' title='bbox 862 2699 971 2752; x_wconf 90' lang='lat' dir='ltr'><strong>vorax</strong></span> <span class='ocrx_word' id='word_1_179' title='bbox 991 2679 1144 2769; x_wconf 89' lang='lat' dir='ltr'><strong>flamma,</strong></span> <span class='ocrx_word' id='word_1_180' title='bbox 1174 2701 1279 2772; x_wconf 89' lang='lat' dir='ltr'><strong>quam</strong></span> <span class='ocrx_word' id='word_1_181' title='bbox 1298 2679 1415 2752; x_wconf 87' lang='lat' dir='ltr'><strong>subito</strong></span> <span class='ocrx_word' id='word_1_182' title='bbox 1435 2683 1579 2753; x_wconf 90' lang='lat' dir='ltr'><strong>exortus</strong></span> <span class='ocrx_word' id='word_1_183' title='bbox 1599 2701 1660 2752; x_wconf 90' lang='lat' dir='ltr'><strong>au·</strong></span> 
     </span>
     <span class='ocr_line' id='line_1_19' title="bbox 107 2798 1661 2892; baseline 0.001 -22"><span class='ocrx_word' id='word_1_184' title='bbox 107 2798 217 2890; x_wconf 84' lang='lat' dir='ltr'><strong>gebat</strong></span> <span class='ocrx_word' id='word_1_185' title='bbox 242 2799 344 2872; x_wconf 88' lang='lat' dir='ltr'><strong>turbo</strong></span> <span class='ocrx_word' id='word_1_186' title='bbox 373 2804 408 2873; x_wconf 93' lang='lat' dir='ltr'><strong>et</strong></span> <span class='ocrx_word' id='word_1_187' title='bbox 435 2803 562 2872; x_wconf 90' lang='lat' dir='ltr'><strong>ventus</strong></span> <span class='ocrx_word' id='word_1_188' title='bbox 590 2799 793 2888; x_wconf 85' lang='lat' dir='ltr'><strong>vehemens,</strong></span> <span class='ocrx_word' id='word_1_189' title='bbox 826 2800 958 2872; x_wconf 87' lang='lat' dir='ltr'><strong>multos</strong></span> <span class='ocrx_word' id='word_1_190' title='bbox 984 2801 1166 2888; x_wconf 90' lang='lat' dir='ltr'><strong>mortales,</strong></span> <span class='ocrx_word' id='word_1_191' title='bbox 1202 2799 1373 2890; x_wconf 90' lang='lat' dir='ltr'><strong>plurimos</strong></span> <span class='ocrx_word' id='word_1_192' title='bbox 1402 2821 1525 2892; x_wconf 88' lang='lat' dir='ltr'><strong>equos,</strong></span> <span class='ocrx_word' id='word_1_193' title='bbox 1560 2799 1661 2892; x_wconf 91' lang='lat' dir='ltr'><strong>quin-</strong></span> 
     </span>
     <span class='ocr_line' id='line_1_20' title="bbox 107 2901 1660 3011; baseline 0.001 -19"><span class='ocrx_word' id='word_1_194' title='bbox 107 2923 236 3011; x_wconf 85' lang='lat' dir='ltr'><strong>gentos</strong></span> <span class='ocrx_word' id='word_1_195' title='bbox 264 2940 386 2992; x_wconf 87' lang='lat' dir='ltr'><strong>currus</strong></span> <span class='ocrx_word' id='word_1_196' title='bbox 418 2941 497 2993; x_wconf 91' lang='lat' dir='ltr'><strong>oum</strong></span> <span class='ocrx_word' id='word_1_197' title='bbox 525 2918 685 2992; x_wconf 88' lang='lat' dir='ltr'><strong>omnibus</strong></span> <span class='ocrx_word' id='word_1_198' title='bbox 713 2919 943 2993; x_wconf 77' lang='lat' dir='ltr'><strong>facultatibus</strong></span> <span class='ocrx_word' id='word_1_199' title='bbox 970 2901 1006 2993; x_wconf 86' lang='lat' dir='ltr'><strong>et</strong></span> <span class='ocrx_word' id='word_1_200' title='bbox 1033 2918 1267 3010; x_wconf 71' lang='lat' dir='ltr'><strong>victualibuS,</strong></span> <span class='ocrx_word' id='word_1_201' title='bbox 1295 2923 1395 2992; x_wconf 89' lang='lat' dir='ltr'><strong>tanto</strong></span> <span class='ocrx_word' id='word_1_202' title='bbox 1418 2920 1577 2994; x_wconf 91' lang='lat' dir='ltr'><strong>exercitu</strong></span> <span class='ocrx_word' id='word_1_203' title='bbox 1600 2942 1660 2994; x_wconf 93' lang='lat' dir='ltr'><strong>ne·</strong></span> 
     </span>
    </p>
   </div>
   <div class='ocr_carea' id='block_1_4' title="bbox 109 3039 1670 3492">
    <p class='ocr_par' dir='ltr' id='par_1_4' title="bbox 109 3039 1670 3492">
     <span class='ocr_line' id='line_1_21' title="bbox 109 3039 1662 3133; baseline 0.001 -21"><span class='ocrx_word' id='word_1_204' title='bbox 109 3040 301 3132; x_wconf 89' lang='lat' dir='ltr'><strong>quicquam</strong></span> <span class='ocrx_word' id='word_1_205' title='bbox 328 3041 459 3115; x_wconf 89' lang='lat' dir='ltr'><strong>ferente</strong></span> <span class='ocrx_word' id='word_1_206' title='bbox 479 3061 595 3132; x_wconf 91' lang='lat' dir='ltr'><strong>opem,</strong></span> <span class='ocrx_word' id='word_1_207' title='bbox 624 3039 833 3132; x_wconf 87' lang='lat' dir='ltr'><strong>absumpsit.</strong></span> <span class='ocrx_word' id='word_1_208' title='bbox 862 3041 1104 3132; x_wconf 88' lang='lat' dir='ltr'><strong>Reperteeque</strong></span> <span class='ocrx_word' id='word_1_209' title='bbox 1124 3044 1207 3113; x_wconf 91' lang='lat' dir='ltr'><strong>sunt</strong></span> <span class='ocrx_word' id='word_1_210' title='bbox 1225 3040 1262 3112; x_wconf 93' lang='lat' dir='ltr'><strong>in</strong></span> <span class='ocrx_word' id='word_1_211' title='bbox 1282 3039 1463 3133; x_wconf 87' lang='lat' dir='ltr'><strong>quadrigis</strong></span> <span class='ocrx_word' id='word_1_212' title='bbox 1482 3040 1662 3114; x_wconf 87' lang='lat' dir='ltr'><strong>semiustis</strong></span> 
     </span>
     <span class='ocr_line' id='line_1_22' title="bbox 109 3159 1661 3252; baseline 0.001 -20"><span class='ocrx_word' id='word_1_213' title='bbox 109 3159 252 3252; x_wconf 86' lang='lat' dir='ltr'><strong>pixides</strong></span> <span class='ocrx_word' id='word_1_214' title='bbox 279 3160 540 3234; x_wconf 89' lang='lat' dir='ltr'><strong>divinissimum</strong></span> <span class='ocrx_word' id='word_1_215' title='bbox 568 3159 813 3234; x_wconf 77' lang='lat' dir='ltr'><strong>Eucharistiae</strong></span> <span class='ocrx_word' id='word_1_216' title='bbox 836 3159 1099 3234; x_wconf 86' lang='lat' dir='ltr'><strong>Sacramentum</strong></span> <span class='ocrx_word' id='word_1_217' title='bbox 1123 3160 1358 3234; x_wconf 87' lang='lat' dir='ltr'><strong>continentes:</strong></span> <span class='ocrx_word' id='word_1_218' title='bbox 1388 3165 1423 3234; x_wconf 92' lang='lat' dir='ltr'><strong>et</strong></span> <span class='ocrx_word' id='word_1_219' title='bbox 1441 3160 1661 3235; x_wconf 85' lang='lat' dir='ltr'><strong>intellectum</strong></span> 
     </span>
     <span class='ocr_line' id='line_1_23' title="bbox 109 3280 1670 3374; baseline 0.004 -22"><span class='ocrx_word' id='word_1_220' title='bbox 109 3285 183 3370; x_wconf 92' lang='lat' dir='ltr'><strong>est,</strong></span> <span class='ocrx_word' id='word_1_221' title='bbox 212 3281 328 3374; x_wconf 87' lang='lat' dir='ltr'><strong>ignem</strong></span> <span class='ocrx_word' id='word_1_222' title='bbox 346 3281 412 3356; x_wconf 87' lang='lat' dir='ltr'><strong>Dei</strong></span> <span class='ocrx_word' id='word_1_223' title='bbox 431 3281 556 3371; x_wconf 87' lang='lat' dir='ltr'><strong>fuisso,</strong></span> <span class='ocrx_word' id='word_1_224' title='bbox 585 3281 771 3374; x_wconf 84' lang='lat' dir='ltr'><strong>ignemque</strong></span> <span class='ocrx_word' id='word_1_225' title='bbox 795 3280 1021 3355; x_wconf 89' lang='lat' dir='ltr'><strong>tabernacula</strong></span> <span class='ocrx_word' id='word_1_226' title='bbox 1040 3301 1174 3371; x_wconf 91' lang='lat' dir='ltr'><strong>eorum,</strong></span> <span class='ocrx_word' id='word_1_227' title='bbox 1204 3283 1266 3373; x_wconf 90' lang='lat' dir='ltr'><strong>qui</strong></span> <span class='ocrx_word' id='word_1_228' title='bbox 1284 3282 1414 3357; x_wconf 86' lang='lat' dir='ltr'><strong>scelere</strong></span> <span class='ocrx_word' id='word_1_229' title='bbox 1434 3281 1670 3359; x_wconf 85' lang='lat' dir='ltr'><strong>abominando.</strong></span> 
     </span>
     <span class='ocr_line' id='line_1_24' title="bbox 109 3401 564 3492; baseline 0.002 -19"><span class='ocrx_word' id='word_1_230' title='bbox 109 3401 338 3492; x_wconf 87' lang='lat' dir='ltr'><strong>tenebantur,</strong></span> <span class='ocrx_word' id='word_1_231' title='bbox 367 3403 564 3476; x_wconf 87' lang='lat' dir='ltr'><strong>devorasse.</strong></span> 
     </span>
    </p>
   </div>
   <div class='ocr_carea' id='block_1_5' title="bbox 108 3755 1665 3967">
    <p class='ocr_par' dir='ltr' id='par_1_5' title="bbox 108 3755 1665 3967">
     <span class='ocr_line' id='line_1_25' title="bbox 108 3755 1665 3847; baseline 0.001 -20"><span class='ocrx_word' id='word_1_232' title='bbox 108 3756 249 3830; x_wconf 82' lang='lat' dir='ltr'><strong>Termini</strong></span> <span class='ocrx_word' id='word_1_233' title='bbox 272 3760 379 3830; x_wconf 82' lang='lat' dir='ltr'><strong>lenae</strong></span> <span class='ocrx_word' id='word_1_234' title='bbox 402 3757 630 3846; x_wconf 77' lang='lat' dir='ltr'><strong>llpelunenris</strong></span> <span class='ocrx_word' id='word_1_235' title='bbox 653 3759 688 3827; x_wconf 90' lang='lat' dir='ltr'><strong>ot</strong></span> <span class='ocrx_word' id='word_1_236' title='bbox 709 3756 838 3827; x_wconf 76' lang='lat' dir='ltr'><strong>llaiods</strong></span> <span class='ocrx_word' id='word_1_237' title='bbox 858 3755 1009 3828; x_wconf 70' lang='lat' dir='ltr'><strong>roloniae</strong></span> <span class='ocrx_word' id='word_1_238' title='bbox 1032 3774 1052 3828; x_wconf 90' lang='lat' dir='ltr'><strong>a</strong></span> <span class='ocrx_word' id='word_1_239' title='bbox 1075 3756 1228 3846; x_wconf 82' lang='lat' dir='ltr'><strong>gentibus</strong></span> <span class='ocrx_word' id='word_1_240' title='bbox 1250 3756 1391 3828; x_wconf 85' lang='lat' dir='ltr'><strong>llatliae</strong></span> <span class='ocrx_word' id='word_1_241' title='bbox 1413 3755 1594 3847; x_wconf 74' lang='lat' dir='ltr'><strong>burgariae</strong></span> <span class='ocrx_word' id='word_1_242' title='bbox 1609 3759 1665 3830; x_wconf 85' lang='lat' dir='ltr'><strong>lle·</strong></span> 
     </span>
     <span class='ocr_line' id='line_1_26' title="bbox 591 3877 1194 3967; baseline 0.002 -18"><span class='ocrx_word' id='word_1_243' title='bbox 591 3879 642 3967; x_wconf 81' lang='lat' dir='ltr'><strong>gis</strong></span> <span class='ocrx_word' id='word_1_244' title='bbox 664 3881 700 3950; x_wconf 88' lang='lat' dir='ltr'><strong>et</strong></span> <span class='ocrx_word' id='word_1_245' title='bbox 721 3877 839 3950; x_wconf 86' lang='lat' dir='ltr'><strong>bocum</strong></span> <span class='ocrx_word' id='word_1_246' title='bbox 862 3878 985 3950; x_wconf 72' lang='lat' dir='ltr'><strong>blaciae</strong></span> <span class='ocrx_word' id='word_1_247' title='bbox 1007 3880 1194 3950; x_wconf 84' lang='lat' dir='ltr'><strong>vastantur.</strong></span> 
     </span>
    </p>
   </div>
   <div class='ocr_carea' id='block_1_6' title="bbox 108 4125 1774 5183">
    <p class='ocr_par' dir='ltr' id='par_1_6' title="bbox 108 4125 1774 5183">
     <span class='ocr_line' id='line_1_27' title="bbox 217 4125 1666 4218; baseline 0.001 -22"><span class='ocrx_word' id='word_1_248' title='bbox 217 4125 349 4200; x_wconf 85' lang='lat' dir='ltr'><strong>Videas</strong></span> <span class='ocrx_word' id='word_1_249' title='bbox 382 4129 498 4200; x_wconf 89' lang='lat' dir='ltr'><strong>eutem</strong></span> <span class='ocrx_word' id='word_1_250' title='bbox 530 4125 682 4198; x_wconf 85' lang='lat' dir='ltr'><strong>Mathias</strong></span> <span class='ocrx_word' id='word_1_251' title='bbox 710 4125 913 4218; x_wconf 87' lang='lat' dir='ltr'><strong>Huugariae</strong></span> <span class='ocrx_word' id='word_1_252' title='bbox 945 4125 1040 4215; x_wconf 90' lang='lat' dir='ltr'><strong>Rex,</strong></span> <span class='ocrx_word' id='word_1_253' title='bbox 1082 4129 1255 4217; x_wconf 87' lang='lat' dir='ltr'><strong>utrunque</strong></span> <span class='ocrx_word' id='word_1_254' title='bbox 1287 4126 1419 4218; x_wconf 88' lang='lat' dir='ltr'><strong>Regem</strong></span> <span class='ocrx_word' id='word_1_255' title='bbox 1438 4125 1466 4215; x_wconf 83' lang='lat'><strong>¹)</strong></span> <span class='ocrx_word' id='word_1_256' title='bbox 1499 4145 1579 4198; x_wconf 90' lang='lat' dir='ltr'><strong>cum</strong></span> <span class='ocrx_word' id='word_1_257' title='bbox 1611 4129 1666 4198; x_wconf 87' lang='lat' dir='ltr'><strong>tot</strong></span> 
     </span>
     <span class='ocr_line' id='line_1_28' title="bbox 108 4244 1666 4341; baseline -0.002 -21"><span class='ocrx_word' id='word_1_258' title='bbox 108 4246 280 4341; x_wconf 88' lang='lat' dir='ltr'><strong>gentibus</strong></span> <span class='ocrx_word' id='word_1_259' title='bbox 299 4247 451 4320; x_wconf 88' lang='lat' dir='ltr'><strong>otiosum</strong></span> <span class='ocrx_word' id='word_1_260' title='bbox 474 4267 566 4335; x_wconf 89' lang='lat' dir='ltr'><strong>esse,</strong></span> <span class='ocrx_word' id='word_1_261' title='bbox 595 4245 803 4336; x_wconf 84' lang='lat' dir='ltr'><strong>timiditate,</strong></span> <span class='ocrx_word' id='word_1_262' title='bbox 833 4267 921 4338; x_wconf 92' lang='lat' dir='ltr'><strong>quae</strong></span> <span class='ocrx_word' id='word_1_263' title='bbox 939 4266 1019 4319; x_wconf 90' lang='lat' dir='ltr'><strong>eum</strong></span> <span class='ocrx_word' id='word_1_264' title='bbox 1037 4245 1230 4335; x_wconf 89' lang='lat' dir='ltr'><strong>invaserat,</strong></span> <span class='ocrx_word' id='word_1_265' title='bbox 1250 4244 1425 4337; x_wconf 91' lang='lat' dir='ltr'><strong>deposita,</strong></span> <span class='ocrx_word' id='word_1_266' title='bbox 1443 4249 1565 4338; x_wconf 87' lang='lat' dir='ltr'><strong>gentos</strong></span> <span class='ocrx_word' id='word_1_267' title='bbox 1584 4265 1666 4318; x_wconf 88' lang='lat' dir='ltr'><strong>suas</strong></span> 
     </span>
     <span class='ocr_line' id='line_1_29' title="bbox 109 4363 1667 4459; baseline -0.002 -20"><span class='ocrx_word' id='word_1_268' title='bbox 109 4367 153 4439; x_wconf 89' lang='lat' dir='ltr'><strong>iu</strong></span> <span class='ocrx_word' id='word_1_269' title='bbox 180 4367 347 4442; x_wconf 82' lang='lat' dir='ltr'><strong>terminos</strong></span> <span class='ocrx_word' id='word_1_270' title='bbox 374 4373 488 4441; x_wconf 84' lang='lat' dir='ltr'><strong>terrae</strong></span> <span class='ocrx_word' id='word_1_271' title='bbox 515 4367 764 4458; x_wconf 81' lang='lat' dir='ltr'><strong>Wpeluneusis</strong></span> <span class='ocrx_word' id='word_1_272' title='bbox 792 4373 827 4440; x_wconf 91' lang='lat' dir='ltr'><strong>et</strong></span> <span class='ocrx_word' id='word_1_273' title='bbox 854 4366 997 4440; x_wconf 85' lang='lat' dir='ltr'><strong>Maioris</strong></span> <span class='ocrx_word' id='word_1_274' title='bbox 1024 4366 1207 4455; x_wconf 87' lang='lat' dir='ltr'><strong>Poloniae,</strong></span> <span class='ocrx_word' id='word_1_275' title='bbox 1236 4365 1440 4459; x_wconf 80' lang='lat' dir='ltr'><strong>intelligens</strong></span> <span class='ocrx_word' id='word_1_276' title='bbox 1467 4367 1579 4439; x_wconf 87' lang='lat' dir='ltr'><strong>latera</strong></span> <span class='ocrx_word' id='word_1_277' title='bbox 1601 4363 1667 4437; x_wconf 92' lang='lat' dir='ltr'><strong>illa</strong></span> 
     </span>
     <span class='ocr_line' id='line_1_30' title="bbox 110 4475 1774 4580; baseline -0.002 -20"><span class='ocrx_word' id='word_1_278' title='bbox 110 4488 211 4561; x_wconf 90' lang='lat' dir='ltr'><strong>unda</strong></span> <span class='ocrx_word' id='word_1_279' title='bbox 237 4510 329 4579; x_wconf 89' lang='lat' dir='ltr'><strong>esse,</strong></span> <span class='ocrx_word' id='word_1_280' title='bbox 359 4487 587 4561; x_wconf 87' lang='lat' dir='ltr'><strong>transmittit:</strong></span> <span class='ocrx_word' id='word_1_281' title='bbox 621 4509 710 4580; x_wconf 88' lang='lat' dir='ltr'><strong>quae</strong></span> <span class='ocrx_word' id='word_1_282' title='bbox 737 4509 814 4561; x_wconf 87' lang='lat' dir='ltr'><strong>oras</strong></span> <span class='ocrx_word' id='word_1_283' title='bbox 842 4487 925 4560; x_wconf 87' lang='lat' dir='ltr'><strong>illas</strong></span> <span class='ocrx_word' id='word_1_284' title='bbox 949 4487 1191 4579; x_wconf 87' lang='lat' dir='ltr'><strong>frequentibus</strong></span> <span class='ocrx_word' id='word_1_285' title='bbox 1219 4487 1409 4576; x_wconf 90' lang='lat' dir='ltr'><strong>incendiis,</strong></span> <span class='ocrx_word' id='word_1_286' title='bbox 1438 4487 1534 4580; x_wconf 90' lang='lat' dir='ltr'><strong>Rege</strong></span> <span class='ocrx_word' id='word_1_287' title='bbox 1560 4485 1664 4558; x_wconf 93' lang='lat' dir='ltr'><strong>Polo·</strong></span> <span class='ocrx_word' id='word_1_288' title='bbox 1769 4475 1774 4484; x_wconf 75' lang='grc'><strong><em>’</em></strong></span> 
     </span>
     <span class='ocr_line' id='line_1_31' title="bbox 110 4607 1664 4702; baseline -0.002 -21"><span class='ocrx_word' id='word_1_289' title='bbox 110 4609 196 4682; x_wconf 92' lang='lat' dir='ltr'><strong>niae</strong></span> <span class='ocrx_word' id='word_1_290' title='bbox 209 4607 241 4700; x_wconf 72' lang='grc'><strong>2)</strong></span> <span class='ocrx_word' id='word_1_291' title='bbox 268 4628 375 4702; x_wconf 92' lang='lat' dir='ltr'><strong>prope</strong></span> <span class='ocrx_word' id='word_1_292' title='bbox 393 4609 555 4681; x_wconf 87' lang='lat' dir='ltr'><strong>adstante</strong></span> <span class='ocrx_word' id='word_1_293' title='bbox 573 4611 608 4681; x_wconf 94' lang='lat' dir='ltr'><strong>et</strong></span> <span class='ocrx_word' id='word_1_294' title='bbox 626 4609 762 4682; x_wconf 92' lang='lat' dir='ltr'><strong>nullam</strong></span> <span class='ocrx_word' id='word_1_295' title='bbox 780 4609 913 4681; x_wconf 86' lang='lat' dir='ltr'><strong>ferente</strong></span> <span class='ocrx_word' id='word_1_296' title='bbox 932 4628 1030 4699; x_wconf 58' lang='lat' dir='ltr'><strong>opem,</strong></span> <span class='ocrx_word' id='word_1_297' title='bbox 1051 4607 1142 4696; x_wconf 90' lang='lat' dir='ltr'><strong>suis,</strong></span> <span class='ocrx_word' id='word_1_298' title='bbox 1163 4607 1361 4680; x_wconf 87' lang='lat' dir='ltr'><strong>vastabant.</strong></span> <span class='ocrx_word' id='word_1_299' title='bbox 1390 4607 1559 4699; x_wconf 87' lang='lat' dir='ltr'><strong>Agrestes</strong></span> <span class='ocrx_word' id='word_1_300' title='bbox 1579 4626 1664 4697; x_wconf 91' lang='lat' dir='ltr'><strong>quo·</strong></span> 
     </span>
     <span class='ocr_line' id='line_1_32' title="bbox 112 4723 1665 4822; baseline -0.003 -20"><span class='ocrx_word' id='word_1_301' title='bbox 112 4750 201 4822; x_wconf 89' lang='lat' dir='ltr'><strong>que,</strong></span> <span class='ocrx_word' id='word_1_302' title='bbox 231 4731 292 4822; x_wconf 93' lang='lat' dir='ltr'><strong>qui</strong></span> <span class='ocrx_word' id='word_1_303' title='bbox 318 4749 425 4822; x_wconf 90' lang='lat' dir='ltr'><strong>prope</strong></span> <span class='ocrx_word' id='word_1_304' title='bbox 452 4729 707 4820; x_wconf 79' lang='lat' dir='ltr'><strong>Boleelevvyeon</strong></span> <span class='ocrx_word' id='word_1_305' title='bbox 736 4750 815 4802; x_wconf 92' lang='lat' dir='ltr'><strong>oum</strong></span> <span class='ocrx_word' id='word_1_306' title='bbox 843 4723 1080 4821; x_wconf 66' lang='lat' dir='ltr'><strong>oissoongradi</strong></span> <span class='ocrx_word' id='word_1_307' title='bbox 1099 4727 1178 4800; x_wconf 89' lang='lat' dir='ltr'><strong>ausi</strong></span> <span class='ocrx_word' id='word_1_308' title='bbox 1197 4727 1352 4816; x_wconf 81' lang='lat' dir='ltr'><strong>fuerant,</strong></span> <span class='ocrx_word' id='word_1_309' title='bbox 1381 4727 1538 4798; x_wconf 90' lang='lat' dir='ltr'><strong>Iohanne</strong></span> <span class='ocrx_word' id='word_1_310' title='bbox 1556 4725 1665 4798; x_wconf 89' lang='lat' dir='ltr'><strong>Wan-</strong></span> 
     </span>
     <span class='ocr_line' id='line_1_33' title="bbox 115 4845 1667 4938; baseline -0.002 -15"><span class='ocrx_word' id='word_1_311' title='bbox 115 4849 197 4924; x_wconf 82' lang='lat' dir='ltr'><strong>szik</strong></span> <span class='ocrx_word' id='word_1_312' title='bbox 232 4849 368 4923; x_wconf 91' lang='lat' dir='ltr'><strong>notario</strong></span> <span class='ocrx_word' id='word_1_313' title='bbox 404 4852 570 4922; x_wconf 85' lang='lat' dir='ltr'><strong>terrestre</strong></span> <span class='ocrx_word' id='word_1_314' title='bbox 608 4848 807 4922; x_wconf 86' lang='lat' dir='ltr'><strong>Siradienso</strong></span> <span class='ocrx_word' id='word_1_315' title='bbox 828 4846 858 4938; x_wconf 82' lang='grc'><strong>3)</strong></span> <span class='ocrx_word' id='word_1_316' title='bbox 894 4848 981 4922; x_wconf 90' lang='lat' dir='ltr'><strong>duce</strong></span> <span class='ocrx_word' id='word_1_317' title='bbox 1016 4869 1135 4921; x_wconf 89' lang='lat' dir='ltr'><strong>eorum</strong></span> <span class='ocrx_word' id='word_1_318' title='bbox 1170 4852 1256 4920; x_wconf 86' lang='lat' dir='ltr'><strong>tunc</strong></span> <span class='ocrx_word' id='word_1_319' title='bbox 1291 4847 1450 4936; x_wconf 88' lang='lat' dir='ltr'><strong>absente,</strong></span> <span class='ocrx_word' id='word_1_320' title='bbox 1488 4845 1592 4920; x_wconf 88' lang='lat' dir='ltr'><strong>facile</strong></span> <span class='ocrx_word' id='word_1_321' title='bbox 1624 4845 1667 4920; x_wconf 90' lang='lat' dir='ltr'><strong>ab</strong></span> 
     </span>
     <span class='ocr_line' id='line_1_34' title="bbox 111 4967 1665 5063; baseline -0.004 -19"><span class='ocrx_word' id='word_1_322' title='bbox 111 4970 193 5044; x_wconf 90' lang='lat' dir='ltr'><strong>illis</strong></span> <span class='ocrx_word' id='word_1_323' title='bbox 221 4971 352 5045; x_wconf 86' lang='lat' dir='ltr'><strong>obtriti.</strong></span> <span class='ocrx_word' id='word_1_324' title='bbox 386 4970 568 5043; x_wconf 90' lang='lat' dir='ltr'><strong>Irrueraut</strong></span> <span class='ocrx_word' id='word_1_325' title='bbox 595 4973 629 5043; x_wconf 88' lang='lat' dir='ltr'><strong>et</strong></span> <span class='ocrx_word' id='word_1_326' title='bbox 655 4973 777 5063; x_wconf 88' lang='lat' dir='ltr'><strong>gentos</strong></span> <span class='ocrx_word' id='word_1_327' title='bbox 797 4968 1064 5042; x_wconf 86' lang='lat' dir='ltr'><strong>DucisNicolai</strong></span> <span class='ocrx_word' id='word_1_328' title='bbox 1092 4967 1290 5061; x_wconf 86' lang='lat' dir='ltr'><strong>Opoliensis</strong></span> <span class='ocrx_word' id='word_1_329' title='bbox 1317 4967 1356 5040; x_wconf 92' lang='lat' dir='ltr'><strong>in</strong></span> <span class='ocrx_word' id='word_1_330' title='bbox 1383 4967 1551 5060; x_wconf 91' lang='lat' dir='ltr'><strong>oppidum</strong></span> <span class='ocrx_word' id='word_1_331' title='bbox 1577 4967 1665 5038; x_wconf 91' lang='lat' dir='ltr'><strong>Klo-</strong></span> 
     </span>
     <span class='ocr_line' id='line_1_35' title="bbox 115 5085 1667 5183; baseline -0.005 -18"><span class='ocrx_word' id='word_1_332' title='bbox 115 5091 288 5181; x_wconf 85' lang='lat' dir='ltr'><strong>bucasko,</strong></span> <span class='ocrx_word' id='word_1_333' title='bbox 323 5090 384 5164; x_wconf 92' lang='lat' dir='ltr'><strong>sed</strong></span> <span class='ocrx_word' id='word_1_334' title='bbox 415 5089 458 5163; x_wconf 89' lang='lat' dir='ltr'><strong>ab</strong></span> <span class='ocrx_word' id='word_1_335' title='bbox 491 5089 675 5183; x_wconf 92' lang='lat' dir='ltr'><strong>oppidanis</strong></span> <span class='ocrx_word' id='word_1_336' title='bbox 707 5094 743 5164; x_wconf 93' lang='lat' dir='ltr'><strong>et</strong></span> <span class='ocrx_word' id='word_1_337' title='bbox 774 5089 973 5182; x_wconf 89' lang='lat' dir='ltr'><strong>agrestibus</strong></span> <span class='ocrx_word' id='word_1_338' title='bbox 1011 5109 1091 5163; x_wconf 91' lang='lat' dir='ltr'><strong>orae</strong></span> <span class='ocrx_word' id='word_1_339' title='bbox 1118 5088 1219 5162; x_wconf 90' lang='lat' dir='ltr'><strong>illius</strong></span> <span class='ocrx_word' id='word_1_340' title='bbox 1247 5109 1373 5181; x_wconf 90' lang='lat' dir='ltr'><strong>magna</strong></span> <span class='ocrx_word' id='word_1_341' title='bbox 1400 5087 1498 5161; x_wconf 90' lang='lat' dir='ltr'><strong>clade</strong></span> <span class='ocrx_word' id='word_1_342' title='bbox 1525 5085 1667 5160; x_wconf 91' lang='lat' dir='ltr'><strong>devicti.</strong></span> 
     </span>
    </p>
   </div>
   <div class='ocr_carea' id='block_1_7' title="bbox 121 5357 1670 5550">
    <p class='ocr_par' dir='ltr' id='par_1_7' title="bbox 121 5357 1670 5550">
     <span class='ocr_line' id='line_1_36' title="bbox 228 5357 1670 5447; baseline -0.006 -19"><span class='ocrx_word' id='word_1_343' title='bbox 228 5367 248 5447; x_wconf 91' lang='lat'><strong>¹)</strong></span> <span class='ocrx_word' id='word_1_344' title='bbox 271 5373 418 5444; x_wconf 87' lang='lat' dir='ltr'><strong>utrunque</strong></span> <span class='ocrx_word' id='word_1_345' title='bbox 433 5367 557 5444; x_wconf 85' lang='lat' dir='ltr'><strong>Regem,</strong></span> <span class='ocrx_word' id='word_1_346' title='bbox 578 5365 752 5426; x_wconf 82' lang='lat' dir='ltr'><strong>Oasimirum</strong></span> <span class='ocrx_word' id='word_1_347' title='bbox 766 5365 908 5426; x_wconf 90' lang='lat' dir='ltr'><strong>Polouiee</strong></span> <span class='ocrx_word' id='word_1_348' title='bbox 923 5368 953 5424; x_wconf 91' lang='lat' dir='ltr'><strong>et</strong></span> <span class='ocrx_word' id='word_1_349' title='bbox 967 5363 1163 5424; x_wconf 88' lang='lat' dir='ltr'><strong>Wladislenm</strong></span> <span class='ocrx_word' id='word_1_350' title='bbox 1177 5361 1338 5424; x_wconf 89' lang='lat' dir='ltr'><strong>Bohemiae</strong></span> <span class='ocrx_word' id='word_1_351' title='bbox 1354 5357 1416 5423; x_wconf 79' lang='lat' dir='ltr'><strong>Ed.</strong></span> <span class='ocrx_word' id='word_1_352' title='bbox 1437 5357 1527 5442; x_wconf 80' lang='lat' dir='ltr'><strong>La&#39;pa.</strong></span> <span class='ocrx_word' id='word_1_353' title='bbox 1544 5358 1569 5440; x_wconf 78' lang='lat'><strong>²)</strong></span> <span class='ocrx_word' id='word_1_354' title='bbox 1586 5360 1670 5436; x_wconf 85' lang='lat' dir='ltr'><strong>Rege</strong></span> 
     </span>
     <span class='ocr_line' id='line_1_37' title="bbox 121 5462 1255 5550; baseline -0.006 -17"><span class='ocrx_word' id='word_1_355' title='bbox 121 5471 266 5533; x_wconf 90' lang='lat' dir='ltr'><strong>Poloniae</strong></span> <span class='ocrx_word' id='word_1_356' title='bbox 288 5473 431 5532; x_wconf 82' lang='lat' dir='ltr'><strong>Oesimiro</strong></span> <span class='ocrx_word' id='word_1_357' title='bbox 454 5467 517 5532; x_wconf 82' lang='lat' dir='ltr'><strong>Ed.</strong></span> <span class='ocrx_word' id='word_1_358' title='bbox 542 5464 632 5550; x_wconf 79' lang='lat' dir='ltr'><strong>Lipa.</strong></span> <span class='ocrx_word' id='word_1_359' title='bbox 660 5467 687 5545; x_wconf 77' lang='lat'><strong>³)</strong></span> <span class='ocrx_word' id='word_1_360' title='bbox 709 5468 848 5530; x_wconf 89' lang='lat' dir='ltr'><strong>territorii</strong></span> <span class='ocrx_word' id='word_1_361' title='bbox 872 5466 1051 5529; x_wconf 80' lang='lat' dir='ltr'><strong>Siradiensis</strong></span> <span class='ocrx_word' id='word_1_362' title='bbox 1075 5463 1139 5528; x_wconf 78' lang='lat' dir='ltr'><strong>Eo.</strong></span> <span class='ocrx_word' id='word_1_363' title='bbox 1163 5462 1255 5548; x_wconf 80' lang='lat' dir='ltr'><strong>Lipa.</strong></span> 
     </span>
    </p>
   </div>
   <div class='ocr_carea' id='block_1_8' title="bbox 0 0 2056 6290">
    <p class='ocr_par' dir='ltr' id='par_1_8' title="bbox 0 0 2056 6290">
     <span class='ocr_line' id='line_1_38' title="bbox 0 0 2056 6290; baseline 0 0"><span class='ocrx_word' id='word_1_364' title='bbox 0 0 2056 6290; x_wconf 95' lang='lat' dir='ltr'><strong> </strong></span> 
     </span>
    </p>
   </div>
  </div>
 </body>
</html>
