4126 6280
85 529 148 632 (Α.
169 529 214 604 D.
235 526 362 628 1457.)
597 521 710 607 arama
735 553 980 606 nuonucmrus
1008 535 1121 625 (xrrr).
1554 533 1628 606 249

82 738 262 811 staurandi
290 737 432 810 Ordinis
460 739 665 812 concidisse.
694 740 738 812 ln
766 738 966 813 cracoviam
996 741 1113 812 autem
1145 738 1284 812 novitas
1316 739 1394 831 ipsa
1425 738 1628 812 01010000-

84 879 147 950 que
168 857 340 950 Reginam
365 863 401 930 et
419 859 640 932 consiliarios
663 859 740 932 illio
766 863 967 950 praesentes
992 859 1104 932 veloci
1129 859 1253 931 nuntio
1281 860 1432 951 perlata,
1462 879 1632 951 suspensa

84 983 116 1050 ot
154 977 398 1067 formidolosa,
449 979 606 1052 fraudem
648 1000 709 1071 per
747 978 993 1070 stipendiarios
1037 978 1319 1052 committendam
1355 977 1632 1074 ‚expavescentia

83 1097 182 1169 corda
221 1098 305 1171 adeo
336 1097 449 1170 reficit
469 1099 508 1187 ¹),
542 1104 582 1170 ut
614 1099 777 1190 pulsibus
805 1119 1067 1191 campanarum,
1097 1102 1132 1171 et
1158 1101 1313 1172 focorum
1340 1119 1402 1190 per
1428 1097 1630 1171 universam

82 1217 201 1288 urbem
238 1217 474 1304 extractione,
513 1218 789 1310 magnitudinem
825 1218 983 1291 laetitiae
1011 1222 1236 1292 testarentur.
1276 1217 1423 1292 Bohemi
1450 1223 1568 1290 anatem
1595 1223 1631 1290 et

82 1336 248 1410 Almanui
275 1337 441 1428 praefati,
469 1337 552 1410 dum
581 1338 618 1410 in
645 1339 784 1410 Tserou
812 1338 962 1412 fuissent
989 1338 1125 1430 aliquot
1152 1337 1275 1412 diebus
1294 1337 1515 1425 commorati,
1544 1337 1630 1410 resi·

81 1457 197 1548 gnatis
225 1457 315 1549 Regi
342 1457 521 1530 Kaaimiro
550 1457 684 1531 cilaua
711 1465 747 1530 et
774 1459 913 1530 Tscaow
945 1459 1083 1551 oppidis
1116 1463 1201 1548 (non
1228 1457 1320 1532 enim
1347 1458 1451 1550 plura
1476 1458 1553 1529 1000
1579 1456 1630 1540 hi,

83 1575 211 1667 quibus
239 1577 368 1648 solutio
402 1578 493 1649 facta
525 1582 594 1664 est,
629 1577 782 1650 habuere
809 1579 845 1650 in
873 1600 937 1651 sua
963 1583 1155 1670 potestate;
1189 1576 1318 1651 caeteri
1349 1575 1630 1668 001010110οτ-

84 1696 312 1770 suadentibus
339 1697 542 1769 Bernhardo
571 1697 822 1770 Schumbcrslri
839 1703 876 1771 et
894 1698 1178 1772 commendatore
1208 1697 1432 1791 Elbingensi,
1461 1697 1631 1770 detrecta-

80 1836 160 1888 vere
185 1817 370 1888 observare
389 1819 589 1906 conventa),
621 1817 707 1889 feria
735 1818 887 1891 secunda
914 1825 995 1891 0010
1022 1819 1150 1892 festum
1169 1817 1290 1892 Sancti
1309 1816 1401 1906 Viti,
1431 1837 1475 1890 er
1494 1817 1633 1889 Tsenow

81 1956 149 2006 una
178 1956 258 2007 cum
286 1935 456 2028 Magistro
485 1936 756 2024 cruciferorum,
786 1938 1060 2011 conducentibus
1087 1958 1146 2010 eos
1173 1937 1314 2010 Andrea
1341 1935 1575 2009 Thanorinski
1598 1941 1634 2008 et

81 2055 231 2126 larundo
259 2056 301 2128 de
329 2056 518 2129 Brudaewo
546 2056 726 2148 capitaneo
755 2057 953 2145 Brestensi,
983 2063 1168 2145 exeuntes,
1198 2057 1273 2130 sine
1301 2057 1396 2129 omni
1423 2056 1631 2129 1000100001

81 2175 330 2266 impedimento
363 2175 401 2247 iu
433 2197 510 2248 oras
539 2197 621 2249 suas
654 2176 846 2250 divertunt.
880 2178 926 2250 Et
953 2177 1113 2270 quamuis
1145 2177 1387 2269 propensiora,
1422 2175 1630 2249 cumulatio·

80 2316 189 2386 raquo
216 2295 321 2384 dona,
350 2314 455 2387 quam
482 2297 629 2368 meritus
658 2301 747 2385 erat,
777 2297 921 2370 Ulnicus
945 2297 1146 2371 cuiruoulra
1163 2296 1274 2371 tribui
1294 2297 1363 2370 sibi
1381 2317 1531 2388 aequum
1550 2317 1631 2370 een·

82 2419 191 2502 seret,
220 2415 352 2488 milites
381 2437 461 2487 vero
490 2416 656 2489 Prussiae
683 2417 911 2491 immoderata
929 2439 1007 2491 eum
1027 2417 1166 2510 cupisse
1185 2419 1400 2490 refellerent:
1429 2416 1632 2489 Karimirus

83 2541 203 2606 tamen
230 2536 324 2624 Rex,
354 2537 475 2608 volens
503 2536 617 2608 Ulriei
645 2537 846 2610 crirwcnlra
872 2539 975 2610 fidem
1003 2543 1039 2611 et
1065 2537 1300 2610 constantiam
1327 2536 1536 2628 praemiare,
1565 2535 1635 2608 sibi

82 2659 199 2727 castra
232 2655 420 2746 Supecuie,
455 2656 585 2745 colob,
620 2658 847 2747 Prusumerk,
881 2659 1058 2731 Kowalow
1089 2665 1124 2731 et
1160 2657 1289 2750 cnyeu
1322 2677 1400 2731 cum
1433 2653 1571 2748 oppidis
1598 2661 1635 2728 01

83 2775 184 2847 villis
217 2775 432 2867 errantique
471 2777 515 2848 ad
546 2778 610 2849 illa
636 2777 912 2868 pertinentibus,
946 2778 990 2849 ad
1021 2799 1124 2850 suum
1155 2776 1414 2868 beneplacitum
1445 2775 1567 2865 donat,
1598 2780 1634 2848 01

82 2894 151 2966 0111
180 2893 320 2966 inillis
349 2895 606 2988 quinquaginta
638 2917 701 2970 sex
733 2897 848 2970 millia
879 2899 1087 2971 florenorum
1118 2897 1270 2990 largitur
1303 2901 1338 2970 01
1369 2895 1548 2984 inscribit,
1578 2915 1633 2968 ea·

83 3014 221 3106 strique
256 3013 430 3105 Suyeonie
461 3021 497 3087 01
530 3015 644 3089 colub
682 3017 751 3090 sibi
787 3019 916 3091 realem
952 3022 1037 3090 tunc
1068 3017 1128 3089 101
1159 3015 1428 3109 possessionem.
1465 3015 1570 3089 Libet
1597 3014 1634 3088 in

82 3135 263 3227 praesenti
290 3136 381 3207 facto
410 3136 547 3208 occulta
579 3137 644 3209 Dei
675 3136 805 3210 1011010
833 3143 868 3210 01
894 3137 994 3210 111100
1022 3157 1126 3229 opera
1153 3136 1289 3210 mirari:
1323 3136 1385 3228 qui
1412 3155 1491 3208 eum
1519 3135 1635 3228 Reges

84 3262 118 3329 et
145 3255 330 3346 Principes
358 3255 525 3329 Polcniae
553 3257 768 3330 haereditate
795 3279 914 3330 carum
941 3263 1126 3345 terrarum,
1155 3256 1321 3331 uidelicet
1346 3256 1573 3329 Pomoraniae
1600 3260 1636 3330 et

83 3377 299 3466 cnlmeusis,
327 3377 605 3469 promerentibus
632 3377 668 3450 id
696 3399 815 3450 eorum
841 3377 957 3466 011110,
985 3377 1204 3469 permisisset
1225 3397 1288 3470 per
1324 3377 1444 3450 hostes
1471 3377 1569 3450 leves
1601 3380 1637 3450 01

83 3519 146 3590 per
175 3518 233 3570 eos
261 3496 299 3568 in
327 3497 531 3589 suffragium
564 3498 619 3570 sui
652 3501 773 3570 contra
804 3499 970 3571 barbaros
1002 3497 1149 3586 accitos,
1182 3497 1262 3570 eiioi
1290 3501 1325 3570 et
1352 3497 1501 3588 expelli,
1535 3500 1571 3570 et
1597 3496 1635 3569 in

84 3617 235 3690 caeteris
261 3616 376 3709 Regni
402 3616 626 3708 partibusl),
657 3639 674 3690 e
718 3617 879 3710 equidem
910 3617 1157 3708 multiplieiter
1189 3616 1300 3710 affligi
1326 3621 1363 3689 et
1388 3615 1527 3704 vexari3
1559 3619 1636 3689 tan·

86 3741 166 3813 dem
205 3739 326 3830 Regno
363 3739 530 3812 Polcniae
562 3743 596 3812 et
622 3739 751 3830 populo
788 3737 864 3811 eius
895 3737 1161 3829 repropitiatus,
1199 3736 1330 3809 dudum
1361 3735 1497 3808 ablatas
1513 3738 1637 3808 terras

84 3857 303 3946 mirabilius,
338 3879 441 3950 quam
474 3859 684 3947 abstulerat,
717 3858 870 3932 reddidit
884 3859 933 3947 4),
971 3857 1151 3932 declarans
1188 3856 1349 3928 nubilum
1381 3855 1637 3949 indignationis

86 4000 172 4050 suae
202 3981 321 4050 centra
347 3983 486 4070 gentem
513 3979 713 4051 Polonicam
742 3977 935 4070 quievisse,
971 3985 1007 4050 et
1036 3979 1154 4050 hostes
1181 3977 1282 4049 111100
1298 3976 1329 4066 ⁵)
1357 3975 1566 4064 cruciferos,
1595 3975 1638 4048 dc

85 4099 193 4171 terris
220 4118 283 4189 per
309 4119 367 4170 eos
396 4099 574 4190 occupatis
602 4098 814 4172 exclusisse:
846 4097 907 4189 qui
934 4118 992 4170 eas
1020 4097 1063 4168 ad
1089 4097 1155 4169 hoc
1181 4117 1289 4168 unum
1322 4095 1531 4169 ridebantur
1557 4115 1636 4186 pos-

87 4219 240 4306 sedisse,
268 4221 309 4288 nt
337 4238 395 4290 000
423 4218 567 4290 Ρο1οο10
594 4218 778 4292 redderent
805 4221 885 4309 post
912 4216 1120 4290 locationem
1139 4218 1330 4289 multarum
1348 4215 1551 4305 civitatum,
1579 4235 1636 4288 ca·

87 4344 243 4411 atrorum
271 4341 306 4410 et
333 4339 516 4427 villarum,
554 4343 589 4410 et
621 4337 912 4410 instaurationem
951 4337 995 4409 01
1020 4335 1257 4429 repellendam
1289 4335 1501 4410 alluvionem
1530 4356 1636 4427 aqua·

86 4482 185 4547 rum,
214 4479 395 4551 aggerum,
425 4458 644 4548 meliorest).
687 4458 772 4550 Quis
800 4459 943 4550 insuper
978 4479 1047 4529 nen
1079 4457 1226 4530 miretur
1259 4456 1430 4549 optimum
1457 4457 1568 4528 Deum
1599 4453 1637 4528 in

87 4578 276 4652 contrariis
304 4579 523 4652 successibus
556 4579 747 4651 contrarios
780 4579 922 4652 effectus
954 4577 1186 4670 produxisse?
1220 4575 1417 4650 Nemeum
1441 4575 1637 4650 Wladislao

88 4700 198 4792 Regi,
225 4698 377 4790 genitori
404 4698 559 4772 moderni
586 4699 759 4771 Karimiri
786 4699 912 4791 Regis,
939 4702 1117 4790 reportare
1143 4697 1186 4770 de
1214 4696 1382 4790 Magistro
1401 4701 1437 4770 et
1455 4695 1583 4770 Ordine
1600 4695 1638 4768 in

89 4841 222 4913 magno
249 4819 396 4910 praelio,
426 4819 462 4890 in
490 4819 546 4892 die
574 4819 769 4892 Diuisionis
797 4819 1063 4910 Apostolorum,
1096 4817 1269 4910 insignem
1297 4821 1332 4890 et
1359 4817 1481 4889 multis
1509 4836 1636 4890 memo·

88 4939 237 5011 randum
264 4939 415 5010 saeculis
442 4939 641 5028 uictoriam,
669 4939 923 5030 universasque
949 4937 1115 5012 Prussiae
1142 4942 1253 5010 terras
1277 4936 1347 5010 sibi
1365 4936 1536 5012 subiicere
1555 4956 1635 5010 eon·

204 5229 227 5309 ¹)
250 5230 339 5292 corda
369 5229 495 5289 omnium
524 5227 638 5290 laetitia
665 5235 695 5290 01
716 5229 825 5307 gaudio
854 5229 986 5308 perfudit
1016 5223 1093 5293 Coa.
1117 5227 1226 5292 Praaa.
1262 5225 1285 5310 ¹)
1315 5231 1426 5293 0001001
1456 5233 1534 5296 enin
1565 5227 1644 5294 cac.

94 5330 186 5396 Calc.
210 5326 549 5412 811000101100011101.
574 5329 666 5413 Dipo.
699 5329 1111 5412 4100011100111101.Ρο000.
1142 5328 1644 5417 1)000001(3001010101)ιο0-

90 5439 208 5498 liorum.
231 5432 294 5499 Ea.
317 5431 407 5517 Lipe.

121 5587 145 5632 1.
159 5584 259 5638 nrum.
271 5584 361 5626 maer.
373 5585 453 5628 aaron.
466 5585 491 5626 u.
505 5586 534 5629 0.
1433 5571 1469 5632 82
