4046 6278
94 579 164 683 (Α.
183 580 228 657 D.
249 581 376 681 1460.)
611 605 724 659 orsus
749 603 995 659 ooonuonrus
1022 587 1136 675 (11111).
1571 585 1644 660 441
1746 683 1749 692 .

93 790 203 864 etiam
230 790 549 884 Marieubnrgensis
583 790 756 864 transitus
789 790 1020 884 negligendus
1053 793 1183 865 luerat:
1220 792 1322 866 facile
1355 792 1461 866 etiam
1489 795 1531 868 ab
1560 794 1648 888 ipsis

94 915 275 985 tantorum
302 911 559 985 commodorum
587 911 677 984 ratio
706 916 870 1002 suscepta
897 916 960 984 est.
991 911 1092 984 Omni
1121 912 1240 1005 itaque
1267 917 1446 1005 respectu,
1476 914 1569 987 omni
1592 934 1647 988 co·

93 1036 199 1120 natu,
227 1031 429 1104 Karimirus
458 1031 625 1104 Poloniae
652 1030 744 1118 Rex,
774 1031 875 1103 iuxta
894 1031 929 1103 id
949 1031 1219 1105 saluberrimum
1247 1032 1439 1122 decretum,
1469 1034 1561 1126 quod
1579 1055 1648 1108 non

93 1157 169 1224 tam
186 1151 322 1225 ratione
340 1151 566 1243 prudentius,
597 1173 700 1244 quam
719 1156 863 1239 eventu,
889 1153 1029 1224 fortuna
1047 1152 1138 1225 illud
1157 1152 1369 1245 prosperiori
1388 1154 1646 1246 comprobante,

94 1271 166 1344 fuit
193 1271 347 1360 felicius,
377 1271 419 1345 ad
447 1271 663 1344 obsidionem
691 1271 905 1363 eleymonos
932 1270 1087 1345 animum
1114 1272 1315 1361 intendens,
1347 1273 1499 1366 primurn
1528 1273 1647 1366 copies

93 1393 386 1466 mercenariorum
407 1391 577 1479 militum,
608 1412 755 1483 qnorum
780 1392 903 1463 ductor
931 1395 1005 1464 erat
1023 1392 1128 1466 Felix
1156 1393 1199 1466 de
1216 1393 1368 1486 Panpou
1387 1394 1475 1467 alias
1495 1394 1649 1484 Scaesni,

93 1511 384 1605 sexingentorum
412 1511 570 1604 equitnm
598 1532 779 1585 numerum
807 1513 992 1603 explentes
1011 1513 1050 1601 1),
1080 1513 1123 1584 ad
1151 1514 1397 1586 maturandum
1426 1519 1461 1586 et
1480 1515 1647 1588 inchoan·

90 1633 179 1706 dum
207 1632 423 1706 obsidionem
451 1631 665 1723 (ihoynicace
692 1631 899 1724 praemittit.
930 1632 997 1724 Qui
1024 1637 1167 1724 propter
1194 1633 1361 1707 maiorem
1388 1634 1553 1708 hostilem
1581 1655 1645 1706 nu·

91 1774 229 1826 merum
256 1753 293 1826 in
321 1751 448 1844 oppido
476 1752 742 1840 consistentem,
772 1751 986 1825 obsidionem
1013 1751 1225 1844 principiare
1244 1775 1313 1826 non
1332 1754 1426 1842 ausi,
1456 1753 1493 1828 in
1512 1755 1646 1828 Tucho·

91 1874 156 1965 lya
183 1893 220 1946 se
246 1879 468 1965 receperunt,
503 1872 611 1945 donec
638 1871 841 1944 Kaaimirus
873 1872 969 1960 Rex,
1003 1872 1158 1945 hostium
1193 1874 1420 1948 multitudine
1454 1875 1647 1964 intellecta,

90 1993 214 2085 copias
241 1992 455 2067 curiensium
470 1991 514 2081 ²),
544 1992 748 2084 praeficiens
776 1991 826 2065 ais
854 1992 891 2064 in
919 1991 1120 2084 capitaneos
1155 1994 1299 2068 Petrum
1328 1995 1447 2068 Dunin
1475 2015 1648 2069 1111111111-

90 2113 227 2187 rarinm
255 2113 574 2187 Sardemiricnsem
593 2119 628 2185 et
647 2112 839 2186 Iohannem
867 2111 1083 2205 Sinoupecz,
1113 2114 1322 2187 transmisit.
1351 2114 1417 2188 Die
1443 2113 1648 2208 1111111111-

91 2233 206 2318 neris,
239 2233 407 2307 vicesima
435 2233 558 2326 quinta
586 2233 672 2306 Inlii
689 2231 733 2323 3),
762 2232 938 2307 exercitus
964 2232 1084 2326 regius
1113 2233 1179 2307 sub
1207 2233 1336 2308 ducato
1354 2235 1386 2325 4)
1413 2236 1649 2327 praelatorum

89 2353 194 2427 Petri
220 2353 340 2426 Duria
367 2359 402 2427 et
428 2353 597 2426 Iohannis
626 2352 841 2445 Sinoupeca,
871 2374 975 2445 quem
1002 2353 1171 2427 Iohannis
1190 2354 1444 2448 archiepiscopi
1464 2355 1644 2429 Gnesnen·

91 2473 149 2547 sis
176 2476 211 2548 et
236 2473 356 2547 Iacobi
382 2472 706 2547 Wlodislaviensis·
721 2472 892 2566 episcopi,
921 2475 1038 2547 Lucae
1057 2474 1324 2564 Posnaniensis,
1354 2475 1564 2569 Sondiucgii
1591 2474 1646 2549 Si·
1770 2515 1772 2519 ,

89 2593 283 2684 radiensis,
322 2594 577 2687 palatinorum,
615 2593 713 2667 Petri
740 2594 782 2667 dc
810 2593 886 2687 Gay
919 2594 1143 2668 certesiensis
1176 2595 1376 2684 castellani,
1409 2595 1579 2669 Iohannis
1606 2595 1648 2669 de

91 2714 298 2806 Rithwpani
330 2715 446 2807 Regni
476 2713 644 2787 Poloniae
676 2715 856 2803 marsalci,
895 2715 1087 2789 familiares
1120 2721 1349 2806 coauxerant,
1387 2736 1430 2788 ex
1464 2699 1663 2809 Ridgcstia'

91 2855 274 2926 egressos,
303 2840 338 2908 et
366 2834 476 2926 copiis
504 2834 635 2908 Felicis
654 2832 743 2907 alias
764 2835 922 2922 Secesni,
952 2835 1243 2911 mercenariorum
1266 2834 1457 2928 capitanei,
1482 2833 1646 2908 coniunc-

93 2961 177 3044 tus,
204 2954 372 3030 uicesima
400 2959 522 3028 octauo
537 2955 568 3045 5)
595 2955 682 3028 Iulii
702 2954 933 3048 Ohopniccum
951 2956 1175 3049 perveniens,
1204 2977 1280 3030 eam
1299 2955 1495 3043 obsidione,
1523 2954 1560 3027 in
1578 2977 1649 3028 uua

92 3076 336 3150 tantummodo
364 3081 479 3168 parte,
509 3075 729 3169 Bidgostiam
757 3097 881 3150 versus
910 3082 1106 3170 spectante,
1136 3077 1294 3150 obsidere
1321 3075 1447 3168 coepit.
1476 3074 1645 3167 11111111-

92 3217 191 3270 mum
219 3195 538 3291 Ohoynicaensibus
566 3217 689 3288 pamm
718 3196 898 3270 credibilis
918 3201 954 3270 et
971 3197 1166 3271 ludibriosa
1184 3196 1262 3270 visa
1289 3201 1359 3283 est;
1388 3195 1472 3268 dum
1490 3215 1572 3269 vero
1591 3215 1644 3269 se·

91 3316 200 3409 pibus
228 3321 263 3390 et
290 3315 449 3403 fossatis,
478 3321 597 3389 contre
625 3317 762 3409 seipsi
793 3317 878 3407 rati,
914 3337 950 3390 se
978 3316 1191 3391 circumduci
1222 3316 1399 3406 uiderent,
1433 3335 1544 3388 ranae
1571 3313 1645 3389 exi·

93 3436 294 3512 etimationi
330 3455 411 3508 vera
439 3435 626 3524 successit,
661 3435 928 3530 bombardisque
956 3441 991 3511 et
1018 3437 1181 3530 operibus
1213 3436 1453 3510 machinarum
1479 3440 1551 3509 tam
1580 3437 1645 3510 trc-

92 3557 218 3650 quonti
244 3555 473 3649 proiectione,
502 3560 538 3628 et
565 3555 608 3628 ad
636 3555 873 3630 dimicandum
901 3557 1163 3650 prouocatione,
1192 3555 1249 3629 usi
1268 3563 1368 3646 sunt,
1392 3561 1434 3629 ut
1451 3576 1515 3630 nec
1532 3559 1645 3644 nocte,

91 3699 159 3752 nec
190 3675 344 3750 interdiu
376 3675 553 3768 quiescere
585 3675 784 3751 obsidentes
817 3677 988 3766 sinerent,
1021 3678 1211 3770 pluresque
1243 3676 1281 3749 in
1312 3675 1387 3751 dies
1418 3677 1461 3750 de
1488 3674 1648 3750 exercitu

93 3798 204 3892 Regis
236 3802 298 3870 ant
333 3795 638 3884 desiderabantur,
668 3801 730 3870 ant
761 3798 1046 3872 uolnerabantur.
1076 3797 1233 3871 Ducibus
1261 3796 1439 3889 copiarum
1466 3797 1568 3869 nulla
1590 3815 1646 3869 ca·

92 3917 286 4011 stipatione
314 3937 412 4006 suos,
441 3938 484 3990 ne
511 3937 548 3990 se
576 3937 713 4010 pugnae
741 3917 950 4006 insererent,
979 3917 1181 3992 ualentibus
1208 3921 1381 3991 auertere:
1409 3917 1543 4008 pudore
1560 3936 1645 4008 quo-

91 4038 176 4111 dam
202 4036 387 4112 concitatis
415 4036 576 4126 Polonis,
606 4038 698 4130 quod
725 4038 835 4110 maior
862 4037 994 4112 inesset
1021 4037 1158 4111 animus
1187 4037 1231 4109 ad
1258 4036 1460 4110 certandum
1480 4034 1645 4124 obsessis,

93 4179 200 4251 quam
228 4156 486 4230 obsidentibus:
516 4156 633 4230 studio
661 4179 798 4250 pugnae
821 4157 972 4246 incensi,
1000 4157 1273 4250 praecipitanter
1290 4156 1468 4229 interdum
1487 4155 1644 4229 fereban-

93 4285 167 4352 tur.
196 4277 407 4352 Iransmisit
433 4277 599 4368 posthaec
625 4277 828 4351 Karimirus
856 4278 934 4351 Rex
962 4277 1155 4352 exercitum
1182 4297 1225 4350 ex
1249 4275 1438 4348 hithuanis
1471 4281 1506 4348 et
1534 4275 1641 4348 Thar-

92 4397 183 4472 taris
210 4401 464 4490 comparatum,
493 4396 594 4470 cuius
613 4397 794 4471 luaschlro
813 4397 1038 4471 Chodkowicu
1053 4398 1086 4488 θ)
1114 4401 1189 4471 erat
1216 4396 1355 4483 ductor,
1384 4395 1429 4467 ad
1451 4393 1644 4488 aagendam

92 4517 310 4610 Ghopnicnae
337 4517 569 4604 obsidionem,
598 4517 642 4590 ad
669 4517 805 4591 subitas
833 4519 1055 4592 obsessorum
1083 4537 1126 4591 ex
1154 4515 1281 4608 oppido
1305 4513 1507 4607 eruptiones
1525 4533 1643 4588 arcen-

93 4634 165 4735 dcsf
193 4641 437 4732 opportunum.
476 4637 519 4709 In
547 4636 672 4710 furiam
700 4641 817 4712 autem
850 4637 1025 4728 quandem
1052 4641 1087 4710 et
1113 4633 1391 4727 desperationem
1418 4634 1555 4722 hostes,
1584 4633 1645 4726 qni

93 4758 361 4845 obsidebantur,
390 4755 499 4845 versi,
533 4756 675 4850 sagittis
703 4777 835 4831 veneno
863 4755 1034 4831 interlitis
1065 4756 1217 4829 Polonos
1249 4753 1478 4847 appetebant,
1506 4753 1643 4846 plnres-

94 4900 164 4972 que
191 4899 235 4952 ex
262 4878 379 4950 toxico
407 4876 656 4950 moriebantur.
685 4875 764 4948 Non
792 4881 909 4952 tamen
937 4897 978 4950 ea
995 4876 1128 4964 clades,
1157 4873 1318 4968 quamvis
1337 4872 1491 4948 crudelis
1510 4877 1547 4948 et
1564 4872 1643 4948 bar·

95 5065 280 5077 m·—

204 5167 227 5249 ¹)
248 5169 373 5230 militum
395 5167 575 5246 explendum
596 5161 660 5228 Ed.
684 5161 775 5248 Dipo.
800 5164 826 5246 ³)
850 5166 1012 5227 aulicorum
1030 5161 1095 5228 Ed.
1110 5161 1203 5248 Dipo.
1220 5162 1247 5244 ⁸)
1262 5164 1374 5226 1111111111
1387 5163 1456 5225 lulli
1471 5159 1534 5225 Ed.
1551 5159 1643 5245 Εὗρε.

96 5271 124 5350 ⁴)
147 5273 203 5334 cub
225 5271 315 5333 ductu
337 5265 515 5351 1311111.
547 5264 575 5350 ⁵)
605 5268 750 5346 vigesima
780 5273 886 5328 octava
915 5267 963 5328 die
993 5263 1056 5330 Ec.
1080 5263 1171 5351 Ltpe.
1202 5264 1230 5347 ⁸)
1259 5265 1377 5330 luscha
1406 5261 1647 5344 cimicem

97 5369 174 5439 Ood.
199 5368 288 5440 octo.

122 5643 462 5696 animamarum.
476 5643 502 5686 1.
1438 5623 1472 5678 ῡ6
