4046 6278
78 531 154 634 (Α.·
167 531 215 608 Ι).
230 530 363 632 lm.)
596 555 710 612 nunno
736 554 982 612 nuonncnrno
1008 538 1124 630 (xm).
1556 529 1630 610 437

76 749 120 820 et
147 751 219 819 tam
245 744 288 818 de
315 745 430 817 castro
457 742 698 837 llaricnburg,
732 764 836 836 quam
863 742 1026 832 caetems,
1058 743 1161 817 iuxta
1188 763 1306 818 eorum
1334 743 1483 818 consilia
1509 761 1632 837 oppor-

81 870 170 942 tune
195 864 436 958 provisurum3
463 865 661 958 neglectum
688 868 886 938 transactae
914 885 1030 938 morae
1056 887 1126 938 non
1153 864 1223 939 sibi
1250 869 1312 938 aut
1338 864 1429 954 suis,
1459 864 1519 938 sed
1547 867 1633 938 tem·

79 987 163 1081 pori
189 985 356 1080 imputari
383 985 522 1074 debere,
551 983 651 1058 cuius
670 983 814 1060 caristia
832 984 907 1058 sine
925 986 1086 1078 exemplo
1105 985 1145 1076 1),
1174 989 1246 1058 tam
1265 984 1500 1072 voluntarios,
1528 1003 1634 1076 quam

83 1107 317 1184 mercenarios
343 1105 494 1195 milites,
523 1125 641 1180 secum
669 1105 707 1178 in
733 1104 957 1199 Marienburg
982 1105 1195 1179 nansituros
1223 1104 1387 1198 (penuria
1413 1103 1506 1179 enim
1532 1103 1634 1198 panis

83 1233 123 1302 et
149 1227 271 1322 pabuli
297 1227 378 1320 plus
407 1225 512 1300 solito
539 1227 670 1319 ubique
697 1224 911 1314 invaluerat)
931 1225 1049 1301 renim
1067 1225 1290 1318 prohibebat:
1320 1225 1484 1300 assiduus
1504 1225 1633 1319 quippe

79 1349 123 1423 in
152 1349 234 1424 anni
260 1348 431 1422 transacti
457 1352 626 1420 autumno
652 1346 818 1422 imbrium
845 1347 1052 1436 descensuS,
1080 1347 1263 1422 inebriatis
1290 1346 1399 1420 nimia
1425 1346 1636 1420 humiditate

79 1475 201 1546 terrae
219 1468 430 1559 viscoribus,
449 1470 702 1544 frumentorum
719 1467 878 1542 universi
895 1469 996 1563 grani
1014 1469 1192 1543 abortivos
1210 1467 1330 1560 potius
1348 1467 1510 1560 proiecit,
1531 1487 1635 1560 quam

80 1591 200 1666 edidit
230 1592 356 1664 foetus.
386 1590 438 1663 Ea
465 1611 528 1682 spe
554 1592 689 1684 legatos
717 1589 898 1682 impletae,
927 1588 1235 1680 principalioribus
1254 1587 1410 1676 donatis,
1438 1587 1634 1676 remittens,

80 1718 123 1786 ot
151 1713 227 1804 ipse
253 1731 345 1784 nona
371 1709 428 1785 die
454 1710 541 1784 Iulii
556 1709 587 1802 2)
615 1731 659 1784 cx
678 1711 868 1803 Brnesccps
895 1731 1071 1803 egressae,
1100 1708 1438 1782 Iuniuladislaviam
1457 1708 1591 1782 decima
1605 1706 1636 1797 3)

81 1833 178 1906 Iulii
207 1831 384 1924 peruenit,
417 1832 615 1926 egressione
646 1852 710 1905 sua
741 1830 873 1904 milites
905 1831 949 1902 ad
981 1830 1242 1904 accelerandum
1275 1833 1355 1922 post
1383 1851 1420 1902 se
1448 1828 1636 1902 transitum

82 1957 268 2028 tracturus
282 1952 326 2042 ⁴).

100 2309 231 2384 llondol
253 2308 436 2398 steinensis
458 2309 554 2380 bocla
576 2308 618 2380 cd
641 2308 834 2380 Karinirnn
856 2307 1007 2380 l’elenine
1029 2307 1147 2398 flegon
1170 2309 1262 2380 ratu
1283 2308 1423 2398 legatio,
1446 2305 1624 2379 culcldlnn

595 2428 789 2518 promittens
811 2430 926 2500 contra
948 2428 1135 2500 duodenos.

196 2674 309 2748 Biduo
325 2675 357 2765 5)
384 2674 501 2748 nuntii
530 2675 674 2750 Henrlci
693 2675 890 2768 Stolpensis
915 2676 1039 2766 Ducis,
1069 2677 1243 2752 Hearicus
1268 2675 1516 2752 Schonoboken
1534 2697 1637 2769 pres-

85 2799 194 2888 byter
219 2800 254 2868 ot
272 2794 441 2868 Nicolaus
474 2796 665 2868 Massouen
679 2797 710 2885 6)
738 2796 856 2884 miles,
890 2799 933 2869 ad
961 2795 1180 2870 Kanimirum
1212 2798 1344 2890 Regem
1359 2797 1390 2886 7)
1420 2797 1513 2889 apud
1540 2796 1638 2870 Iuni·

87 2915 346 2990 wladislaviam
366 2914 534 2989 offensum
553 2917 754 2990 adveniunt.
784 2916 926 2990 Summa
944 2917 1132 3010 legationis
1150 2939 1268 2992 eorum
1286 2919 1371 2991 baec
1389 2921 1478 2992 erat:
1508 2918 1639 2991 Ducem

87 3034 285 3110 Henricum
311 3035 407 3128 regio
434 3035 587 3110 adventu
615 3036 867 3124 exhilaratum,
897 3057 974 3109 oum
1003 3037 1165 3112 omnibus
1192 3037 1267 3111 suis
1289 3037 1458 3131 potentiis
1477 3037 1514 3110 in
1533 3036 1639 3110 armis

87 3177 187 3246 esse,
215 3157 371 3228 laturum
397 3155 503 3248 Regi,
533 3156 608 3230 sive
635 3157 672 3230 in
700 3157 938 3250 Marienburg,
973 3157 1048 3231 sive
1079 3177 1285 3250 quocunque
1312 3158 1401 3232 alias
1430 3156 1528 3248 ierit,
1560 3179 1638 3250 per·

87 3277 230 3352 nonalia
257 3273 441 3364 solatiafll,
470 3275 501 3348 si
529 3285 563 3350 et
590 3277 667 3350 Rex
686 3277 724 3348 in
742 3296 889 3369 persona
918 3277 1038 3366 iverit,
1067 3278 1123 3350 sin
1150 3278 1266 3351 minus
1285 3279 1404 3372 copias
1428 3295 1510 3351 suas
1528 3277 1639 3370 copiis

88 3397 202 3491 regiis
230 3397 266 3470 in
294 3417 428 3470 omnem
456 3417 559 3469 usum
587 3398 849 3472 coniuncturus.
882 3397 988 3471 Orare
1015 3403 1149 3486 tamen,
1179 3405 1219 3472 ut
1246 3399 1277 3472 si
1304 3399 1550 3492 (lboynicaam,
1579 3402 1641 3470 aut

88 3519 193 3592 aliud
220 3517 386 3610 oppidum
412 3517 542 3590 hostile
570 3517 798 3592 obsidendum
825 3519 902 3591 Rex
931 3517 1087 3605 duxerit,
1118 3519 1226 3594 donec
1252 3519 1450 3612 conquirat,
1479 3539 1639 3611 perseue-

88 3645 164 3712 ret:
192 3659 236 3714 no
262 3642 493 3731 consurgente
525 3639 620 3731 regio
654 3639 827 3728 exercitu,
860 3639 936 3731 ipse
964 3645 998 3712 et
1026 3640 1082 3712 sui
1109 3641 1201 3732 apud
1226 3640 1346 3714 hostes
1379 3640 1535 3713 irritatos
1562 3639 1638 3712 red·

89 3761 199 3832 datur
226 3757 399 3832 odibilior.
428 3757 647 3850 Quaerebant
673 3759 812 3846 deinde,
845 3758 929 3852 quid
956 3759 1166 3852 beneplaciti
1193 3761 1281 3853 regii
1310 3762 1414 3849 foret,
1443 3767 1478 3835 et
1505 3781 1550 3832 an
1578 3761 1638 3832 bo·

90 3879 211 3952 stibus
237 3877 468 3970 Ghoynicacm
499 3877 739 3952 detinentibus
771 3880 905 3953 solvere
934 3881 1015 3952 Dux
1043 3881 1217 3954 Henricus
1250 3888 1326 3954 octo
1354 3881 1468 3954 millia
1495 3881 1639 3954 floreno-

90 4021 190 4088 rum,
219 4020 297 4072 cum
326 3996 476 4089 captiuis
504 4018 637 4087 corum,
668 4005 703 4072 et
720 4000 977 4092 possessionem
997 4001 1039 4074 ab
1060 4001 1111 4074 eis
1130 4001 1302 4094 Lemberg
1315 4006 1351 4074 et
1369 4000 1520 4089 Bithou,
1540 4000 1642 4073 iuxta

92 4124 328 4212 compactata,
358 4137 436 4191 cum
464 4117 570 4190 adid
598 4139 739 4192 suorum
759 4120 1011 4209 subiectorum,
1041 4121 1102 4212 qui
1121 4141 1245 4194 aurum
1264 4122 1506 4210 contulerunt,
1535 4120 1640 4192 strin-

90 4244 202 4334 gatur
222 4259 338 4332 prece,
368 4237 582 4330 accipendi),
611 4261 655 4312 au
675 4240 852 4314 continere
871 4261 908 4314 se
927 4241 1068 4328 debeat,
1097 4245 1296 4314 astruentes
1314 4241 1582 4329 continentiam,
1611 4240 1642 4312 si

92 4382 161 4454 per
186 4360 316 4452 Regem
345 4357 539 4451 optabitur,
568 4379 636 4432 nou
664 4380 766 4452 posse
792 4361 869 4434 fieri
896 4362 966 4434 nisi
994 4361 1197 4434 abscissam.
1225 4361 1449 4435 Adiiciebant
1467 4365 1643 4453 postremo

94 4483 136 4556 in
163 4482 246 4568 fine,
275 4479 376 4571 quasi
404 4499 560 4554 sermone
588 4481 840 4572 perluuctorio,
869 4488 910 4553 ut
936 4481 1115 4555 tribuatur
1141 4481 1198 4555 illi
1225 4487 1382 4574 potestas
1409 4501 1472 4574 por
1498 4481 1642 4572 Regem,

95 4606 143 4677 de
170 4601 307 4694 oppidis
340 4599 522 4694 Stargard,
557 4599 751 4692 Obopnioaa
777 4606 812 4675 et
840 4601 1025 4693 quibusvis
1058 4601 1139 4675 aliis
1171 4602 1309 4676 arcibus
1337 4604 1395 4676 vel
1422 4601 1577 4694 oppidis,
1606 4600 1644 4673 in

94 4721 255 4797 hostium
281 4719 415 4795 ditione
442 4720 733 4809 consistentibus,
762 4721 925 4814 pactandi
954 4729 989 4796 et
1007 4723 1044 4795 in
1064 4743 1162 4795 suam
1190 4723 1273 4796 illas
1301 4723 1521 4810 facultatem,
1550 4720 1643 4794 datis

95 4840 272 4938 pecuniis,
301 4840 393 4933 quod
420 4841 619 4934 propediem
637 4841 714 4915 fieri
732 4845 903 4933 speraret,
933 4843 1152 4932 traducendi,
1173 4851 1207 4916 et
1225 4843 1404 4916 traductas
1424 4841 1461 4914 iu
1480 4861 1544 4914 sua
1561 4859 1640 4933 pro·

209 5151 231 5233 ¹)
252 5171 362 5231 magna
383 5171 419 5214 ac
440 5151 650 5231 propemodum
672 5153 737 5214 sine
757 5152 891 5231 exemplo
907 5147 970 5214 Ed.
988 5149 1078 5236 Mpc.
1100 5148 1123 5232 ¹)
1138 5154 1248 5214 mensis
1263 5151 1331 5214 Iulii
1345 5147 1409 5214 Ed.
1425 5146 1516 5234 Lipr.
1533 5148 1560 5226 8)
1575 5149 1645 5212 dno-

98 5259 215 5322 dooima
239 5250 315 5320 coc.
338 5253 448 5319 Prcea.
472 5252 499 5335 ⁴)
522 5259 710 5318 tractaturus.
738 5249 801 5317 Ed.
826 5251 918 5339 Idpa
944 5251 969 5334 ⁵)
997 5255 1037 5316 Hi
1060 5255 1118 5316 dno
1142 5249 1220 5318 coa.
1238 5252 1349 5318 Prata.
1372 5253 1440 5340 Duo
1468 5247 1532 5314 Ed.
1557 5249 1647 5336 Lapa

98 5360 127 5440 6)
149 5361 318 5437 Macaowcy
341 5353 404 5421 Ed.
428 5355 522 5442 Lipa
545 5355 570 5438 ⁷)
593 5359 735 5422 Poloniae
755 5361 868 5436 Regem
890 5355 953 5420 Ed.
977 5354 1068 5441 Lu'pro.
1093 5356 1119 5437 8)
1142 5359 1253 5420 auxilia
1275 5355 1337 5419 Ed.
1361 5354 1451 5439 Ligu.
1468 5351 1497 5436 ⁹)
1512 5357 1647 5434 accipere

97 5483 137 5528 no
158 5459 223 5527 Ed.
246 5459 336 5546 Lipa.
