4052 6286
115 519 183 620 (Α.
203 519 248 595 D.
270 518 397 618 1467.)
630 543 743 596 mnne
769 541 1015 597 nuonsornns
1042 525 1158 614 (xrrr).
1593 521 1666 596 497

116 715 277 821 Quinque
296 728 533 802 Eoolesiensis
552 729 753 822 episeopus,
781 730 933 803 Miohael
961 730 1093 804 Orsnak
1120 729 1161 802 de
1190 728 1287 802 ooth
1306 729 1334 818 ¹)
1371 727 1485 821 Regni
1522 727 1668 823 Hunga·

114 849 189 922 riae
206 849 410 938 Palatinus,
440 851 503 923 Iob
532 850 573 922 de
601 849 709 940 Gara,
742 851 931 925 Ladislaus
958 851 1000 925 ‹le
1028 850 1225 939 Kaniseha,
1260 848 1461 922 Ludovieus
1493 849 1535 921 de
1569 849 1668 922 Wal-

114 970 191 1042 lren
205 967 249 1059 ²),
278 970 437 1044 Andreas
465 969 656 1063 creperi),
685 972 860 1044 Iohannes
880 971 1008 1046 (iiskra
1027 973 1070 1046 (le
1088 971 1256 1059 Brundis,
1275 970 1478 1043 Hardulath
1493 971 1524 1060 ⁴)
1553 977 1588 1044 ot
1607 971 1670 1043 alii

117 1111 222 1182 quam
254 1091 415 1182 plurimi3
450 1091 547 1163 solus
582 1092 757 1165 Iohannes
785 1092 828 1165 <le
855 1092 992 1165 Daroeh
1009 1091 1039 1181 5)
1073 1091 1282 1184 Woyewoda
1313 1092 1593 1183 Transylranus‚
1626 1112 1670 1165 ex

116 1212 325 1301 maioribus,
355 1233 433 1285 oum
460 1211 625 1286 universo
653 1233 717 1285 suo
744 1212 930 1302 eomitatu‚
961 1213 1022 1306 qui
1049 1213 1093 1286 ad
1121 1216 1272 1305 quatuor
1297 1211 1413 1286 millia
1436 1217 1670 1306 pugnatorum

115 1331 369 1406 aestimabatur
391 1333 573 1422 habuisse,
604 1333 740 1408 oooisns
760 1339 795 1408 et
812 1355 925 1426 usque
943 1335 987 1406 ad
1005 1331 1273 1407 intornieionom
1291 1333 1429 1406 deletus
1444 1333 1488 1422 ὓ).
1517 1333 1560 1405 In
1578 1333 1669 1406 Pan·

115 1453 240 1526 nonies
268 1458 386 1526 autem
413 1454 566 1528 Mathias
594 1454 798 1548 Hungariae
816 1455 895 1528 Rex
913 1476 1091 1544 reversus,
1121 1454 1299 1528 Emrioum
1315 1454 1345 1543 7)
1374 1454 1474 1546 Dyak
1496 1454 1669 1546 guberna·
1761 1515 1763 1520 .

115 1577 227 1647 torem
256 1574 325 1647 sibi
351 1574 572 1662 reeoneiliat;
600 1576 937 1667 Transylranisnses
965 1580 1082 1649 autom
1109 1574 1283 1649 militares
1311 1579 1346 1648 et
1373 1574 1484 1664 oiros,
1515 1575 1608 1666 quod
1626 1575 1669 1647 ab

115 1715 156 1767 eo
183 1694 431 1768 dissessissent
458 1699 494 1768 et
519 1694 670 1769 Iohanni
697 1695 824 1770 comiti
856 1717 893 1770 se
925 1696 1188 1784 adiunxissent,
1222 1696 1258 1768 in
1291 1694 1557 1788 quadringentis
1589 1695 1668 1768 mil·

114 1813 211 1888 libus
238 1815 396 1906 florenis,
426 1837 515 1909 quae
542 1816 579 1889 in
607 1837 691 1890 auro
706 1815 738 1907 8)
766 1815 848 1891 dare
875 1817 986 1891 eoaeti
1014 1821 1114 1906 sunt,
1142 1817 1303 1890 mulotat
1341 1816 1396 1888 Ex
1425 1837 1494 1909 qua
1520 1815 1671 1908 peounia

114 1956 246 2009 norum
274 1937 389 2028 eoepit
416 1942 452 2010 ot
478 1938 661 2030 grandom,
696 1957 740 2011 ox
768 1937 966 2012 forensibus
998 1938 1128 2031 magis,
1163 1958 1267 2029 quam
1299 1935 1468 2029 propriis,
1501 1917 1670 2028 apparare

114 2056 326 2130 exereitum:
355 2057 393 2129 in
421 2078 488 2149 quo
516 2058 721 2130 nullatenus
749 2058 876 2130 Poloni
900 2079 938 2132 se
957 2057 1172 2131 militaturos
1199 2057 1421 2147 astruebant,
1451 2057 1482 2130 si
1509 2057 1671 2150 Regnum

112 2175 283 2251 Poloniae
310 2180 372 2249 aut
398 2177 474 2250 eius
502 2179 676 2268 feudales,
709 2182 744 2251 et
772 2179 954 2272 signanter
982 2178 1171 2252 Valaohiao
1204 2199 1316 2269 oram,
1351 2179 1460 2252 vellet
1488 2177 1667 2253 invadere:

112 2295 218 2370 illam
247 2298 339 2372 enim
368 2298 568 2390 suspicione
591 2298 782 2388 sommum,
811 2320 874 2392 pro
901 2301 1112 2394 detergenda
1133 2299 1343 2394 ignominia,
1371 2304 1490 2392 petere
1508 2299 1669 2372 eredeba-

112 2421 193 2518 tur;
222 2423 435 2511 quapropter
462 2419 662 2511 Stephanus
689 2419 886 2493 Moldariae
914 2421 1123 2513 Woyowoda
1150 2420 1393 2513 frequentibus
1416 2420 1552 2493 nuntiis
1572 2423 1606 2493 et
1626 2419 1669 2492 li·

111 2539 219 2628 teris,
248 2539 458 2613 deferendo
486 2539 556 2612 sibi
584 2540 710 2613 solatio
726 2540 771 2630 ⁹),
804 2540 1023 2616 Karimirum
1055 2541 1223 2615 Poloniae
1249 2543 1381 2635 Regem
1408 2540 1669 2633 interpellabat.

111 2896 223 2968 rubr
244 2912 362 2986 magna
386 2897 486 2986 aare
508 2895 612 2967 famer
625 2895 661 2966 in
676 2896 838 2986 plebsque
853 2896 955 2987 ltogni
970 2897 1172 2994 Poloniaoot
1187 2896 1311 2969 alariae
1327 2895 1474 2986 reniero
1490 2898 1670 2986 moratur.

222 3147 347 3219 Annus
374 3145 432 3219 hio
459 3145 496 3218 in
524 3167 643 3220 omnes
671 3147 742 3220 iere
770 3147 945 3240 regiones,
973 3147 1095 3240 Regno
1122 3145 1290 3220 Poloniae
1323 3145 1515 3234 sobieslao,
1545 3145 1605 3220 soll
1632 3144 1670 3218 in

110 3267 294 3360 regionem
321 3266 508 3359 praecipue
536 3266 679 3340 Maioris
711 3267 895 3358 Poloniae,
928 3267 1121 3357 Masoviao,
1154 3265 1306 3340 Russiao
1334 3270 1369 3340 et
1395 3265 1579 3355 Peteliae,
1608 3265 1669 3339 sed

111 3393 152 3462 et
171 3389 208 3462 in
226 3393 360 3482 partem
389 3387 538 3477 Simiae,
567 3388 773 3481 pestiferum
801 3389 988 3482 epidimiae
1014 3388 1114 3462 uirus
1141 3409 1253 3480 usque
1279 3387 1317 3461 in
1340 3387 1544 3461 Ianuarium
1573 3409 1668 3462 mon-

110 3531 191 3582 sem
218 3509 432 3598 diffundens,
461 3510 593 3582 multos
621 3511 786 3584 mortales
814 3510 987 3600 extinxit,
1016 3514 1052 3583 ot
1078 3509 1197 3602 plures
1225 3508 1333 3582 uillas
1356 3513 1392 3582 et
1411 3509 1539 3605 oppida
1557 3507 1595 3580 in
1613 3529 1669 3582 so·

109 3630 304 3704 litudinem
335 3630 482 3724 redegit.
515 3631 685 3703 Annonae
717 3630 863 3723 insuper
894 3630 1023 3704 earitas
1044 3630 1214 3723 regiones
1241 3628 1428 3703 Polonioas
1454 3632 1669 3721 peruaserat,

108 3772 309 3845 pervasore
335 3750 502 3843 amplius,
531 3750 602 3823 nisi
628 3752 749 3844 plures
771 3751 931 3825 hominos
949 3751 1154 3843 pestilentia
1172 3749 1438 3844 absumpsisset.
1467 3750 1552 3822 Eam
1572 3749 1669 3824 insu·

107 3893 180 3964 per
205 3871 396 3945 multitudo
424 3871 575 3945 murium
602 3872 807 3963 adiurabat,
837 3872 898 3965 qui
926 3875 1000 3945 sire
1028 3891 1072 3946 ex
1098 3871 1213 3945 hieme
1240 3871 1355 3945 aalide
1387 3875 1422 3944 et
1453 3870 1561 3960 siena,
1589 3870 1668 3943 unl-

108 3995 171 4066 las
199 3991 299 4066 nives
326 3997 361 4066 ot
387 4013 517 4085 paueos
545 3993 673 4066 imbres
701 3994 884 4082 fundente,
920 3992 995 4067 sire
1027 4013 1072 4067 ex
1099 3991 1368 4066 constellatione
1395 3991 1556 4080 eoelesti,
1585 3991 1670 4065 adeo

112 4113 376 4201 ebulliverant
404 4118 445 4186 ut
472 4113 649 4206 frugibus,
679 4135 768 4206 quae
790 4115 827 4186 in
845 4114 979 4186 horreis
1006 4112 1259 4202 connotantur,
1289 4111 1480 4201 demolitis,
1509 4111 1546 4184 in
1569 4131 1670 4204 agros

107 4235 356 4324 desumerent,
385 4239 420 4308 et
446 4233 614 4308 hiemalia
641 4236 816 4309 frumenta
842 4235 879 4307 in
907 4233 1091 4328 superlicio
1119 4237 1155 4308 et
1180 4233 1297 4308 radios
1324 4233 1492 4306 delerent.

226 4524 248 4607 ι)
275 4527 375 4590 Ossak
397 4529 435 4590 de
457 4527 553 4589 Gruth
575 4525 639 4590 Ed.
663 4524 754 4611 Lipa.
781 4524 808 4612 ⁹)
831 4529 969 4590 Wallrow
994 4523 1071 4591 Coo.
1095 4525 1204 4592 Przez.
1229 4526 1254 4606 ³)
1278 4526 1376 4605 Guper
1389 4523 1454 4588 Eo.
1471 4521 1563 4609 ripa.
1579 4524 1668 4604 (Obu-

107 4626 197 4714 por).
220 4627 247 4711 ⁴)
269 4631 435 4693 Harduletb
460 4625 537 4694 Cori.
561 4628 672 4694 Praez.
695 4628 720 4711 θ)
746 4631 863 4694 Gorooh
887 4626 963 4694 Coa.
986 4629 1096 4694 Praez.
1114 4629 1141 4712 ὅ)
1157 4632 1271 4693 deletus
1287 4636 1341 4692 est
1357 4626 1420 4694 Ed.
1436 4627 1526 4714 Dipo.
1544 4627 1569 4710 7)
1586 4631 1666 4691 Hen-

107 4737 210 4798 rioum
232 4730 297 4797 Eo.
320 4731 413 4818 Lipe
438 4733 465 4816 ⁸)
487 4737 519 4796 in
541 4753 613 4798 auro
635 4740 739 4814 parato
761 4731 825 4799 Eo.
848 4731 939 4820 Dipo.
963 4732 989 4816 ⁰)
1010 4736 1122 4798 auxilio
1143 4731 1209 4803 Ed.
1233 4731 1328 4818 Ls‘pa

139 5617 165 5672 J.
179 5616 279 5680 Dionos.
292 5619 382 5672 illm
393 5621 476 5670 Ροιω.
488 5619 515 5668 u.
528 5620 557 5670 V.
