4082 6284
87 547 147 652 (Α.
166 551 211 625 b.
230 551 343 651 leat.)
590 579 702 631 arana
728 579 972 633 nuonnenrue
1000 563 1114 652 (xm).
1547 565 1618 638 331

85 765 134 834 tas
160 780 241 832 snae
267 759 358 832 circa
393 761 526 833 Pucslri
555 763 695 834 bierunt
722 762 764 834 de
791 784 896 836 mann
923 764 1145 838 visitatorum
1165 767 1193 854 1)
1220 768 1346 858 erepti:
1380 768 1505 842 abinde
1538 791 1619 843 vero

85 878 250 953 llartinns
276 879 378 952 Prior
405 881 448 952 ad
466 878 674 973 Magistrum
692 881 858 955 Pruesiae
876 883 913 954 in
933 883 1112 978 Kinsberg
1130 905 1167 958 sc
1186 887 1383 975 conferens,
1404 889 1516 962 David
1536 909 1618 963 vero

84 1019 200 1074 versus
226 997 342 1072 Lubilr
357 999 388 1089 ²)
416 1000 609 1089 divertens,
637 1007 785 1094 uterque
811 1022 873 1094 per
900 1003 1112 1094 apostasiam
1139 1006 1269 1079 carceri
1297 1029 1334 1081 se
1361 1007 1550 1082 subtraxit.

120 1327 296 1400 hanina
317 1328 387 1400 llax
409 1328 450 1401 a
471 1331 581 1400 cutio
603 1327 780 1402 ammian
802 1329 966 1416 abactae,
988 1331 1024 1402 in
1046 1331 1216 1404 rubentia
1238 1333 1339 1406 vulla
1361 1334 1581 1424 legationibus

345 1452 474 1538 tanpna
495 1449 576 1522 terit
597 1450 632 1522 in
654 1449 873 1522 mavortiam
895 1449 1006 1524 llovaa
1028 1451 1181 1524 bulcus
1202 1450 1350 1526 Korama.

181 1697 342 1768 Castrum
369 1691 580 1782 Brodniena,
609 1717 687 1768 cnm
715 1716 799 1768 eura
816 1699 853 1770 et
870 1695 996 1788 vigilie
1021 1696 1178 1770 hostium
1204 1697 1374 1772 immensa
1391 1703 1567 1774 constaret
1584 1701 1622 1774 in

82 1837 220 1894 coronae
247 1816 384 1888 modum
418 1817 556 1906 septum
589 1833 682 1903 esse,
715 1820 750 1887 et
783 1815 948 1902 sedendo,
981 1820 1124 1907 propter
1154 1817 1367 1907 paucitatem
1399 1818 1619 1907 victualium,

82 1934 270 2029 expugnari
297 1953 415 2026 posse:
445 1933 536 2007 nihil
564 1939 683 2008 tamen
711 1935 865 2008 salutare
878 1955 941 2026 pro
959 1935 1060 2008 illins
1079 1936 1296 2025 defensione,
1325 1937 1486 2029 quamvis
1505 1938 1619 2012 immi-

81 2078 160 2130 nens
178 2053 374 2147 periculum
392 2055 523 2147 Regem
542 2059 577 2128 ct
595 2054 817 2128 consiliarios
834 2077 903 2128 non
922 2055 1064 2144 lateret,
1093 2055 1352 2146 providebatur.
1381 2057 1509 2130 Patrne
1529 2058 1621 2132 cuim

80 2175 193 2248 Ilunin
225 2193 304 2248 cum
335 2174 499 2266 gentibus
533 2173 608 2246 suis
640 2192 762 2265 param
795 2174 936 2248 validus
968 2179 1059 2264 crat,
1092 2175 1153 2267 qui
1185 2195 1222 2248 ee
1249 2181 1437 2268 opponeret
1452 2175 1483 2266 ³)
1510 2177 1617 2267 boati,

81 2295 304 2368 Broinieaam
331 2297 408 2366 tuto
436 2294 473 2367 in
500 2293 627 2386 oppido
655 2299 690 2368 et
717 2293 754 2368 in
781 2294 894 2368 baetis
927 2294 1119 2384 obsidenti3
1151 2295 1386 2370 universalem
1413 2300 1530 2369 antem
1558 2318 1618 2370 en·

79 2416 287 2508 petitionem
313 2413 428 2507 Regni
453 2413 638 2488 hibernam
666 2418 803 2505 tempus
830 2414 1048 2505 prohibebat.
1084 2415 1163 2488 Rex
1189 2413 1310 2507 itaquo
1324 2416 1356 2504 ⁴)
1385 2415 1473 2490 uatis
1500 2416 1618 2490 tristis

81 2541 114 2610 et
136 2534 389 2628 gemebundus,
418 2538 585 2607 autumno
613 2534 706 2625 apud
732 2533 898 2609 Maiorem
924 2534 1108 2608 Poloniam
1134 2538 1274 2621 exacto,
1304 2534 1392 2608 feria
1414 2534 1519 2608 tertia
1537 2541 1620 2610 anta

80 2660 202 2730 festum
240 2653 388 2728 Sanctae
424 2653 624 2742 Elisabeth,
662 2653 699 2726 iu
731 2654 890 2726 Schatek
925 2653 1148 2746 perveniens,
1187 2653 1313 2728 exinde
1347 2675 1411 2748 per
1441 2655 1619 2744 Wolborn,

79 2774 277 2861 Obancaini,
306 2777 512 2864 caeteraque
538 2773 645 2846 solita
671 2773 762 2860 loca,
791 2789 854 2864 pro
882 2773 938 2846 dic
965 2773 1146 2847 Dominico
1175 2774 1296 2848 Sancti
1322 2774 1478 2863 Nicolei,
1507 2775 1551 2848 ad
1569 2779 1619 2850 a·

79 2897 220 2970 nondam
248 2893 528 2980 conventionem,
560 2893 595 2966 N
597 2913 697 2966 ovam
724 2891 911 2970 Civitatem
933 2893 1086 2968 Korcaln
1101 2893 1132 2982 l)
1159 2895 1331 2985 pervenit.
1364 2894 1436 2968 Ubi
1463 2895 1619 2968 multifa-

78 3015 145 3088 riae
172 3013 367 3108 legationes
394 3012 641 3086 nonnullorum
669 3011 888 3104 Principum,
916 3013 1068 3104 primum
1095 3017 1211 3086 autem
1239 3015 1347 3106 legati
1370 3013 1530 3107 Elcaigeri
1547 3015 1618 3087 Im-

78 3135 244 3226 peratoris
271 3134 533 3218 Thartarornm,
563 3131 623 3222 qni
651 3131 781 3203 dudum
808 3132 1020 3205 advenerant
1047 3137 1082 3205 et
1108 3133 1201 3224 apud
1229 3133 1362 3206 Radonr
1390 3133 1614 3206 contineban-

79 3261 148 3345 tur,
184 3254 299 3327 auditi
336 3257 430 3326 sunt.
469 3253 536 3344 Qui
567 3253 698 3324 camelo
730 3273 816 3340 unc,
852 3252 999 3343 puniceo
1034 3274 1149 3344 panno
1177 3252 1323 3340 vestito,
1362 3252 1447 3325 item
1483 3253 1620 3344 aliquot

78 3375 273 3468 insignibus
291 3373 474 3466 purpuris,
502 3371 592 3464 Regi
606 3372 639 3460 θ)
665 3372 914 3462 praesentatis,
943 3371 1134 3445 offerebant
1158 3371 1338 3444 Gaesarem
1357 3371 1400 3442 ad
1420 3393 1538 3445 omncs
1557 3393 1617 3445 en·

77 3496 269 3588 petitiones
297 3499 332 3566 st
358 3494 468 3580 bella,
496 3513 575 3564 cum
598 3491 863 3582 quibuscunque
881 3492 1043 3564 hostibus
1061 3491 1227 3583 gerenda,
1258 3491 1386 3563 solatia
1400 3490 1431 3580 7)
1458 3491 1548 3585 Regi
1567 3494 1618 3565 la·

78 3621 207 3702 turum3
236 3635 315 3686 cum
342 3614 438 3704 Rege
466 3631 604 3702 quoque
631 3616 666 3682 et
693 3611 853 3684 omnibus
881 3611 985 3683 terris
1012 3610 1252 3683 Dominiorum
1276 3631 1419 3682 suornm
1448 3611 1617 3685 sinceram

77 3756 192 3827 pacem
221 3739 459 3819 servaturum,
489 3736 523 3804 et
551 3730 666 3802 omnia
692 3729 729 3802 in
757 3730 859 3802 amici
887 3730 1002 3803 fidelis
1033 3751 1161 3802 morem
1189 3734 1386 3822 gesturum,
1418 3750 1481 3801 nec
1509 3730 1616 3821 impe·

77 3855 221 3928 titnrum
250 3851 448 3939 Pedalium,
481 3871 544 3922 nec
575 3855 857 3942 expugnaturum
883 3850 1142 3943 Kampcnyeca,
1176 3847 1269 3942 qnod
1300 3848 1470 3922 Litbuani
1497 3851 1616 3923 crebro

77 3975 118 4052 ab
144 3996 183 4048 co
210 3994 273 4065 per
300 3970 512 4044 multifarios
539 3969 683 4041 nuntios
710 3970 954 4060 deposcebant.
983 3969 1229 4044 Commendata
1257 3968 1414 4042 (laeseris
1434 3968 1618 4042 devotione

78 4113 235 4187 argaeo,
265 4090 445 4183 respondit
471 4091 549 4163 Rex
564 4089 612 4178 Β);
642 4089 820 4162 Caesarem
849 4090 1010 4177 solerter,
1042 4089 1081 4162 in
1108 4089 1288 4162 abnuendo
1321 4087 1537 4180 precationes
1564 4093 1615 4160 te-

77 4213 239 4291 merariae
266 4212 537 4297 Lithuanorum,
567 4208 696 4302 egisse:
725 4229 803 4281 cum
831 4208 923 4280 nihil
949 4209 1038 4282 iuris
1056 4207 1244 4282 Lithnanis
1263 4207 1301 4280 in
1318 4206 1486 4280 Podoliae
1507 4213 1618 4280 terras

77 4337 262 4425 competat,
291 4337 326 4406 et
352 4352 406 4417 ee,
435 4330 535 4402 velut
560 4328 745 4420 utrimque
777 4326 930 4400 Dominii
962 4327 1176 4422 Principem,
1210 4326 1366 4420 litigium
1397 4326 1473 4399 iure
1498 4327 1618 4417 potius

78 4472 176 4544 quam
208 4452 315 4525 armis
348 4449 618 4540 dirempturum
652 4452 899 4538 expeteraque,
932 4452 973 4519 nt
999 4447 1036 4518 in
1064 4468 1104 4520 aa
1134 4446 1319 4521 devotione
1354 4449 1390 4520 el
1417 4445 1619 4520 sinceritate

77 4573 197 4648 Caesar
224 4572 435 4656 consistere,
464 4569 508 4642 ad
534 4567 712 4641 ferendum
741 4566 846 4659 Regi,
875 4565 1032 4659 gentiam
1059 4565 1232 4654 subsidia,
1261 4565 1344 4638 dum
1363 4565 1521 4638 avisatus
1541 4566 1614 4638 fue-

76 4693 136 4782 rit,
164 4715 201 4766 se
228 4695 422 4783 praeparet.
451 4687 623 4762 Remissia
651 4707 787 4779 quoquc
815 4685 954 4758 Caesari
980 4685 1087 4779 regiis
1115 4686 1232 4774 donis,
1261 4689 1296 4758 et
1314 4685 1506 4758 muneratis
1525 4705 1615 4756 nuu-

78 4811 138 4884 tiis
170 4818 276 4904 atquc
307 4809 521 4897 licentiatis,
558 4808 736 4879 Boruutha
771 4807 963 4879 Marealcue
1001 4809 1037 4878 ot
1063 4805 1165 4878 Icnili
1180 4805 1210 4895 9)
1243 4806 1476 4878 Bohemerum
1508 4803 1617 4895 Regis

180 5119 205 5198 ¹)
226 5120 429 5184 insidiatorum
452 5111 516 5178 Ed.
540 5113 634 5197 Ilipa.
659 5112 685 5193 ⁹)
706 5114 813 5175 Lubek
833 5108 909 5176 Cori.
932 5109 1041 5176 Prata.
1062 5112 1183 5188 Lublng
1204 5107 1268 5172 Ea.
1291 5109 1384 5192 Lipe.
1409 5109 1434 5188 ³)
1458 5109 1509 5184 qui
1529 5125 1617 5186 expo·

76 5215 191 5286 noratur
212 5221 275 5286 Ed.
298 5220 390 5303 nepa.
415 5217 442 5298 ⁴)
464 5221 529 5282 Rex
549 5220 651 5294 itaque
673 5217 834 5279 (larimirus
856 5209 919 5278 Ed.
943 5213 1032 5298 Lipa
1057 5213 1083 5293 ⁵)
1105 5215 1221 5276 Novam
1243 5214 1399 5276 civitatem
1421 5211 1550 5272 Koreain
1567 5207 1617 5272 ale·

76 5335 148 5388 caat
167 5326 205 5390 ia
228 5321 304 5389 Old.
329 5320 418 5388 Calo.
441 5321 467 5400 ⁶)
490 5322 566 5398 Regi
588 5321 732 5382 llarimlro
754 5315 817 5384 lla.
839 5317 930 5400 Lipa.
955 5316 981 5396 ⁷)
1003 5318 1114 5378 auxilia
1136 5313 1201 5380 Ed.
1224 5313 1317 5399 Lipr.
1335 5314 1360 5392 ⁸)
1377 5313 1538 5378 casimiro·
1553 5311 1618 5374 Rex

78 5425 137 5492 Ed.
159 5427 251 5512 Lipa.
276 5424 304 5509 ⁹)
328 5427 437 5489 Gicnik
461 5421 537 5489 Cod.
561 5420 670 5494 laesa
1586 5428 1588 5432 ’
