<?xml version="1.0" encoding="UTF-8"?>
<!DOCTYPE html PUBLIC "-//W3C//DTD XHTML 1.0 Transitional//EN"
    "http://www.w3.org/TR/xhtml1/DTD/xhtml1-transitional.dtd">
<html xmlns="http://www.w3.org/1999/xhtml" xml:lang="en" lang="en">
 <head>
  <title>
</title>
<meta http-equiv="Content-Type" content="text/html;charset=utf-8" />
  <meta name='ocr-system' content='tesseract 3.04.00' />
  <meta name='ocr-capabilities' content='ocr_page ocr_carea ocr_par ocr_line ocrx_word'/>
</head>
<body>
  <div class='ocr_page' id='page_1' title='image "./operaomnia06paulgoog_0175.png"; bbox 0 0 4152 6270; ppageno 0'>
   <div class='ocr_carea' id='block_1_1' title="bbox 111 536 1645 638">
    <p class='ocr_par' dir='ltr' id='par_1_1' title="bbox 111 536 1645 638">
     <span class='ocr_line' id='line_1_1' title="bbox 111 536 1645 638; baseline 0.009 -28"><span class='ocrx_word' id='word_1_1' title='bbox 111 536 173 638; x_wconf 88' lang='grc' dir='ltr'>(Α.</span> <span class='ocrx_word' id='word_1_2' title='bbox 193 537 237 612; x_wconf 89' lang='lat' dir='ltr'>D.</span> <span class='ocrx_word' id='word_1_3' title='bbox 258 537 384 638; x_wconf 79' lang='grc'><strong>1454.)</strong></span> <span class='ocrx_word' id='word_1_4' title='bbox 616 566 728 617; x_wconf 77' lang='lat' dir='ltr'>nmen</span> <span class='ocrx_word' id='word_1_5' title='bbox 754 565 997 619; x_wconf 85' lang='lat' dir='ltr'>nuonncvmus</span> <span class='ocrx_word' id='word_1_6' title='bbox 1025 549 1139 638; x_wconf 86' lang='grc'><strong>(11111).</strong></span> <span class='ocrx_word' id='word_1_7' title='bbox 1525 565 1533 591; x_wconf 82' lang='grc'><strong><em>·</em></strong></span> <span class='ocrx_word' id='word_1_8' title='bbox 1573 553 1645 624; x_wconf 90' lang='grc'>163</span> 
     </span>
    </p>
   </div>
   <div class='ocr_carea' id='block_1_2' title="bbox 105 749 1646 2064">
    <p class='ocr_par' dir='ltr' id='par_1_2' title="bbox 105 749 1646 2064">
     <span class='ocr_line' id='line_1_2' title="bbox 112 749 1642 847; baseline 0.008 -27"><span class='ocrx_word' id='word_1_9' title='bbox 112 754 228 839; x_wconf 73' lang='grc'><strong>,11161</strong></span> <span class='ocrx_word' id='word_1_10' title='bbox 258 750 318 822; x_wconf 91' lang='lat' dir='ltr'>sed</span> <span class='ocrx_word' id='word_1_11' title='bbox 345 749 481 844; x_wconf 90' lang='lat' dir='ltr'>legibus</span> <span class='ocrx_word' id='word_1_12' title='bbox 509 751 639 826; x_wconf 90' lang='lat' dir='ltr'>divinis</span> <span class='ocrx_word' id='word_1_13' title='bbox 667 757 702 826; x_wconf 93' lang='lat' dir='ltr'>et</span> <span class='ocrx_word' id='word_1_14' title='bbox 728 755 890 826; x_wconf 89' lang='lat' dir='ltr'>humanis</span> <span class='ocrx_word' id='word_1_15' title='bbox 918 754 1049 844; x_wconf 85' lang='lat' dir='ltr'>innixi,</span> <span class='ocrx_word' id='word_1_16' title='bbox 1079 777 1167 847; x_wconf 88' lang='lat' dir='ltr'>quae</span> <span class='ocrx_word' id='word_1_17' title='bbox 1194 756 1338 829; x_wconf 90' lang='lat' dir='ltr'>iniustis</span> <span class='ocrx_word' id='word_1_18' title='bbox 1366 759 1541 846; x_wconf 85' lang='lat' dir='ltr'>Dominis,</span> <span class='ocrx_word' id='word_1_19' title='bbox 1571 781 1642 834; x_wconf 87' lang='grc'><strong>666-</strong></span> 
     </span>
     <span class='ocr_line' id='line_1_3' title="bbox 112 872 1644 967; baseline 0.007 -24"><span class='ocrx_word' id='word_1_20' title='bbox 112 872 187 960; x_wconf 89' lang='lat' dir='ltr'>,lns</span> <span class='ocrx_word' id='word_1_21' title='bbox 216 875 250 943; x_wconf 92' lang='lat' dir='ltr'>et</span> <span class='ocrx_word' id='word_1_22' title='bbox 277 873 374 944; x_wconf 88' lang='grc'><strong>661116</strong></span> <span class='ocrx_word' id='word_1_23' title='bbox 402 873 602 964; x_wconf 80' lang='lat' dir='ltr'>agentibus,</span> <span class='ocrx_word' id='word_1_24' title='bbox 631 876 833 947; x_wconf 89' lang='lat' dir='ltr'>nullatenus</span> <span class='ocrx_word' id='word_1_25' title='bbox 853 877 1043 967; x_wconf 89' lang='lat' dir='ltr'>parendum</span> <span class='ocrx_word' id='word_1_26' title='bbox 1063 877 1268 967; x_wconf 88' lang='lat' dir='ltr'>decernunt,</span> <span class='ocrx_word' id='word_1_27' title='bbox 1294 879 1491 952; x_wconf 90' lang='lat' dir='ltr'>obedientia</span> <span class='ocrx_word' id='word_1_28' title='bbox 1511 886 1545 954; x_wconf 94' lang='grc'>61</span> <span class='ocrx_word' id='word_1_29' title='bbox 1564 883 1644 954; x_wconf 88' lang='grc'><strong>6111-</strong></span> 
     </span>
     <span class='ocr_line' id='line_1_4' title="bbox 111 993 1646 1094; baseline 0.007 -29"><span class='ocrx_word' id='word_1_30' title='bbox 111 993 278 1083; x_wconf 88' lang='grc'><strong>,16611666</strong></span> <span class='ocrx_word' id='word_1_31' title='bbox 298 995 324 1084; x_wconf 83' lang='grc'>1)</span> <span class='ocrx_word' id='word_1_32' title='bbox 357 995 524 1088; x_wconf 86' lang='lat' dir='ltr'>Magistro</span> <span class='ocrx_word' id='word_1_33' title='bbox 557 999 591 1069; x_wconf 91' lang='lat' dir='ltr'>et</span> <span class='ocrx_word' id='word_1_34' title='bbox 619 995 739 1069; x_wconf 90' lang='lat' dir='ltr'>Ordini</span> <span class='ocrx_word' id='word_1_35' title='bbox 777 998 971 1086; x_wconf 90' lang='lat' dir='ltr'>subtracta,</span> <span class='ocrx_word' id='word_1_36' title='bbox 1009 1019 1071 1070; x_wconf 91' lang='lat' dir='ltr'>nos</span> <span class='ocrx_word' id='word_1_37' title='bbox 1109 1019 1246 1091; x_wconf 89' lang='lat' dir='ltr'>quoque</span> <span class='ocrx_word' id='word_1_38' title='bbox 1283 1020 1345 1091; x_wconf 93' lang='lat' dir='ltr'>per</span> <span class='ocrx_word' id='word_1_39' title='bbox 1380 1002 1583 1094; x_wconf 87' lang='lat' dir='ltr'>magnificos</span> <span class='ocrx_word' id='word_1_40' title='bbox 1611 1009 1646 1076; x_wconf 92' lang='lat' dir='ltr'>et</span> 
     </span>
     <span class='ocr_line' id='line_1_5' title="bbox 110 1116 1645 1216; baseline 0.006 -28"><span class='ocrx_word' id='word_1_41' title='bbox 110 1116 338 1207; x_wconf 75' lang='lat' dir='ltr'>„spectabiles</span> <span class='ocrx_word' id='word_1_42' title='bbox 358 1119 505 1206; x_wconf 81' lang='lat' dir='ltr'>milites,</span> <span class='ocrx_word' id='word_1_43' title='bbox 533 1118 791 1211; x_wconf 84' lang='lat' dir='ltr'>prudentesque</span> <span class='ocrx_word' id='word_1_44' title='bbox 810 1120 921 1210; x_wconf 87' lang='lat' dir='ltr'>viros,</span> <span class='ocrx_word' id='word_1_45' title='bbox 950 1120 1141 1192; x_wconf 88' lang='lat' dir='ltr'>Iohannem</span> <span class='ocrx_word' id='word_1_46' title='bbox 1161 1121 1202 1192; x_wconf 92' lang='lat' dir='ltr'>de</span> <span class='ocrx_word' id='word_1_47' title='bbox 1222 1122 1377 1214; x_wconf 85' lang='lat' dir='ltr'>Baysen,</span> <span class='ocrx_word' id='word_1_48' title='bbox 1408 1123 1645 1216; x_wconf 82' lang='lat' dir='ltr'>Augustinum</span> 
     </span>
     <span class='ocr_line' id='line_1_6' title="bbox 109 1237 1644 1334; baseline 0.007 -26"><span class='ocrx_word' id='word_1_49' title='bbox 109 1238 170 1327; x_wconf 90' lang='lat' dir='ltr'>,de</span> <span class='ocrx_word' id='word_1_50' title='bbox 198 1237 358 1328; x_wconf 85' lang='lat' dir='ltr'>Schevve,</span> <span class='ocrx_word' id='word_1_51' title='bbox 389 1239 585 1313; x_wconf 77' lang='lat' dir='ltr'>Gabrielem</span> <span class='ocrx_word' id='word_1_52' title='bbox 614 1241 655 1313; x_wconf 92' lang='lat' dir='ltr'>de</span> <span class='ocrx_word' id='word_1_53' title='bbox 683 1240 836 1334; x_wconf 80' lang='lat' dir='ltr'>Baysen,</span> <span class='ocrx_word' id='word_1_54' title='bbox 865 1242 1051 1315; x_wconf 77' lang='lat' dir='ltr'>Nicolaum</span> <span class='ocrx_word' id='word_1_55' title='bbox 1074 1242 1116 1315; x_wconf 92' lang='lat' dir='ltr'>de</span> <span class='ocrx_word' id='word_1_56' title='bbox 1140 1243 1320 1315; x_wconf 88' lang='lat' dir='ltr'>Wolkovvo</span> <span class='ocrx_word' id='word_1_57' title='bbox 1337 1241 1368 1332; x_wconf 79' lang='grc'>2)</span> <span class='ocrx_word' id='word_1_58' title='bbox 1396 1244 1547 1318; x_wconf 91' lang='lat' dir='ltr'>iudicem</span> <span class='ocrx_word' id='word_1_59' title='bbox 1566 1245 1644 1319; x_wconf 92' lang='lat' dir='ltr'>Dir-</span> 
     </span>
     <span class='ocr_line' id='line_1_7' title="bbox 108 1360 1645 1455; baseline 0.005 -24"><span class='ocrx_word' id='word_1_60' title='bbox 108 1360 384 1449; x_wconf 71' lang='lat' dir='ltr'>,sclroviensem</span> <span class='ocrx_word' id='word_1_61' title='bbox 404 1363 631 1434; x_wconf 75' lang='lat' dir='ltr'>Laurentium</span> <span class='ocrx_word' id='word_1_62' title='bbox 651 1361 857 1453; x_wconf 76' lang='grc'><strong>1611161663)</strong></span> <span class='ocrx_word' id='word_1_63' title='bbox 885 1364 1120 1451; x_wconf 78' lang='grc'><strong>(1616666616,</strong></span> <span class='ocrx_word' id='word_1_64' title='bbox 1149 1364 1424 1455; x_wconf 79' lang='lat' dir='ltr'>Ruthigerum4)</span> <span class='ocrx_word' id='word_1_65' title='bbox 1453 1366 1495 1438; x_wconf 91' lang='lat' dir='ltr'>de</span> <span class='ocrx_word' id='word_1_66' title='bbox 1514 1367 1645 1442; x_wconf 81' lang='lat' dir='ltr'>Birlren</span> 
     </span>
     <span class='ocr_line' id='line_1_8' title="bbox 107 1481 1643 1578; baseline 0.006 -26"><span class='ocrx_word' id='word_1_67' title='bbox 107 1481 401 1572; x_wconf 71' lang='lat' dir='ltr'>,Thomnensem</span> <span class='ocrx_word' id='word_1_68' title='bbox 422 1483 649 1557; x_wconf 88' lang='lat' dir='ltr'>Laurentium</span> <span class='ocrx_word' id='word_1_69' title='bbox 669 1484 817 1578; x_wconf 92' lang='lat' dir='ltr'>Pilgrim</span> <span class='ocrx_word' id='word_1_70' title='bbox 833 1485 862 1574; x_wconf 83' lang='grc'>5)</span> <span class='ocrx_word' id='word_1_71' title='bbox 890 1485 1153 1578; x_wconf 85' lang='lat' dir='ltr'>Elbingensem,</span> <span class='ocrx_word' id='word_1_72' title='bbox 1181 1487 1422 1577; x_wconf 76' lang='lat' dir='ltr'>proconsules,</span> <span class='ocrx_word' id='word_1_73' title='bbox 1452 1487 1643 1561; x_wconf 89' lang='lat' dir='ltr'>Iohannem</span> 
     </span>
     <span class='ocr_line' id='line_1_9' title="bbox 106 1603 1642 1700; baseline 0.005 -26"><span class='ocrx_word' id='word_1_74' title='bbox 106 1603 214 1692; x_wconf 90' lang='lat' dir='ltr'>,Kall</span> <span class='ocrx_word' id='word_1_75' title='bbox 229 1603 260 1693; x_wconf 78' lang='grc'>6)</span> <span class='ocrx_word' id='word_1_76' title='bbox 293 1605 628 1698; x_wconf 88' lang='lat' dir='ltr'>Brunsbergensem,</span> <span class='ocrx_word' id='word_1_77' title='bbox 663 1607 867 1698; x_wconf 77' lang='lat' dir='ltr'>Gregorium</span> <span class='ocrx_word' id='word_1_78' title='bbox 884 1607 913 1696; x_wconf 81' lang='grc'>7)</span> <span class='ocrx_word' id='word_1_79' title='bbox 947 1607 1068 1680; x_wconf 87' lang='lat' dir='ltr'>Svach</span> <span class='ocrx_word' id='word_1_80' title='bbox 1101 1607 1449 1700; x_wconf 87' lang='lat' dir='ltr'>Krolowgrodensem</span> <span class='ocrx_word' id='word_1_81' title='bbox 1464 1607 1508 1698; x_wconf 79' lang='grc'>8),</span> <span class='ocrx_word' id='word_1_82' title='bbox 1537 1609 1642 1682; x_wconf 90' lang='lat' dir='ltr'>Nico-</span> 
     </span>
     <span class='ocr_line' id='line_1_10' title="bbox 106 1725 1643 1820; baseline 0.005 -24"><span class='ocrx_word' id='word_1_83' title='bbox 106 1725 221 1814; x_wconf 90' lang='lat' dir='ltr'>,laum</span> <span class='ocrx_word' id='word_1_84' title='bbox 253 1726 431 1798; x_wconf 89' lang='lat' dir='ltr'>Rodeman</span> <span class='ocrx_word' id='word_1_85' title='bbox 464 1727 505 1800; x_wconf 92' lang='lat' dir='ltr'>de</span> <span class='ocrx_word' id='word_1_86' title='bbox 533 1728 749 1820; x_wconf 68' lang='lat' dir='ltr'>Knypowl),</span> <span class='ocrx_word' id='word_1_87' title='bbox 780 1729 1012 1801; x_wconf 91' lang='lat' dir='ltr'>Wilhelmum</span> <span class='ocrx_word' id='word_1_88' title='bbox 1044 1729 1172 1801; x_wconf 90' lang='lat' dir='ltr'>Iordan</span> <span class='ocrx_word' id='word_1_89' title='bbox 1203 1727 1353 1801; x_wconf 90' lang='lat' dir='ltr'>militem</span> <span class='ocrx_word' id='word_1_90' title='bbox 1385 1733 1420 1802; x_wconf 92' lang='grc'>61</span> <span class='ocrx_word' id='word_1_91' title='bbox 1452 1731 1643 1804; x_wconf 90' lang='lat' dir='ltr'>Iohannem</span> 
     </span>
     <span class='ocr_line' id='line_1_11' title="bbox 106 1847 1641 1942; baseline 0.004 -24"><span class='ocrx_word' id='word_1_92' title='bbox 106 1847 340 1941; x_wconf 82' lang='lat' dir='ltr'>,liapdeburg</span> <span class='ocrx_word' id='word_1_93' title='bbox 372 1848 606 1942; x_wconf 78' lang='lat' dir='ltr'>Gdanensem,</span> <span class='ocrx_word' id='word_1_94' title='bbox 640 1851 817 1938; x_wconf 91' lang='lat' dir='ltr'>consules,</span> <span class='ocrx_word' id='word_1_95' title='bbox 851 1850 1165 1940; x_wconf 72' lang='lat' dir='ltr'>ambasiatoresw)</span> <span class='ocrx_word' id='word_1_96' title='bbox 1194 1849 1399 1922; x_wconf 90' lang='grc'><strong>6161161166</strong></span> <span class='ocrx_word' id='word_1_97' title='bbox 1432 1872 1530 1939; x_wconf 92' lang='lat' dir='ltr'>suos,</span> <span class='ocrx_word' id='word_1_98' title='bbox 1563 1873 1641 1940; x_wconf 86' lang='lat' dir='ltr'>cum</span> 
     </span>
     <span class='ocr_line' id='line_1_12' title="bbox 105 1969 1644 2064; baseline 0.004 -24"><span class='ocrx_word' id='word_1_99' title='bbox 105 1969 231 2060; x_wconf 88' lang='lat' dir='ltr'>,pleno</span> <span class='ocrx_word' id='word_1_100' title='bbox 259 1971 420 2042; x_wconf 89' lang='lat' dir='ltr'>mandato</span> <span class='ocrx_word' id='word_1_101' title='bbox 450 1975 484 2044; x_wconf 92' lang='lat' dir='ltr'>et</span> <span class='ocrx_word' id='word_1_102' title='bbox 511 1971 686 2063; x_wconf 88' lang='lat' dir='ltr'>legatione</span> <span class='ocrx_word' id='word_1_103' title='bbox 713 1972 756 2043; x_wconf 90' lang='lat' dir='ltr'>ad</span> <span class='ocrx_word' id='word_1_104' title='bbox 784 1993 846 2044; x_wconf 90' lang='lat' dir='ltr'>nos</span> <span class='ocrx_word' id='word_1_105' title='bbox 875 1971 1117 2061; x_wconf 91' lang='lat' dir='ltr'>transmissos,</span> <span class='ocrx_word' id='word_1_106' title='bbox 1155 1970 1256 2044; x_wconf 91' lang='lat' dir='ltr'>novis</span> <span class='ocrx_word' id='word_1_107' title='bbox 1276 1971 1320 2061; x_wconf 90' lang='lat'>¹¹)</span> <span class='ocrx_word' id='word_1_108' title='bbox 1348 1971 1585 2064; x_wconf 84' lang='lat' dir='ltr'>legationibus</span> <span class='ocrx_word' id='word_1_109' title='bbox 1609 1977 1644 2046; x_wconf 92' lang='grc'>61</span> 
     </span>
    </p>
   </div>
   <div class='ocr_carea' id='block_1_3' title="bbox 104 2091 1751 2186">
    <p class='ocr_par' dir='ltr' id='par_1_3' title="bbox 104 2091 1751 2186">
     <span class='ocr_line' id='line_1_13' title="bbox 104 2091 1751 2186; baseline 0.003 -24"><span class='ocrx_word' id='word_1_110' title='bbox 104 2091 286 2183; x_wconf 89' lang='lat' dir='ltr'>,precibus</span> <span class='ocrx_word' id='word_1_111' title='bbox 315 2091 547 2166; x_wconf 88' lang='lat' dir='ltr'>solicitarent:</span> <span class='ocrx_word' id='word_1_112' title='bbox 577 2097 766 2184; x_wconf 89' lang='lat' dir='ltr'>quatenus,</span> <span class='ocrx_word' id='word_1_113' title='bbox 796 2115 865 2166; x_wconf 93' lang='lat' dir='ltr'>non</span> <span class='ocrx_word' id='word_1_114' title='bbox 893 2093 962 2166; x_wconf 91' lang='lat' dir='ltr'>iam</span> <span class='ocrx_word' id='word_1_115' title='bbox 989 2097 1127 2165; x_wconf 91' lang='lat' dir='ltr'>tantum</span> <span class='ocrx_word' id='word_1_116' title='bbox 1155 2115 1272 2166; x_wconf 90' lang='grc'><strong>6611116</strong></span> <span class='ocrx_word' id='word_1_117' title='bbox 1293 2094 1502 2183; x_wconf 85' lang='lat' dir='ltr'>defensioni,</span> <span class='ocrx_word' id='word_1_118' title='bbox 1533 2116 1641 2186; x_wconf 92' lang='lat' dir='ltr'>quan·</span> <span class='ocrx_word' id='word_1_119' title='bbox 1747 2113 1751 2118; x_wconf 87' lang='lat'>·</span> 
     </span>
    </p>
   </div>
   <div class='ocr_carea' id='block_1_4' title="bbox 95 2213 1660 4986">
    <p class='ocr_par' dir='ltr' id='par_1_4' title="bbox 95 2213 1660 4986">
     <span class='ocr_line' id='line_1_14' title="bbox 103 2213 1641 2308; baseline 0.003 -24"><span class='ocrx_word' id='word_1_120' title='bbox 103 2220 198 2301; x_wconf 90' lang='lat' dir='ltr'>,tum</span> <span class='ocrx_word' id='word_1_121' title='bbox 226 2213 471 2306; x_wconf 87' lang='lat' dir='ltr'>gubernationi</span> <span class='ocrx_word' id='word_1_122' title='bbox 503 2219 537 2288; x_wconf 93' lang='lat' dir='ltr'>et</span> <span class='ocrx_word' id='word_1_123' title='bbox 564 2214 727 2308; x_wconf 88' lang='lat' dir='ltr'>regimini</span> <span class='ocrx_word' id='word_1_124' title='bbox 759 2215 938 2302; x_wconf 88' lang='lat' dir='ltr'>insistere,</span> <span class='ocrx_word' id='word_1_125' title='bbox 973 2214 1254 2308; x_wconf 87' lang='lat' dir='ltr'>deditionemque</span> <span class='ocrx_word' id='word_1_126' title='bbox 1288 2237 1420 2307; x_wconf 89' lang='lat' dir='ltr'>eorum,</span> <span class='ocrx_word' id='word_1_127' title='bbox 1456 2216 1641 2289; x_wconf 88' lang='lat' dir='ltr'>subiectio-</span> 
     </span>
     <span class='ocr_line' id='line_1_15' title="bbox 103 2335 1643 2429; baseline 0.003 -23"><span class='ocrx_word' id='word_1_128' title='bbox 103 2356 218 2424; x_wconf 90' lang='grc'><strong>,6661,</strong></span> <span class='ocrx_word' id='word_1_129' title='bbox 247 2335 453 2409; x_wconf 83' lang='grc'><strong>1161116166</strong></span> <span class='ocrx_word' id='word_1_130' title='bbox 481 2340 516 2409; x_wconf 91' lang='grc'>61</span> <span class='ocrx_word' id='word_1_131' title='bbox 542 2341 744 2427; x_wconf 90' lang='lat' dir='ltr'>perpetuam</span> <span class='ocrx_word' id='word_1_132' title='bbox 773 2337 1004 2410; x_wconf 90' lang='lat' dir='ltr'>obedientiam</span> <span class='ocrx_word' id='word_1_133' title='bbox 1024 2335 1080 2427; x_wconf 74' lang='grc'>12),</span> <span class='ocrx_word' id='word_1_134' title='bbox 1110 2359 1214 2429; x_wconf 89' lang='lat' dir='ltr'>quam</span> <span class='ocrx_word' id='word_1_135' title='bbox 1232 2335 1333 2410; x_wconf 89' lang='lat' dir='ltr'>nobis</span> <span class='ocrx_word' id='word_1_136' title='bbox 1353 2359 1415 2410; x_wconf 92' lang='lat' dir='ltr'>suo</span> <span class='ocrx_word' id='word_1_137' title='bbox 1435 2341 1470 2410; x_wconf 93' lang='lat' dir='ltr'>et</span> <span class='ocrx_word' id='word_1_138' title='bbox 1488 2337 1643 2410; x_wconf 90' lang='lat' dir='ltr'>omnium</span> 
     </span>
     <span class='ocr_line' id='line_1_16' title="bbox 103 2455 1642 2550; baseline 0.003 -23"><span class='ocrx_word' id='word_1_139' title='bbox 103 2455 347 2547; x_wconf 78' lang='lat' dir='ltr'>,militarium</span> <span class='ocrx_word' id='word_1_140' title='bbox 376 2456 643 2550; x_wconf 86' lang='lat' dir='ltr'>terrigenarum,</span> <span class='ocrx_word' id='word_1_141' title='bbox 678 2457 807 2531; x_wconf 87' lang='lat' dir='ltr'>civium</span> <span class='ocrx_word' id='word_1_142' title='bbox 836 2464 871 2532; x_wconf 94' lang='lat' dir='ltr'>et</span> <span class='ocrx_word' id='word_1_143' title='bbox 898 2458 1092 2532; x_wconf 89' lang='lat' dir='ltr'>incolarum</span> <span class='ocrx_word' id='word_1_144' title='bbox 1123 2459 1368 2533; x_wconf 88' lang='lat' dir='ltr'>universitatis</span> <span class='ocrx_word' id='word_1_145' title='bbox 1396 2459 1505 2532; x_wconf 91' lang='lat' dir='ltr'>totius</span> <span class='ocrx_word' id='word_1_146' title='bbox 1533 2463 1642 2532; x_wconf 86' lang='grc'><strong>16116-</strong></span> 
     </span>
     <span class='ocr_line' id='line_1_17' title="bbox 102 2577 1640 2674; baseline 0.001 -23"><span class='ocrx_word' id='word_1_147' title='bbox 102 2600 198 2668; x_wconf 90' lang='lat' dir='ltr'>,rum</span> <span class='ocrx_word' id='word_1_148' title='bbox 231 2577 487 2671; x_wconf 88' lang='lat' dir='ltr'>praedictarum</span> <span class='ocrx_word' id='word_1_149' title='bbox 519 2579 719 2654; x_wconf 89' lang='lat' dir='ltr'>nominibus</span> <span class='ocrx_word' id='word_1_150' title='bbox 751 2581 970 2670; x_wconf 90' lang='lat' dir='ltr'>obtulerunt,</span> <span class='ocrx_word' id='word_1_151' title='bbox 1006 2580 1200 2672; x_wconf 87' lang='lat' dir='ltr'>suscipere,</span> <span class='ocrx_word' id='word_1_152' title='bbox 1234 2582 1333 2654; x_wconf 91' lang='lat' dir='ltr'>velut</span> <span class='ocrx_word' id='word_1_153' title='bbox 1360 2581 1558 2674; x_wconf 89' lang='lat' dir='ltr'>legitimus,</span> <span class='ocrx_word' id='word_1_154' title='bbox 1587 2581 1640 2653; x_wconf 92' lang='lat' dir='ltr'>iu·</span> 
     </span>
     <span class='ocr_line' id='line_1_18' title="bbox 101 2701 1640 2794; baseline 0.003 -22"><span class='ocrx_word' id='word_1_155' title='bbox 101 2705 197 2789; x_wconf 86' lang='lat' dir='ltr'>,stus</span> <span class='ocrx_word' id='word_1_156' title='bbox 228 2705 263 2774; x_wconf 92' lang='lat' dir='ltr'>et</span> <span class='ocrx_word' id='word_1_157' title='bbox 289 2721 393 2773; x_wconf 86' lang='lat' dir='ltr'>verus</span> <span class='ocrx_word' id='word_1_158' title='bbox 421 2701 590 2774; x_wconf 85' lang='lat' dir='ltr'>Dominus</span> <span class='ocrx_word' id='word_1_159' title='bbox 618 2703 799 2776; x_wconf 87' lang='lat' dir='ltr'>ethaeros</span> <span class='ocrx_word' id='word_1_160' title='bbox 827 2707 997 2776; x_wconf 88' lang='lat' dir='ltr'>terrarum</span> <span class='ocrx_word' id='word_1_161' title='bbox 1024 2702 1298 2794; x_wconf 87' lang='lat' dir='ltr'>praedictarum,</span> <span class='ocrx_word' id='word_1_162' title='bbox 1333 2723 1373 2775; x_wconf 91' lang='lat' dir='ltr'>ac</span> <span class='ocrx_word' id='word_1_163' title='bbox 1404 2707 1515 2775; x_wconf 92' lang='lat' dir='ltr'>terras</span> <span class='ocrx_word' id='word_1_164' title='bbox 1542 2724 1640 2794; x_wconf 88' lang='lat' dir='ltr'>prae·</span> 
     </span>
     <span class='ocr_line' id='line_1_19' title="bbox 101 2823 1641 2918; baseline 0.004 -26"><span class='ocrx_word' id='word_1_165' title='bbox 101 2823 229 2912; x_wconf 87' lang='lat' dir='ltr'>,fatas,</span> <span class='ocrx_word' id='word_1_166' title='bbox 263 2823 307 2894; x_wconf 88' lang='lat' dir='ltr'>ed</span> <span class='ocrx_word' id='word_1_167' title='bbox 338 2827 497 2895; x_wconf 85' lang='lat' dir='ltr'>naturam</span> <span class='ocrx_word' id='word_1_168' title='bbox 530 2827 565 2896; x_wconf 92' lang='lat' dir='ltr'>et</span> <span class='ocrx_word' id='word_1_169' title='bbox 597 2827 725 2897; x_wconf 90' lang='lat' dir='ltr'>sortem</span> <span class='ocrx_word' id='word_1_170' title='bbox 757 2845 856 2897; x_wconf 90' lang='lat' dir='ltr'>suam</span> <span class='ocrx_word' id='word_1_171' title='bbox 888 2826 1088 2914; x_wconf 87' lang='grc'><strong>1611666166,</strong></span> <span class='ocrx_word' id='word_1_172' title='bbox 1123 2826 1244 2918; x_wconf 89' lang='lat' dir='ltr'>Regno</span> <span class='ocrx_word' id='word_1_173' title='bbox 1276 2824 1460 2914; x_wconf 92' lang='lat' dir='ltr'>Poloniae,</span> <span class='ocrx_word' id='word_1_174' title='bbox 1494 2825 1641 2898; x_wconf 88' lang='lat' dir='ltr'>acnius</span> 
     </span>
     <span class='ocr_line' id='line_1_20' title="bbox 101 2945 1639 3038; baseline 0.002 -23"><span class='ocrx_word' id='word_1_175' title='bbox 101 2965 278 3036; x_wconf 66' lang='lat' dir='ltr'>,corpora</span> <span class='ocrx_word' id='word_1_176' title='bbox 306 2965 397 3016; x_wconf 90' lang='lat' dir='ltr'>nova</span> <span class='ocrx_word' id='word_1_177' title='bbox 425 2948 460 3017; x_wconf 94' lang='grc'>61</span> <span class='ocrx_word' id='word_1_178' title='bbox 485 2945 617 3018; x_wconf 88' lang='lat' dir='ltr'>recenti</span> <span class='ocrx_word' id='word_1_179' title='bbox 644 2946 826 3036; x_wconf 90' lang='lat' dir='ltr'>memoria,</span> <span class='ocrx_word' id='word_1_180' title='bbox 857 2947 1050 3020; x_wconf 89' lang='lat' dir='ltr'>contraius</span> <span class='ocrx_word' id='word_1_181' title='bbox 1070 2948 1192 3038; x_wconf 86' lang='lat' dir='ltr'>fasque</span> <span class='ocrx_word' id='word_1_182' title='bbox 1220 2949 1462 3038; x_wconf 87' lang='lat' dir='ltr'>sequestratae</span> <span class='ocrx_word' id='word_1_183' title='bbox 1490 2947 1639 3037; x_wconf 90' lang='grc'><strong>11161661,</strong></span> 
     </span>
     <span class='ocr_line' id='line_1_21' title="bbox 100 3065 1639 3162; baseline 0.002 -25"><span class='ocrx_word' id='word_1_184' title='bbox 100 3065 356 3158; x_wconf 66' lang='lat' dir='ltr'>,incorporare</span> <span class='ocrx_word' id='word_1_185' title='bbox 385 3065 610 3156; x_wconf 83' lang='lat' dir='ltr'>inviscerare,</span> <span class='ocrx_word' id='word_1_186' title='bbox 640 3068 792 3157; x_wconf 87' lang='lat' dir='ltr'>reunire,</span> <span class='ocrx_word' id='word_1_187' title='bbox 822 3068 1062 3162; x_wconf 88' lang='lat' dir='ltr'>appropriare,</span> <span class='ocrx_word' id='word_1_188' title='bbox 1097 3072 1201 3160; x_wconf 91' lang='lat' dir='ltr'>atque</span> <span class='ocrx_word' id='word_1_189' title='bbox 1229 3068 1427 3140; x_wconf 89' lang='lat' dir='ltr'>consociare</span> <span class='ocrx_word' id='word_1_190' title='bbox 1455 3073 1490 3140; x_wconf 90' lang='lat' dir='ltr'>et</span> <span class='ocrx_word' id='word_1_191' title='bbox 1517 3089 1639 3140; x_wconf 92' lang='lat' dir='ltr'>conso-</span> 
     </span>
     <span class='ocr_line' id='line_1_22' title="bbox 99 3187 1639 3285; baseline 0.003 -28"><span class='ocrx_word' id='word_1_192' title='bbox 99 3187 231 3276; x_wconf 89' lang='lat' dir='ltr'>,lidare</span> <span class='ocrx_word' id='word_1_193' title='bbox 257 3187 497 3285; x_wconf 87' lang='lat' dir='ltr'>dignaremur,</span> <span class='ocrx_word' id='word_1_194' title='bbox 527 3188 673 3261; x_wconf 89' lang='lat' dir='ltr'>alterius</span> <span class='ocrx_word' id='word_1_195' title='bbox 700 3189 942 3280; x_wconf 90' lang='lat' dir='ltr'>Principatum</span> <span class='ocrx_word' id='word_1_196' title='bbox 962 3195 997 3262; x_wconf 92' lang='lat' dir='ltr'>et</span> <span class='ocrx_word' id='word_1_197' title='bbox 1015 3189 1244 3278; x_wconf 89' lang='lat' dir='ltr'>deditionem,</span> <span class='ocrx_word' id='word_1_198' title='bbox 1274 3189 1305 3262; x_wconf 92' lang='grc'>61</span> <span class='ocrx_word' id='word_1_199' title='bbox 1323 3189 1494 3282; x_wconf 87' lang='lat' dir='ltr'>regimen,</span> <span class='ocrx_word' id='word_1_200' title='bbox 1524 3188 1556 3261; x_wconf 92' lang='lat' dir='ltr'>si</span> <span class='ocrx_word' id='word_1_201' title='bbox 1574 3189 1639 3262; x_wconf 91' lang='lat' dir='ltr'>im·</span> 
     </span>
     <span class='ocr_line' id='line_1_23' title="bbox 100 3309 1639 3403; baseline 0.001 -22"><span class='ocrx_word' id='word_1_202' title='bbox 100 3309 272 3400; x_wconf 72' lang='lat' dir='ltr'>,perium</span> <span class='ocrx_word' id='word_1_203' title='bbox 306 3331 376 3381; x_wconf 91' lang='lat' dir='ltr'>non</span> <span class='ocrx_word' id='word_1_204' title='bbox 408 3314 480 3382; x_wconf 92' lang='lat' dir='ltr'>tam</span> <span class='ocrx_word' id='word_1_205' title='bbox 506 3331 569 3401; x_wconf 89' lang='lat' dir='ltr'>per</span> <span class='ocrx_word' id='word_1_206' title='bbox 596 3331 654 3384; x_wconf 90' lang='lat' dir='ltr'>eos</span> <span class='ocrx_word' id='word_1_207' title='bbox 681 3310 781 3383; x_wconf 90' lang='lat' dir='ltr'>nobis</span> <span class='ocrx_word' id='word_1_208' title='bbox 810 3311 981 3400; x_wconf 92' lang='lat' dir='ltr'>delatum,</span> <span class='ocrx_word' id='word_1_209' title='bbox 1016 3333 1120 3403; x_wconf 90' lang='lat' dir='ltr'>quam</span> <span class='ocrx_word' id='word_1_210' title='bbox 1147 3311 1337 3400; x_wconf 88' lang='lat' dir='ltr'>redditum,</span> <span class='ocrx_word' id='word_1_211' title='bbox 1371 3309 1477 3383; x_wconf 89' lang='lat' dir='ltr'>abiici</span> <span class='ocrx_word' id='word_1_212' title='bbox 1505 3309 1639 3382; x_wconf 88' lang='lat' dir='ltr'>contin-</span> 
     </span>
     <span class='ocr_line' id='line_1_24' title="bbox 99 3431 1638 3526; baseline 0.001 -24"><span class='ocrx_word' id='word_1_213' title='bbox 99 3440 233 3523; x_wconf 86' lang='lat' dir='ltr'>,geret,</span> <span class='ocrx_word' id='word_1_214' title='bbox 264 3431 473 3522; x_wconf 91' lang='lat' dir='ltr'>quaesituri:</span> <span class='ocrx_word' id='word_1_215' title='bbox 511 3453 573 3504; x_wconf 88' lang='lat' dir='ltr'>nos</span> <span class='ocrx_word' id='word_1_216' title='bbox 603 3432 782 3524; x_wconf 89' lang='lat' dir='ltr'>superiora</span> <span class='ocrx_word' id='word_1_217' title='bbox 810 3433 1003 3526; x_wconf 88' lang='lat' dir='ltr'>cogitantes</span> <span class='ocrx_word' id='word_1_218' title='bbox 1028 3437 1062 3506; x_wconf 94' lang='lat' dir='ltr'>et</span> <span class='ocrx_word' id='word_1_219' title='bbox 1081 3432 1196 3505; x_wconf 89' lang='lat' dir='ltr'>animo</span> <span class='ocrx_word' id='word_1_220' title='bbox 1214 3433 1450 3505; x_wconf 89' lang='lat' dir='ltr'>relvolventes</span> <span class='ocrx_word' id='word_1_221' title='bbox 1470 3435 1638 3524; x_wconf 91' lang='lat' dir='ltr'>tempora,</span> 
     </span>
     <span class='ocr_line' id='line_1_25' title="bbox 98 3552 1640 3647; baseline 0.003 -23"><span class='ocrx_word' id='word_1_222' title='bbox 98 3552 249 3644; x_wconf 85' lang='lat' dir='ltr'>„quibus</span> <span class='ocrx_word' id='word_1_223' title='bbox 278 3554 468 3626; x_wconf 90' lang='lat' dir='ltr'>nonnullae</span> <span class='ocrx_word' id='word_1_224' title='bbox 496 3576 539 3628; x_wconf 86' lang='lat' dir='ltr'>en</span> <span class='ocrx_word' id='word_1_225' title='bbox 566 3555 670 3627; x_wconf 89' lang='lat' dir='ltr'>terris</span> <span class='ocrx_word' id='word_1_226' title='bbox 698 3555 887 3647; x_wconf 90' lang='lat' dir='ltr'>praedictis</span> <span class='ocrx_word' id='word_1_227' title='bbox 911 3576 973 3647; x_wconf 88' lang='lat' dir='ltr'>per</span> <span class='ocrx_word' id='word_1_228' title='bbox 992 3556 1105 3647; x_wconf 83' lang='lat' dir='ltr'>Reges</span> <span class='ocrx_word' id='word_1_229' title='bbox 1124 3559 1159 3627; x_wconf 90' lang='grc'>61</span> <span class='ocrx_word' id='word_1_230' title='bbox 1177 3553 1360 3646; x_wconf 91' lang='lat' dir='ltr'>Principes</span> <span class='ocrx_word' id='word_1_231' title='bbox 1379 3553 1546 3626; x_wconf 91' lang='lat' dir='ltr'>Poloniae</span> <span class='ocrx_word' id='word_1_232' title='bbox 1564 3553 1640 3628; x_wconf 89' lang='lat' dir='ltr'>iuro</span> 
     </span>
     <span class='ocr_line' id='line_1_26' title="bbox 98 3673 1636 3777; baseline 0 -31"><span class='ocrx_word' id='word_1_233' title='bbox 98 3675 278 3768; x_wconf 91' lang='lat' dir='ltr'>,legitimo</span> <span class='ocrx_word' id='word_1_234' title='bbox 303 3680 338 3747; x_wconf 92' lang='grc'>61</span> <span class='ocrx_word' id='word_1_235' title='bbox 361 3676 592 3748; x_wconf 89' lang='lat' dir='ltr'>haereditario</span> <span class='ocrx_word' id='word_1_236' title='bbox 619 3698 797 3777; x_wconf 85' lang='lat' dir='ltr'>possesse,</span> <span class='ocrx_word' id='word_1_237' title='bbox 830 3677 971 3750; x_wconf 91' lang='lat' dir='ltr'>tandem</span> <span class='ocrx_word' id='word_1_238' title='bbox 1002 3675 1259 3768; x_wconf 89' lang='lat' dir='ltr'>praedecessori</span> <span class='ocrx_word' id='word_1_239' title='bbox 1291 3679 1410 3747; x_wconf 91' lang='lat' dir='ltr'>nostro</span> <span class='ocrx_word' id='word_1_240' title='bbox 1440 3673 1636 3747; x_wconf 90' lang='lat' dir='ltr'>Wladislao</span> 
     </span>
     <span class='ocr_line' id='line_1_27' title="bbox 98 3797 1637 3889; baseline -0.001 -20"><span class='ocrx_word' id='word_1_241' title='bbox 98 3797 208 3889; x_wconf 86' lang='lat' dir='ltr'>,Regi</span> <span class='ocrx_word' id='word_1_242' title='bbox 241 3797 424 3886; x_wconf 89' lang='lat' dir='ltr'>Poloniae,</span> <span class='ocrx_word' id='word_1_243' title='bbox 461 3798 555 3871; x_wconf 91' lang='lat' dir='ltr'>bello</span> <span class='ocrx_word' id='word_1_244' title='bbox 588 3819 666 3871; x_wconf 90' lang='lat' dir='ltr'>oum</span> <span class='ocrx_word' id='word_1_245' title='bbox 698 3798 858 3871; x_wconf 88' lang='lat' dir='ltr'>finitimis</span> <span class='ocrx_word' id='word_1_246' title='bbox 886 3803 921 3872; x_wconf 92' lang='grc'>61</span> <span class='ocrx_word' id='word_1_247' title='bbox 948 3797 1150 3871; x_wconf 85' lang='grc'><strong>1611611166</strong></span> <span class='ocrx_word' id='word_1_248' title='bbox 1183 3803 1366 3889; x_wconf 88' lang='lat' dir='ltr'>occupato,</span> <span class='ocrx_word' id='word_1_249' title='bbox 1400 3797 1437 3868; x_wconf 87' lang='lat' dir='ltr'>vi</span> <span class='ocrx_word' id='word_1_250' title='bbox 1469 3797 1637 3869; x_wconf 89' lang='grc'><strong>61616116</strong></span> 
     </span>
     <span class='ocr_line' id='line_1_28' title="bbox 97 3897 1660 4012; baseline -0.001 -20"><span class='ocrx_word' id='word_1_251' title='bbox 97 3897 177 4010; x_wconf 70' lang='lat' dir='ltr'>,p&#39;er</span> <span class='ocrx_word' id='word_1_252' title='bbox 205 3918 414 4012; x_wconf 89' lang='lat' dir='ltr'>Magistrum</span> <span class='ocrx_word' id='word_1_253' title='bbox 442 3924 477 3993; x_wconf 93' lang='lat' dir='ltr'>et</span> <span class='ocrx_word' id='word_1_254' title='bbox 505 3919 670 3993; x_wconf 87' lang='lat' dir='ltr'>Ordinem</span> <span class='ocrx_word' id='word_1_255' title='bbox 695 3919 859 3994; x_wconf 88' lang='lat' dir='ltr'>Prussiae</span> <span class='ocrx_word' id='word_1_256' title='bbox 878 3920 1089 4008; x_wconf 90' lang='lat' dir='ltr'>abstractae,</span> <span class='ocrx_word' id='word_1_257' title='bbox 1119 3941 1297 4011; x_wconf 90' lang='lat' dir='ltr'>nunquam</span> <span class='ocrx_word' id='word_1_258' title='bbox 1320 3918 1408 3991; x_wconf 89' lang='lat' dir='ltr'>iuris</span> <span class='ocrx_word' id='word_1_259' title='bbox 1428 3922 1463 3992; x_wconf 90' lang='grc'>61</span> <span class='ocrx_word' id='word_1_260' title='bbox 1480 3918 1660 4012; x_wconf 74' lang='lat' dir='ltr'>proprie-¹</span> 
     </span>
     <span class='ocr_line' id='line_1_29' title="bbox 96 4040 1636 4134; baseline 0.001 -23"><span class='ocrx_word' id='word_1_261' title='bbox 96 4040 201 4130; x_wconf 86' lang='lat' dir='ltr'>,tatis</span> <span class='ocrx_word' id='word_1_262' title='bbox 236 4041 349 4134; x_wconf 87' lang='lat' dir='ltr'>Regni</span> <span class='ocrx_word' id='word_1_263' title='bbox 381 4041 493 4114; x_wconf 91' lang='lat' dir='ltr'>nostri</span> <span class='ocrx_word' id='word_1_264' title='bbox 525 4041 691 4114; x_wconf 88' lang='lat' dir='ltr'>Poloniae</span> <span class='ocrx_word' id='word_1_265' title='bbox 719 4063 794 4114; x_wconf 90' lang='lat' dir='ltr'>esse</span> <span class='ocrx_word' id='word_1_266' title='bbox 822 4043 1011 4115; x_wconf 89' lang='lat' dir='ltr'>desierant:</span> <span class='ocrx_word' id='word_1_267' title='bbox 1046 4040 1336 4133; x_wconf 89' lang='lat' dir='ltr'>quemadmodum</span> <span class='ocrx_word' id='word_1_268' title='bbox 1368 4040 1506 4132; x_wconf 91' lang='lat' dir='ltr'>aliquae</span> <span class='ocrx_word' id='word_1_269' title='bbox 1535 4040 1636 4113; x_wconf 86' lang='lat' dir='ltr'>Sedis</span> 
     </span>
     <span class='ocr_line' id='line_1_30' title="bbox 96 4161 1634 4256; baseline -0.001 -23"><span class='ocrx_word' id='word_1_270' title='bbox 96 4162 344 4253; x_wconf 83' lang='lat' dir='ltr'>,Apostolicae</span> <span class='ocrx_word' id='word_1_271' title='bbox 370 4164 632 4256; x_wconf 88' lang='lat' dir='ltr'>Delegatorum,</span> <span class='ocrx_word' id='word_1_272' title='bbox 662 4167 772 4236; x_wconf 88' lang='lat' dir='ltr'>terras</span> <span class='ocrx_word' id='word_1_273' title='bbox 800 4163 896 4255; x_wconf 88' lang='lat' dir='ltr'>ipsas</span> <span class='ocrx_word' id='word_1_274' title='bbox 920 4164 1040 4255; x_wconf 86' lang='lat' dir='ltr'>Regno</span> <span class='ocrx_word' id='word_1_275' title='bbox 1059 4162 1226 4236; x_wconf 89' lang='lat' dir='ltr'>Poloniae</span> <span class='ocrx_word' id='word_1_276' title='bbox 1246 4161 1539 4250; x_wconf 88' lang='lat' dir='ltr'>adiudicantium,</span> <span class='ocrx_word' id='word_1_277' title='bbox 1568 4161 1634 4233; x_wconf 85' lang='lat' dir='ltr'>dif-</span> 
     </span>
     <span class='ocr_line' id='line_1_31' title="bbox 96 4283 1634 4377; baseline 0 -23"><span class='ocrx_word' id='word_1_278' title='bbox 96 4283 276 4371; x_wconf 88' lang='lat' dir='ltr'>,finitivae</span> <span class='ocrx_word' id='word_1_279' title='bbox 304 4285 498 4357; x_wconf 88' lang='lat' dir='ltr'>sententiae</span> <span class='ocrx_word' id='word_1_280' title='bbox 525 4283 707 4357; x_wconf 90' lang='lat' dir='ltr'>infallibili</span> <span class='ocrx_word' id='word_1_281' title='bbox 734 4285 947 4357; x_wconf 91' lang='lat' dir='ltr'>concludunt</span> <span class='ocrx_word' id='word_1_282' title='bbox 979 4288 1200 4377; x_wconf 83' lang='lat' dir='ltr'>argument03</span> <span class='ocrx_word' id='word_1_283' title='bbox 1232 4284 1452 4358; x_wconf 82' lang='lat' dir='ltr'>revolventes</span> <span class='ocrx_word' id='word_1_284' title='bbox 1480 4283 1634 4374; x_wconf 90' lang='lat' dir='ltr'>insuper,</span> 
     </span>
     <span class='ocr_line' id='line_1_32' title="bbox 95 4405 1633 4499; baseline 0.001 -23"><span class='ocrx_word' id='word_1_285' title='bbox 95 4405 323 4498; x_wconf 85' lang='lat' dir='ltr'>,Magistrum</span> <span class='ocrx_word' id='word_1_286' title='bbox 356 4411 390 4480; x_wconf 91' lang='lat' dir='ltr'>et</span> <span class='ocrx_word' id='word_1_287' title='bbox 418 4406 581 4480; x_wconf 88' lang='lat' dir='ltr'>Ordinem</span> <span class='ocrx_word' id='word_1_288' title='bbox 609 4407 773 4484; x_wconf 91' lang='lat' dir='ltr'>Prussiae</span> <span class='ocrx_word' id='word_1_289' title='bbox 801 4429 821 4479; x_wconf 89' lang='lat' dir='ltr'>a</span> <span class='ocrx_word' id='word_1_290' title='bbox 847 4407 1172 4498; x_wconf 89' lang='lat' dir='ltr'>praedecessoribus</span> <span class='ocrx_word' id='word_1_291' title='bbox 1199 4406 1347 4495; x_wconf 88' lang='grc'><strong>6661116,</strong></span> <span class='ocrx_word' id='word_1_292' title='bbox 1377 4405 1549 4499; x_wconf 90' lang='lat' dir='ltr'>quondam</span> <span class='ocrx_word' id='word_1_293' title='bbox 1568 4407 1633 4478; x_wconf 92' lang='lat' dir='ltr'>Po-</span> 
     </span>
     <span class='ocr_line' id='line_1_33' title="bbox 96 4526 1633 4621; baseline 0.001 -24"><span class='ocrx_word' id='word_1_294' title='bbox 96 4527 233 4615; x_wconf 88' lang='lat' dir='ltr'>,loniae</span> <span class='ocrx_word' id='word_1_295' title='bbox 260 4527 483 4620; x_wconf 88' lang='lat' dir='ltr'>Principibus</span> <span class='ocrx_word' id='word_1_296' title='bbox 511 4534 547 4600; x_wconf 93' lang='lat' dir='ltr'>et</span> <span class='ocrx_word' id='word_1_297' title='bbox 573 4527 747 4618; x_wconf 91' lang='lat' dir='ltr'>Dominis,</span> <span class='ocrx_word' id='word_1_298' title='bbox 785 4528 828 4600; x_wconf 89' lang='lat' dir='ltr'>ad</span> <span class='ocrx_word' id='word_1_299' title='bbox 856 4527 1153 4621; x_wconf 87' lang='lat' dir='ltr'>impugnationem</span> <span class='ocrx_word' id='word_1_300' title='bbox 1185 4527 1382 4601; x_wconf 90' lang='lat' dir='ltr'>infidelium</span> <span class='ocrx_word' id='word_1_301' title='bbox 1413 4526 1633 4612; x_wconf 88' lang='lat' dir='ltr'>accersitum,</span> 
     </span>
     <span class='ocr_line' id='line_1_34' title="bbox 95 4647 1633 4744; baseline 0 -25"><span class='ocrx_word' id='word_1_302' title='bbox 95 4647 322 4737; x_wconf 90' lang='lat' dir='ltr'>,institutum</span> <span class='ocrx_word' id='word_1_303' title='bbox 351 4654 384 4722; x_wconf 91' lang='grc'>61</span> <span class='ocrx_word' id='word_1_304' title='bbox 412 4650 585 4739; x_wconf 84' lang='grc'><strong>1161611161,</strong></span> <span class='ocrx_word' id='word_1_305' title='bbox 620 4651 731 4744; x_wconf 90' lang='lat' dir='ltr'>magis</span> <span class='ocrx_word' id='word_1_306' title='bbox 763 4651 936 4740; x_wconf 90' lang='lat' dir='ltr'>fidelium,</span> <span class='ocrx_word' id='word_1_307' title='bbox 970 4655 1005 4724; x_wconf 90' lang='lat' dir='ltr'>et</span> <span class='ocrx_word' id='word_1_308' title='bbox 1032 4649 1238 4743; x_wconf 87' lang='lat' dir='ltr'>praesertim</span> <span class='ocrx_word' id='word_1_309' title='bbox 1260 4651 1384 4723; x_wconf 87' lang='lat' dir='ltr'>horum</span> <span class='ocrx_word' id='word_1_310' title='bbox 1415 4649 1633 4740; x_wconf 90' lang='lat' dir='ltr'>Principum,</span> 
     </span>
     <span class='ocr_line' id='line_1_35' title="bbox 95 4769 1634 4865; baseline -0.001 -23"><span class='ocrx_word' id='word_1_311' title='bbox 95 4791 264 4861; x_wconf 89' lang='lat' dir='ltr'>,quorum</span> <span class='ocrx_word' id='word_1_312' title='bbox 291 4771 456 4844; x_wconf 90' lang='lat' dir='ltr'>beneficio</span> <span class='ocrx_word' id='word_1_313' title='bbox 476 4771 648 4860; x_wconf 90' lang='lat' dir='ltr'>instituti,</span> <span class='ocrx_word' id='word_1_314' title='bbox 679 4773 858 4865; x_wconf 89' lang='lat' dir='ltr'>dotatique</span> <span class='ocrx_word' id='word_1_315' title='bbox 878 4777 991 4862; x_wconf 88' lang='lat' dir='ltr'>erant,</span> <span class='ocrx_word' id='word_1_316' title='bbox 1021 4794 1124 4865; x_wconf 92' lang='lat' dir='ltr'>quam</span> <span class='ocrx_word' id='word_1_317' title='bbox 1141 4773 1366 4846; x_wconf 88' lang='lat' dir='ltr'>barbarorum</span> <span class='ocrx_word' id='word_1_318' title='bbox 1385 4776 1420 4846; x_wconf 91' lang='lat' dir='ltr'>et</span> <span class='ocrx_word' id='word_1_319' title='bbox 1438 4769 1634 4844; x_wconf 90' lang='lat' dir='ltr'>infidelium</span> 
     </span>
     <span class='ocr_line' id='line_1_36' title="bbox 95 4891 1632 4986; baseline -0.001 -23"><span class='ocrx_word' id='word_1_320' title='bbox 95 4891 389 4985; x_wconf 89' lang='lat' dir='ltr'>,impugnationi,</span> <span class='ocrx_word' id='word_1_321' title='bbox 418 4897 537 4966; x_wconf 88' lang='lat' dir='ltr'>contra</span> <span class='ocrx_word' id='word_1_322' title='bbox 566 4915 651 4986; x_wconf 91' lang='lat' dir='ltr'>quos</span> <span class='ocrx_word' id='word_1_323' title='bbox 670 4894 842 4968; x_wconf 87' lang='lat' dir='ltr'>indefesse</span> <span class='ocrx_word' id='word_1_324' title='bbox 862 4916 898 4968; x_wconf 94' lang='lat' dir='ltr'>se</span> <span class='ocrx_word' id='word_1_325' title='bbox 916 4895 1130 4967; x_wconf 88' lang='lat' dir='ltr'>militaturos</span> <span class='ocrx_word' id='word_1_326' title='bbox 1149 4893 1351 4986; x_wconf 91' lang='lat' dir='ltr'>patentibus</span> <span class='ocrx_word' id='word_1_327' title='bbox 1370 4893 1485 4966; x_wconf 89' lang='lat' dir='ltr'>literis</span> <span class='ocrx_word' id='word_1_328' title='bbox 1505 4891 1632 4966; x_wconf 90' lang='lat' dir='ltr'>astrin-</span> 
     </span>
    </p>
   </div>
   <div class='ocr_carea' id='block_1_5' title="bbox 91 5188 1633 5593">
    <p class='ocr_par' dir='ltr' id='par_1_5' title="bbox 91 5188 1633 5593">
     <span class='ocr_line' id='line_1_37' title="bbox 197 5188 1633 5280; baseline -0.001 -24"><span class='ocrx_word' id='word_1_329' title='bbox 197 5193 222 5275; x_wconf 84' lang='lat'>¹)</span> <span class='ocrx_word' id='word_1_330' title='bbox 245 5201 274 5256; x_wconf 88' lang='grc'>61</span> <span class='ocrx_word' id='word_1_331' title='bbox 296 5197 459 5258; x_wconf 88' lang='lat' dir='ltr'>obiectione</span> <span class='ocrx_word' id='word_1_332' title='bbox 482 5193 544 5258; x_wconf 82' lang='lat' dir='ltr'>Ed.</span> <span class='ocrx_word' id='word_1_333' title='bbox 568 5194 658 5280; x_wconf 80' lang='lat' dir='ltr'>La&#39;pa.</span> <span class='ocrx_word' id='word_1_334' title='bbox 683 5193 708 5277; x_wconf 65' lang='grc' dir='ltr'>Ω)</span> <span class='ocrx_word' id='word_1_335' title='bbox 732 5197 867 5258; x_wconf 86' lang='lat' dir='ltr'>Valkovo</span> <span class='ocrx_word' id='word_1_336' title='bbox 889 5192 952 5258; x_wconf 81' lang='lat' dir='ltr'>Ed.</span> <span class='ocrx_word' id='word_1_337' title='bbox 969 5193 1059 5280; x_wconf 79' lang='lat' dir='ltr'>Lips.</span> <span class='ocrx_word' id='word_1_338' title='bbox 1085 5193 1279 5275; x_wconf 62' lang='grc' dir='ltr'>ο)86611111116</span> <span class='ocrx_word' id='word_1_339' title='bbox 1302 5191 1376 5256; x_wconf 71' lang='lat' dir='ltr'>dod.</span> <span class='ocrx_word' id='word_1_340' title='bbox 1395 5188 1455 5256; x_wconf 75' lang='lat' dir='ltr'>eat</span> <span class='ocrx_word' id='word_1_341' title='bbox 1475 5190 1633 5273; x_wconf 79' lang='lat' dir='ltr'>.(0zeitz).</span> 
     </span>
     <span class='ocr_line' id='line_1_38' title="bbox 91 5291 1630 5384; baseline -0.001 -25"><span class='ocrx_word' id='word_1_342' title='bbox 91 5295 116 5377; x_wconf 77' lang='lat'>⁴)</span> <span class='ocrx_word' id='word_1_343' title='bbox 137 5299 309 5377; x_wconf 89' lang='lat' dir='ltr'>Rudgerum</span> <span class='ocrx_word' id='word_1_344' title='bbox 337 5291 400 5361; x_wconf 72' lang='lat' dir='ltr'>Ed.</span> <span class='ocrx_word' id='word_1_345' title='bbox 433 5297 521 5384; x_wconf 69' lang='lat' dir='ltr'>Lapa.</span> <span class='ocrx_word' id='word_1_346' title='bbox 555 5299 580 5380; x_wconf 73' lang='grc'>5)</span> <span class='ocrx_word' id='word_1_347' title='bbox 609 5303 725 5378; x_wconf 91' lang='lat' dir='ltr'>Pilgum</span> <span class='ocrx_word' id='word_1_348' title='bbox 755 5299 818 5362; x_wconf 84' lang='lat' dir='ltr'>Ed.</span> <span class='ocrx_word' id='word_1_349' title='bbox 850 5298 940 5384; x_wconf 78' lang='lat' dir='ltr'>Lipo.</span> <span class='ocrx_word' id='word_1_350' title='bbox 972 5297 1300 5382; x_wconf 67' lang='grc' dir='ltr'>8)Κ6111Εᾱ.11’116.</span> <span class='ocrx_word' id='word_1_351' title='bbox 1332 5297 1357 5378; x_wconf 87' lang='lat'>⁷)</span> <span class='ocrx_word' id='word_1_352' title='bbox 1385 5297 1544 5375; x_wconf 84' lang='lat' dir='ltr'>Georgium</span> <span class='ocrx_word' id='word_1_353' title='bbox 1567 5293 1630 5357; x_wconf 83' lang='lat' dir='ltr'>Ed.</span> 
     </span>
     <span class='ocr_line' id='line_1_39' title="bbox 91 5399 1631 5488; baseline 0 -24"><span class='ocrx_word' id='word_1_354' title='bbox 91 5399 182 5486; x_wconf 83' lang='lat' dir='ltr'>Lips.</span> <span class='ocrx_word' id='word_1_355' title='bbox 209 5401 232 5484; x_wconf 70' lang='grc' dir='ltr'>Β)</span> <span class='ocrx_word' id='word_1_356' title='bbox 254 5405 534 5482; x_wconf 86' lang='lat' dir='ltr'>Krclogrodiensem</span> <span class='ocrx_word' id='word_1_357' title='bbox 556 5403 618 5468; x_wconf 78' lang='lat' dir='ltr'>Eo.</span> <span class='ocrx_word' id='word_1_358' title='bbox 643 5403 735 5488; x_wconf 79' lang='lat' dir='ltr'>Lipc.</span> <span class='ocrx_word' id='word_1_359' title='bbox 760 5404 786 5485; x_wconf 78' lang='grc'>9)</span> <span class='ocrx_word' id='word_1_360' title='bbox 807 5406 844 5467; x_wconf 88' lang='lat' dir='ltr'>de</span> <span class='ocrx_word' id='word_1_361' title='bbox 858 5407 986 5483; x_wconf 86' lang='lat' dir='ltr'>Knipevv</span> <span class='ocrx_word' id='word_1_362' title='bbox 1008 5403 1071 5467; x_wconf 84' lang='lat' dir='ltr'>Ed.</span> <span class='ocrx_word' id='word_1_363' title='bbox 1095 5402 1186 5488; x_wconf 80' lang='lat' dir='ltr'>Lipe.</span> <span class='ocrx_word' id='word_1_364' title='bbox 1210 5404 1259 5484; x_wconf 90' lang='lat' dir='ltr'>(de</span> <span class='ocrx_word' id='word_1_365' title='bbox 1280 5402 1453 5482; x_wconf 84' lang='lat' dir='ltr'>Kneiphol&#39;).</span> <span class='ocrx_word' id='word_1_366' title='bbox 1475 5400 1513 5482; x_wconf 90' lang='lat'>¹⁰)</span> <span class='ocrx_word' id='word_1_367' title='bbox 1536 5401 1631 5478; x_wconf 83' lang='lat' dir='ltr'>Lega-</span> 
     </span>
     <span class='ocr_line' id='line_1_40' title="bbox 91 5505 1255 5593; baseline 0.001 -24"><span class='ocrx_word' id='word_1_368' title='bbox 91 5511 135 5568; x_wconf 87' lang='lat' dir='ltr'>tos</span> <span class='ocrx_word' id='word_1_369' title='bbox 156 5505 222 5570; x_wconf 76' lang='lat' dir='ltr'>Ec.</span> <span class='ocrx_word' id='word_1_370' title='bbox 244 5506 335 5593; x_wconf 79' lang='lat' dir='ltr'>Lipe.</span> <span class='ocrx_word' id='word_1_371' title='bbox 364 5507 480 5590; x_wconf 74' lang='grc'>11)1616</span> <span class='ocrx_word' id='word_1_372' title='bbox 502 5529 572 5571; x_wconf 90' lang='lat' dir='ltr'>vcro</span> <span class='ocrx_word' id='word_1_373' title='bbox 595 5507 658 5571; x_wconf 83' lang='lat' dir='ltr'>Ed.</span> <span class='ocrx_word' id='word_1_374' title='bbox 682 5507 772 5593; x_wconf 76' lang='lat' dir='ltr'>lips.</span> <span class='ocrx_word' id='word_1_375' title='bbox 800 5508 839 5590; x_wconf 68' lang='grc'>12)</span> <span class='ocrx_word' id='word_1_376' title='bbox 862 5510 1055 5572; x_wconf 88' lang='lat' dir='ltr'>obiectionem</span> <span class='ocrx_word' id='word_1_377' title='bbox 1077 5506 1141 5571; x_wconf 81' lang='lat' dir='ltr'>Ed.</span> <span class='ocrx_word' id='word_1_378' title='bbox 1164 5505 1255 5592; x_wconf 81' lang='lat' dir='ltr'>Lipc.</span> 
     </span>
    </p>
   </div>
   <div class='ocr_carea' id='block_1_6' title="bbox 0 0 2080 6268">
    <p class='ocr_par' dir='ltr' id='par_1_6' title="bbox 0 0 2080 6268">
     <span class='ocr_line' id='line_1_41' title="bbox 0 0 2080 6268; baseline 0 0"><span class='ocrx_word' id='word_1_379' title='bbox 0 0 2080 6268; x_wconf 95' lang='lat' dir='ltr'> </span> 
     </span>
    </p>
   </div>
  </div>
 </body>
</html>
