4126 6280
378 552 451 624 186
554 513 559 522 ¹
882 573 996 626 urens
1022 573 1267 627 uuonnonrus
1294 555 1408 646 (nrrr).
1645 551 1711 652 (Α.
1732 551 1779 624 D.
1801 547 1930 647 1454.)

374 759 585 851 ploratores,
618 759 677 833 vel
707 758 825 850 potius
858 760 1095 850 speculatores
1133 760 1246 850 partis
1278 759 1479 852 utriusque,
1523 761 1605 832 dnm
1638 760 1783 832 fortuito
1820 759 1859 831 in
1896 779 1934 830 se

375 880 552 970 incidunt,
588 879 688 972 gravi
724 901 843 972 pugna
870 884 905 953 et
932 880 1008 952 dira
1040 881 1133 953 inter
1161 901 1199 952 se
1226 880 1428 969 commissa,
1463 881 1589 954 Poloni
1624 880 1820 954 Graciferos
1852 900 1932 972 pro-

375 1002 526 1093 pellunt.
556 1001 650 1092 Quae
677 1000 854 1093 primitiae
872 1001 959 1073 belli
977 1000 1122 1073 Polouis
1142 1001 1343 1090 victoriam,
1372 1023 1441 1075 non
1460 1007 1577 1075 tamen
1596 1002 1728 1094 absque
1748 1001 1933 1074 incruento

375 1123 597 1234 ancipitique
610 1121 814 1211 certamine,
843 1122 1111 1213 portendebant,
1132 1123 1352 1196 curiensibus
1372 1122 1608 1215 nequidquam
1627 1123 1837 1214 expectatis.
1865 1123 1932 1194 Fc-

374 1243 428 1315 ria
455 1243 574 1335 itaque
613 1248 752 1335 quarta,
783 1243 819 1314 in
847 1242 1000 1315 crastino
1038 1243 1160 1315 Sancti
1195 1244 1391 1335 Lamperti,
1425 1244 1463 1315 iu
1496 1265 1617 1335 campo
1650 1249 1731 1316 ante
1765 1243 1933 1335 oppidum

376 1363 587 1456 Choynicna,
617 1363 820 1456 integratis,
850 1363 1128 1454 instauratisque
1155 1363 1312 1452 aciebus,
1347 1364 1464 1436 stabat
1492 1364 1669 1438 exercitus
1697 1365 1835 1456 integra
1861 1363 1933 1450 die,

377 1485 622 1578 praestolando
650 1505 803 1576 pugnam
832 1505 958 1576 magno
991 1507 1069 1557 cum
1097 1484 1269 1558 desiderio
1297 1489 1331 1557 et
1359 1485 1542 1556 alacritate
1570 1504 1861 1576 emensusque
1890 1483 1935 1554 ad

376 1626 599 1696 vesperarum
628 1606 807 1694 horam1).
846 1605 944 1678 Circa
971 1627 1052 1678 vero
1081 1626 1306 1696 vesperarum
1339 1607 1460 1678 horam
1488 1606 1644 1678 hostiurn
1672 1605 1866 1692 exercitus,
1897 1604 1936 1676 in

376 1730 447 1798 tres
475 1747 602 1799 cuneos
630 1726 870 1798 tantummodo
903 1727 1057 1814 divisus,
1091 1747 1257 1818 apparere
1286 1727 1415 1819 coepit:
1456 1727 1518 1818 qui
1547 1727 1623 1798 viso
1651 1726 1809 1799 exercitu
1836 1724 1935 1818 regio

376 1846 515 1918 eteius
543 1846 788 1934 multitudine,
827 1869 950 1939 magno
983 1869 1110 1940 pavore
1143 1851 1324 1939 correptus
1357 1853 1429 1936 est,
1463 1853 1498 1919 et
1526 1868 1594 1918 non
1628 1847 1671 1918 de
1702 1867 1838 1938 pugna,
1872 1845 1936 1918 sed

376 1966 419 2039 de
446 1968 529 2059 fuga
556 1973 618 2039 aut
644 1968 792 2040 honeste
820 1967 996 2041 deditione
1023 1969 1211 2060 cogitabat.
1241 1967 1417 2060 Corripuit
1444 1973 1479 2040 et
1507 1968 1598 2040 idem
1623 1972 1737 2039 metus
1758 1965 1937 2039 Kacimiri

376 2087 543 2161 Poloniae
570 2087 695 2180 Regis,
725 2089 806 2159 dum
834 2089 999 2160 hostilem
1027 2089 1216 2162 adventare
1244 2088 1409 2176 vidisset,
1439 2088 1650 2160 exercitum:
1680 2109 1758 2160 cum
1782 2087 1890 2179 pauci
1905 2085 1937 2174 ²)

378 2208 577 2298 exercitati,
606 2229 694 2300 pene
726 2229 845 2280 omues
874 2215 1014 2300 tyrones
1043 2210 1192 2297 tuerint,
1222 2213 1263 2281 ut
1290 2213 1344 2282 est
1372 2211 1442 2281 lere
1470 2209 1632 2281 omnibus
1650 2208 1854 2281 hominibus
1873 2229 1937 2278 na·

376 2329 541 2402 turaliter
568 2328 731 2417 insitum,
760 2329 951 2421 trepidare,
981 2330 1064 2402 dum
1084 2330 1128 2402 ad
1147 2330 1347 2402 conflictum
1372 2335 1515 2402 ventum
1534 2335 1605 2418 est,
1635 2333 1837 2420 coeperunt.
1867 2328 1936 2401 Ve-

376 2471 455 2522 rum
484 2471 523 2522 ea
551 2449 698 2521 formido
726 2471 746 2521 a
773 2451 897 2542 peritis
926 2451 1075 2522 ducibus
1104 2450 1207 2523 facile
1235 2450 1340 2524 leniri
1368 2451 1652 2542 summoverique
1678 2450 1874 2542 potuisset,
1906 2449 1938 2522 si

377 2575 458 2642 ante
490 2570 768 2659 dimicationem,
802 2571 933 2644 vidisse
965 2573 1101 2643 hostem
1129 2576 1164 2644 et
1191 2593 1378 2664 agnoscere
1412 2571 1605 2644 exercitum
1634 2593 1752 2659 suum,
1787 2591 1936 2643 consue

377 2690 524 2764 visseut.
563 2691 631 2763 Sed
658 2691 714 2763 his
743 2693 904 2764 omnibus
937 2691 1124 2784 neglectio,
1154 2691 1334 2764 inlocum
1368 2691 1527 2783 iniquum
1561 2696 1596 2764 et
1628 2691 1811 2778 limosum,
1845 2691 1937 2762 raris

377 2809 585 2883 distinctum
613 2811 794 2884 ordinibus
813 2812 983 2885 deducere
1002 2812 1210 2900 exercitum,
1240 2833 1309 2884 non
1329 2812 1479 2902 invasis,
1510 2833 1572 2884 uec
1591 2811 1744 2885 turbatis
1762 2833 1826 2903 per
1844 2811 1938 2884 leuis

378 2935 575 3004 armaturae
602 2937 725 3024 gentes
741 2930 771 3022 ³)
799 2933 990 3004 hostilibus
1010 2934 1146 3022 cuneis,
1176 2933 1260 3005 licet
1290 2932 1357 3005 sihi
1385 2933 1421 3004 id
1448 2955 1576 3004 munus
1599 2933 1768 3005 hibertus
1795 2933 1940 3004 Kostha

378 3053 554 3126 Bohemus
582 3073 789 3144 magnopere
816 3054 893 3126 dari
912 3053 1120 3145 expetisset:
1150 3075 1228 3126 cum
1249 3075 1374 3146 magna
1394 3075 1474 3145 pars
1494 3053 1627 3126 existat
1646 3053 1833 3141 victoriae,
1864 3053 1937 3125 dis·

379 3174 521 3247 turbare
557 3175 694 3246 hostem
729 3174 935 3266 prinsquam
972 3175 1113 3247 dimicet
1128 3175 1171 3264 ⁴).
1205 3174 1335 3248 Verum
1371 3175 1562 3247 temeritati
1600 3177 1694 3247 luere
1733 3174 1852 3246 omnia
1896 3175 1938 3246 ab

377 3293 529 3367 indoctis
557 3304 592 3367 ct
619 3295 792 3386 imperitis
820 3296 967 3369 ducibus
987 3296 1168 3387 permissa.
1198 3297 1252 3367 En
1272 3296 1428 3369 novitate
1448 3295 1620 3388 siquidem
1639 3296 1797 3369 hostium
1817 3300 1854 3368 et
1874 3297 1937 3368 ho·

380 3413 518 3486 stilium
553 3437 744 3518 armorum,
782 3438 868 3508 quos
897 3418 996 3488 velut
1024 3421 1180 3508 tyrones,
1218 3438 1397 3507 nunquam
1431 3416 1468 3488 in
1500 3420 1690 3507 conspectu
1725 3417 1939 3504 habuerant,

379 3535 589 3608 Polonorum
622 3537 755 3610 milites
788 3537 921 3626 territi,
954 3558 1024 3608 non
1057 3537 1228 3625 debebant
1261 3537 1395 3624 subito,
1430 3541 1464 3608 et
1491 3558 1560 3608 uon
1587 3535 1659 3608 uisi
1689 3541 1770 3627 post
1798 3537 1941 3628 aliquot

379 3655 453 3728 dies
470 3654 513 3745 ⁵),
542 3655 579 3728 in
606 3657 716 3730 aciem
753 3657 915 3749 produci,
954 3664 994 3728 ut
1021 3653 1177 3729 videndi
1196 3657 1447 3730 consuetudine
1479 3656 1598 3744 leniti,
1635 3675 1803 3747 pauorem
1832 3657 1939 3728 dimi-

380 3775 482 3848 candi
500 3777 714 3867 posuissent.
744 3779 900 3851 Ducibus
920 3783 1035 3851 tamen
1055 3777 1232 3851 exercitus
1256 3778 1442 3869 utriusque
1462 3799 1545 3850 suos
1566 3777 1823 3866 animantibus
1843 3777 1942 3850 acies
1993 3841 2000 3852 .

380 3896 667 3989 congrediuntur:
697 3903 732 3970 et
760 3901 900 3971 fortuna
928 3899 1099 3971 exercitui
1127 3898 1223 3991 regio
1253 3900 1368 3972 lavere
1396 3903 1573 3990 coeperat,
1603 3897 1778 3988 multique
1813 3898 1857 3970 de
1877 3899 1940 3969 ho-

381 4017 495 4090 stibus
523 4019 709 4106 cadebant,
738 4024 773 4091 et
801 4041 918 4092 omnes
945 4019 1093 4092 hostiles
1122 4020 1214 4093 acies
1241 4019 1375 4111 primae
1403 4020 1446 4091 ad
1465 4024 1661 4092 extremum
1681 4019 1885 4091 confractae
1906 4025 1943 4091 et

381 4139 566 4227 contritae,
597 4161 785 4231 omnesque
812 4141 966 4212 hostium
995 4140 1117 4226 ducos,
1147 4139 1239 4212 inter
1267 4161 1355 4231 quos
1384 4146 1419 4212 et
1446 4140 1636 4212 Balthasar
1655 4141 1737 4211 Dux
1757 4140 1940 4232 Zeganen·

381 4259 447 4348 sis,
477 4259 584 4348 caesi,
614 4260 820 4352 principalis
849 4262 930 4332 Dux
959 4260 1184 4333 Bernhardue
1213 4260 1465 4333 Schumborshi
1494 4264 1630 4351 captus.
1660 4261 1793 4331 Hostes
1813 4259 1942 4332 deinde

380 4381 567 4473 glomerati
586 4381 622 4452 in
642 4381 792 4452 Polonos
812 4381 1006 4454 disiunctos
1026 4387 1060 4454 et
1080 4403 1220 4473 sparsos
1235 4382 1266 4470 θ)
1295 4380 1410 4453 aerius
1434 4379 1585 4468 instare,
1615 4381 1866 4472 obterrereqne
1885 4401 1940 4453 ra-

381 4504 530 4575 refactos
558 4523 701 4591 cuneos,
731 4508 792 4574 aut
820 4502 857 4574 in
886 4504 1003 4594 lugam
1031 4508 1166 4575 vertere
1195 4506 1393 4593 coeperunt.
1429 4502 1526 4575 Tunc
1558 4501 1698 4572 demum
1734 4501 1844 4573 duces
1887 4523 1940 4572 or-

382 4621 518 4712 dinum,
548 4623 609 4714 qui
636 4645 698 4697 uec
725 4623 935 4714 inquitatem
962 4623 1046 4712 loci,
1076 4623 1159 4696 licet
1182 4623 1428 4714 propinquam,
1458 4643 1570 4714 neque
1589 4621 1739 4714 quodvis
1757 4621 1861 4693 alind
1881 4622 1940 4693 ad-

382 4742 588 4815 miniculum
621 4744 881 4834 praeviderant,
917 4744 1090 4836 trepidare
1118 4749 1152 4817 et
1179 4765 1401 4832 concursare,
1437 4743 1666 4834 cohortesque
1699 4741 1737 4813 in
1768 4763 1939 4834 pugnarn,

381 4862 505 4936 timide
524 4864 622 4953 licet,
644 4861 835 4937 subducere
855 4865 1070 4938 nitebantur.
1099 4864 1222 4936 Omnia
1241 4869 1356 4937 tamen
1376 4864 1412 4935 in
1432 4862 1572 4935 irritum
1596 4863 1814 4935 recidebant:
1845 4863 1938 4954 quod

382 4985 589 5076 plerumque
620 4985 748 5057 accidit
774 4985 816 5074 in¹
838 4986 958 5075 rebus,
993 4985 1145 5077 quaein
1173 4987 1250 5076 ipso
1282 4985 1438 5077 negotio,
1474 4983 1659 5056 temerario
1692 4983 1842 5055 consilio
1878 5003 1937 5055 er-

491 5273 515 5361 ¹)
538 5278 578 5338 sd
600 5296 790 5355 vesperarum
814 5275 900 5337 diem.
926 5271 1001 5339 Ccd.
1028 5269 1116 5338 Calo.
1139 5275 1179 5336 ad
1200 5294 1356 5353 vesperum
1376 5269 1452 5340 Cod.
1468 5271 1577 5338 Proca.
1603 5271 1627 5355 ²)
1643 5275 1732 5353 pauci
1746 5275 1858 5336 milites
1876 5271 1935 5335 Ed.

384 5376 477 5463 Lepi.
502 5379 529 5461 3)
551 5381 685 5441 homines
709 5378 772 5442 Ed.
796 5378 889 5461 Lipc.
913 5377 937 5458 ⁴)
962 5381 1092 5440 dimices.
1117 5373 1194 5440 Coe.
1221 5377 1288 5440 Lis
1313 5377 1338 5457 ⁵)
1363 5385 1430 5456 post
1453 5385 1514 5440 tres
1530 5381 1594 5440 dies
1611 5374 1689 5442 Coa.
1705 5376 1812 5441 Prrea.
1830 5376 1863 5458 ³)
1880 5381 1936 5438 dia-

384 5503 489 5564 parsos
511 5481 575 5545 Ed.
599 5481 690 5564 Lapa.
