4264 6280
183 521 250 624 (Α.
270 522 314 597 D.
336 521 462 623 1445.)
695 545 809 597 nnana
834 543 1079 597 muonmomrus
1106 525 1220 615 (666).
1711 525 1729 594 7

183 753 242 806 666
259 734 302 806 16
320 732 438 807 Gorka
455 733 720 822 Posnaniensis,
740 734 914 806 Iohannes
934 731 975 806 16
993 733 1121 806 Lichin
1140 731 1359 822 Β666166616,
1379 732 1506 805 Petrus
1526 730 1568 804 de
1588 731 1731 823 Sprowa

183 855 442 947 Leopoliensis,
474 854 639 947 palatim',
669 859 704 927 61
730 856 906 927 Iohannes
934 855 975 927 16
1003 855 1271 946 Konpecnpolpe
1304 852 1419 944 Regni
1451 851 1618 924 Poloniae
1652 873 1731 924 can-

183 976 362 1050 cellarius.

183 1335 297 1425 iegati
321 1334 471 1406 inluniae
493 1333 595 1423 Regni
619 1334 661 1404 eri
683 1333 877 1406 1166161666
906 1335 1022 1406 Ducem
1044 1335 1078 1406 in
1102 1333 1305 1405 dithronium
1332 1333 1576 1423 pervenientes,
1599 1333 1734 1424 legatio·

181 1474 256 1528 nem
280 1457 309 1528 ei
333 1455 462 1528 nemine
491 1455 593 1544 Regni
623 1455 775 1528 Poloniae
804 1455 964 1542 rerumne,
992 1451 1028 1526 in
1059 1473 1122 1546 pue
1152 1472 1213 1527 sue
1242 1455 1277 1526 iu
1299 1454 1518 1544 lugpelluuem
1542 1457 1577 1527 et
1599 1454 1733 1545 stirpem

312 1577 402 1648 illius
425 1576 536 1648 studia
560 1579 751 1648 enumerent
775 1579 811 1649 et
832 1577 965 1650 tendum
988 1576 1187 1666 persuadent
1210 1577 1469 1666 acceptationem
1491 1576 1604 1667 liegni.

288 1827 566 1918 approximante
594 1827 649 1900 die
678 1826 824 1900 Sanctae
851 1826 1038 1920 Hedvigis,
1069 1847 1137 1919 qno
1163 1826 1394 1899 constitutum
1413 1829 1503 1916 erat,
1533 1825 1676 1898 nuntios
1695 1827 1732 1898 in

182 1948 410 2022 Lithuaniam
436 1948 609 2040 proficisci
640 1949 768 2037 ituros,
798 1969 916 2021 omnes
943 1969 1005 2040 pro
1033 1952 1207 2022 66666616
1234 1947 1503 2040 Ppotrkoriensi
1522 1949 1561 2038 ¹),
1590 1951 1730 2040 praeter

184 2071 385 2162 episcopum
405 2069 737 2144 Wladislauiensem
755 2068 797 2160 2),
828 2070 888 2162 qui
907 2055 1730 2162 661616116666666166161616166666666-

184 2192 398 2280 166116661,
433 2191 563 2283 Sophia
595 2192 732 2284 Regina
764 2191 846 2264 11166
879 2192 1117 2284 praecedente.
1152 2191 1246 2284 Quae
1273 2191 1341 2265 6161
1368 2191 1412 2264 61
1439 2192 1591 2264 666166
1618 2190 1729 2263 6661-

185 2319 272 2386 6616
298 2335 364 2385 666
390 2312 512 2385 fuerit:
541 2313 752 2402 Dotamen,
782 2313 936 2406 impulsa
963 2319 1117 2398 materno
1146 2313 1287 2400 6116616,
1321 2313 1451 2401 661611,
1486 2313 1529 2384 61
1557 2311 1729 2385 inclinan-

184 2433 268 2506 dum
296 2433 449 2506 animum
477 2434 584 2506 Ducis
611 2435 784 2508 Karimiri
811 2435 849 2508 in
876 2456 1099 2524 eonsensum,
1129 2455 1230 2527 quem
1259 2435 1328 2507 iam
1357 2438 1513 2507 senserat
1537 2434 1730 2506 Lithuano-

181 2577 261 2628 rum
289 2555 480 2648 multiplici
508 2555 734 2648 persuasione
762 2563 797 2631 61
824 2557 995 2630 166166116
1022 2577 1195 2631 auersum.
1225 2557 1316 2628 Dum
1343 2556 1463 2648 itaque
1482 2555 1599 2628 nuntii
1617 2555 1732 2648 Regni

182 2677 333 2768 praefati
360 2699 423 2770 pro
451 2677 508 2750 die
536 2678 684 2750 Sanctae
717 2679 889 2772 Hedvigis
916 2679 953 2752 in
982 2679 1120 2754 Grodno
1153 2679 1415 2767 conuenissent,
1450 2683 1573 2770 siper
1600 2679 1731 2750 Ducem

185 2798 421 2887 Kauimirum,
450 2799 701 2892 Praelatosque
729 2805 764 2873 et
790 2801 937 2874 barones
965 2801 1193 2889 Lithuaniae,
1227 2799 1376 2892 benigne
1404 2799 1542 2891 excepti
1570 2799 1730 2886 inissent,

184 2920 396 3012 legationem
424 2921 537 3013 Regni
566 2921 772 2994 Vincentius
801 2922 1082 3014 archiepiscopus
1103 2921 1317 2996 Guesnensis
1337 2921 1373 2993 in
1392 2921 1572 2994 audientia
1590 2919 1732 3012 6611166

184 3043 320 3131 (661166
350 3041 440 3114 6616
467 3042 717 3133 prohibebatur
743 3043 928 3132 interesse)
956 3043 993 3115 in
1021 3045 1110 3116 hanc
1134 3044 1204 3116 iere
1225 3043 1433 3116 6661661166
1452 3041 1630 3116 disseruit.
1659 3041 1730 3113 No·

183 3162 292 3251 mine,
317 3163 450 3254 inquit,
470 3164 584 3254 Regni
612 3165 778 3238 Poloniae
797 3171 832 3238 61
851 3165 926 3238 6166
954 3165 1148 3238 universali
1164 3163 1194 3254 ³)
1223 3163 1472 3238 deliberatione
1492 3167 1527 3236 et
1546 3183 1728 3251 consensu,

182 3284 405 3357 serenissime
433 3284 618 3377 Princeps,
656 3286 699 3358 ad
727 3291 761 3358 16
789 3287 904 3376 61661,
939 3286 975 3358 11
1007 3287 1044 3359 16
1067 3285 1191 3379 primis
1225 3285 1560 3359 commemorandum
1594 3283 1729 3358 666661-

182 3427 277 3478 666;
315 3412 433 3498 661666
470 3412 608 3480 6661666
645 3409 765 3500 Regno
798 3408 979 3494 Pelopiae,
1017 3431 1078 3500 per
1109 3412 1254 3481 mortem
1287 3406 1460 3479 Karimiri
1497 3410 1532 3479 61
1559 3405 1730 3478 16166161

181 3527 319 3620 Regum
349 3533 510 3617 6666616,
540 3549 608 3601 666
637 3529 901 3621 sigismundum
930 3531 1010 3620 614)
1038 3531 1230 3603 Iohannem
1258 3528 1579 3621 Lucembnrgenses
1603 3528 1729 3616 Duces,

182 3649 246 3739 qui
273 3671 413 3742 magna,
442 3671 511 3721 uon
540 3649 771 3722 Wilhelmum
804 3651 969 3723 lustriae
997 3653 1145 3739 Ducem,
1180 3651 1241 3743 qui
1268 3649 1399 3722 maiora
1426 3649 1589 3722 Dominio
1608 3648 1727 3722 offere-

181 3769 284 3858 bant,
314 3792 382 3841 non
410 3770 559 3862 denique
583 3772 697 3844 Duces
717 3772 892 3845 Maeoniae
920 3777 955 3846 61
970 3771 1001 3862 5)
1029 3773 1163 3846 8166166
1193 3771 1409 3845 Semovitum
1429 3776 1463 3843 ot
1482 3770 1729 3857 Wladislanm,

184 3890 246 3981 qui
273 3890 438 3964 haeredes
477 3891 706 3980 videbantur;
741 3894 801 3966 661
833 3915 895 3986 pro
923 3893 1091 3966 dilatione
1130 3892 1311 3986 religionis
1349 3892 1560 3965 christianae
1596 3897 1730 3984 patrem

183 4019 301 4098 1666,
332 4012 497 4105 quicum
525 4013 689 4106 gentibus
718 4013 926 4104 1161616166)
954 4015 991 4086 16
1019 4015 1192 4088 culturam
1224 4036 1326 4088 uerae
1358 4013 1439 4087 fidei
1466 4013 1631 4102 transire,
1661 4003 1729 4086 ter·

182 4153 241 4204 ras
268 4133 495 4222 Lithuaniae‚
526 4134 755 4227 Samagittiae
775 4140 809 4208 61
828 4157 1052 4228 quascunque
1080 4136 1185 4226 aliar,
1215 4136 1279 4209 661
1308 4135 1441 4208 1111666
1465 4157 1528 4207 666
1546 4139 1630 4207 1666
1650 4154 1728 4206 con·

183 4253 368 4343 sistentes,
397 4255 518 4348 Regno
547 4255 713 4328 Poloniae
746 4262 911 4349 perpetuo
944 4257 1179 4349 incorporare,
1209 4278 1246 4330 66
1274 4277 1351 4330 666
1380 4257 1548 4330 iratribus
1565 4255 1594 4344 ⁷)
1622 4255 1727 4328 Duci-

181 4376 248 4447 bus
284 4376 495 4450 Lithuaniae
536 4399 597 4468 pro
638 4399 677 4449 eo
714 4378 1002 4467 fideiubentibus,
1046 4379 1275 4472 obligantem,
1319 4377 1555 4470 suscepimus,
1598 4382 1634 4449 61
1674 4375 1730 4449 1111

180 4497 419 4570 illustrissimi
447 4499 629 4591 sanguinis
658 4499 844 4592 virginem,
874 4499 910 4572 in
938 4501 1059 4574 decore
1081 4501 1173 4573 66111
1193 4501 1395 4589 66666166,
1424 4499 1629 4593 Hedvigim,
1658 4497 1728 4570 Lu·

180 4619 298 4692 166161
326 4613 432 4713 Regis
460 4620 626 4694 Poloniae
655 4625 690 4694 61
717 4621 920 4714 Hnugariae
947 4622 1072 4710 filiam,
1102 4625 1136 4695 et
1164 4621 1302 4694 661666
1330 4622 1442 4715 Regni
1461 4621 1629 4694 Poloniae
1646 4620 1728 4693 hae·

179 4741 316 4830 nedem,
346 4741 382 4813 in
409 4741 669 4814 matrimonium
697 4743 874 4831 dedimus,
907 4747 1018 4816 terras
1050 4765 1186 4836 qnoque
1214 4743 1426 4817 Lithuaniae
1445 4748 1480 4816 61
1500 4740 1729 4835 Samagitiiae

180 4863 376 4936 cruciferos
404 4864 445 4936 de
472 4863 618 4936 Proseis
651 4863 865 4956 6666666163)
905 4869 1084 4952 66666166,
1123 4865 1225 4937 iuxta
1263 4865 1334 4938 6661
1371 4868 1511 4937 nostrae
1550 4863 1729 4936 naturales

181 4989 317 5073 essent,
347 5006 467 5059 cruore
494 4989 613 5058 nostro
641 4990 676 5058 61
703 4987 860 5078 impensa
887 4985 1112 5079 grauissima,
1147 4985 1183 5058 in
1211 4983 1422 5058 difficillimo
1450 4990 1645 5078 temporum
1674 5003 1727 5055 ar·

290 5279 313 5359 ¹)
336 5299 391 5356 per
413 5279 593 5340 conventum
615 5280 873 5362 Pyotremiensem
895 5276 958 5341 Ed.
982 5275 1072 5362 Lipe.
1098 5276 1124 5358 2)
1146 5278 1423 5340 wladislaviensem
1445 5277 1640 5338 Wladislaum
1663 5273 1728 5337 Ed.

181 5381 272 5469 Lips.
299 5385 325 5463 ³)
348 5385 477 5444 universi
500 5382 563 5446 Ed.
587 5381 677 5467 Lips.
704 5381 730 5462 4)
754 5385 802 5444 661
824 5381 888 5446 Ed.
911 5381 1002 5466 Lipe.
1028 5380 1054 5463 5)
1078 5385 1126 5444 661
1141 5381 1204 5446 Ed.
1220 5381 1311 5466 Lapa.
1336 5380 1361 5463 ⁸)
1379 5383 1542 5443 idololatris
1559 5378 1621 5442 Ed.
1639 5377 1728 5462 Lips.
1766 5410 1767 5414 ,

183 5487 207 5569 τ)
232 5507 300 5550 oum
323 5488 463 5548 fratribus
487 5490 547 5549 suis
570 5485 633 5550 Ed.
658 5485 748 5570 Lips.
774 5485 799 5566 ⁸)
823 5506 967 5565 occupare
991 5485 1133 5550 1666116
1157 5482 1232 5549 Coo.
1259 5481 1346 5549 Calo.
1371 5495 1400 5548 et
1421 5483 1530 5550 Przea
