4052 6286
154 553 439 656 (Α.ῠ.1467.)
550 639 552 644 ,
658 507 786 635 'crena
811 583 1057 638 escensurus
1085 564 1200 655 (xm).
1632 563 1707 635 473

156 765 195 834 et
222 763 293 837 fere
325 762 401 836 sine
434 763 611 854 exemplo,
645 763 746 838 cuius
778 765 955 840 calliditas
987 770 1120 859 pestem
1152 764 1394 840 vehementius
1416 768 1642 857 promovebat
1674 772 1709 841 et

156 883 333 975 usquein
360 883 436 958 dies
463 882 789 977 Quadragesimales
812 888 1041 978 produxerat,
1072 887 1137 960 sub
1165 887 1294 980 quibus
1317 886 1566 978 propitiatione
1586 887 1708 961 diviua

157 1002 296 1093 quievit
322 1003 418 1077 lucs-
441 1002 666 1096 Opportunus
694 1010 729 1080 et
757 1005 833 1098 ipse
860 1028 972 1081 annus
1000 1008 1044 1080 ad
1071 1007 1335 1082 rescindendam
1361 1027 1522 1099 guerram
1554 1007 1702 1082 Prnthe-

154 1122 271 1195 nioam
290 1123 330 1214 ¹),
359 1145 423 1198 uec
449 1123 745 1198 reconciliationis
772 1130 911 1218 tempus
939 1126 1073 1219 aptius,
1104 1127 1247 1201 eandem
1273 1129 1427 1202 referens
1455 1135 1628 1202 astrorum
1652 1151 1705 1203 re-

154 1243 389 1334 volutionem,
418 1244 483 1318 snb
502 1244 631 1337 quibus
648 1247 822 1319 bellorum
846 1245 976 1320 stridor
1003 1251 1179 1340 coeperat,
1209 1253 1245 1322 et
1267 1252 1543 1322 astronomorum
1561 1249 1704 1339 iudicio,

153 1362 227 1435 nisi
252 1364 430 1455 praesenti
462 1365 610 1439 favisset
624 1364 668 1456 2),
701 1365 738 1438 in
770 1367 901 1440 multos
933 1369 1070 1440 futuros
1102 1368 1359 1460 producendam
1375 1367 1418 1459 ³).
1457 1370 1603 1444 Accedit
1635 1371 1705 1460 his,

154 1483 249 1574 quod
276 1504 320 1557 ex
347 1483 500 1558 dominio
528 1506 608 1576 suo,
646 1485 748 1560 annis
775 1487 899 1560 multis
932 1509 1037 1580 snpra
1064 1489 1230 1562 mortales
1263 1489 1483 1579 continuato,
1517 1490 1703 1580 Saturnus,

155 1601 425 1694 discordiarum,
453 1606 642 1696 bellorum,
670 1606 828 1679 rixarum
847 1611 882 1680 et
900 1607 1054 1698 pestium
1082 1613 1194 1697 sator,
1224 1608 1393 1698 excessit,
1422 1615 1457 1683 et
1483 1610 1578 1700 Ioui,
1606 1611 1704 1684 beni·

153 1743 225 1814 gno
255 1724 436 1815 planetae,
469 1725 662 1800 dominium
694 1726 851 1819 reliquit.
889 1728 923 1801 N
926 1749 963 1802 ec
994 1730 1086 1821 apud
1118 1730 1270 1803 Polooos
1298 1731 1429 1819 solum,
1463 1731 1523 1804 sed
1550 1735 1586 1804 et
1612 1731 1706 1824 apud

155 1843 345 1934 Balomos,
373 1845 405 1918 is
432 1866 545 1919 annus
572 1846 747 1939 insignem
774 1868 812 1920 se
836 1846 978 1940 Georgii
998 1849 1293 1924 Posudnebracalri
1311 1850 1421 1944 Regis
1437 1851 1628 1935 xBohemiae
1646 1852 1704 1926 de·

151 1962 344 2053 positione,
372 1965 570 2056 privatione
596 1971 782 2059 perpetua,
810 1987 873 2060 per
900 1969 1082 2042 Summum
1108 1969 1314 2044 Pontificem
1341 1970 1492 2044 Paulum
1511 1973 1703 2046 secundum

155 2083 263 2172 taem,
290 2085 481 2176 praestitit.
511 2087 582 2160 Ubi
610 2087 703 2161 enim
730 2088 774 2160 ad
800 2087 993 2180 liquidnm,
1026 2090 1116 2182 quod
1145 2091 1266 2164 dolosa
1293 2090 1519 2165 simulatione
1552 2093 1703 2166 celatum

152 2201 201 2274 iri
219 2204 420 2294 sudaverat,
450 2207 628 2299 cognitum
647 2208 980 2300 deprehensamque
998 2213 1071 2299 cst„
1097 2210 1213 2300 qualis
1241 2215 1276 2283 et
1304 2231 1407 2302 quum
1437 2212 1552 2299 raba,
1582 2233 1702 2304 quam-

152 2343 221 2414 que
240 2325 452 2416 adulterina,
472 2327 661 2402 iuramenti
679 2328 743 2417 sui
754 2329 791 2401 in
810 2329 1047 2418 coronatione,
1067 2330 1110 2403 de
1128 2330 1278 2404 tenenda
1296 2330 1364 2403 fide
1383 2332 1576 2404 orthodoxa
1594 2353 1696 2423 prae·

152 2443 250 2534 stiti‚
279 2445 387 2520 series
414 2447 590 2537 extiterit,
620 2469 664 2522 en
691 2469 761 2540 qua
786 2449 1013 2540 professionis
1042 2454 1077 2523 et
1105 2451 1221 2543 operis
1245 2449 1390 2523 effectus
1419 2451 1539 2524 foedus
1567 2457 1602 2524 et
1626 2473 1700 2524 sce·

152 2565 267 2638 lesbus
281 2565 313 2656 4)
345 2567 477 2660 erupit,
510 2569 690 2660 praefatus
723 2568 887 2654 Summus
919 2569 1085 2644 Pontifex
1116 2571 1251 2643 Paulus
1283 2571 1473 2660 secundus,
1505 2573 1701 2662 praefatum

152 2683 345 2778 Georgium
371 2687 667 2762 Posndaebracnlri
703 2688 798 2762 omni
823 2689 953 2762 honore
984 2691 1097 2783 regio,
1130 2690 1264 2779 ducali,
1297 2697 1338 2762 nt
1365 2697 1401 2764 et
1426 2695 1593 2783 tauquam
1620 2694 1701 2766 hae·

150 2806 300 2880 reticum
327 2809 520 2900 relapsum,
548 2809 716 2884 vicesima
742 2809 848 2884 tertia
875 2811 1077 2884 Decembris
1093 2811 1136 2901 5),
1165 2812 1297 2884 Romae
1323 2811 1495 2902 priuauit,
1524 2817 1559 2885 et
1582 2834 1700 2886 omnes

151 2925 314 2999 subditos
350 2929 466 3021 Regni
502 2929 690 3003 Bobemiae
725 2929 767 3004 ab
796 2930 872 3003 eius
899 2931 1098 3005 obedientia
1129 2935 1164 3004 et
1191 2930 1432 3004 iurisdictione
1463 2932 1632 3020 absolvit,
1661 2954 1701 3006 ac

150 3045 269 3138 ipsum
295 3051 330 3121 et
356 3048 450 3121 filios
477 3069 560 3122 suos
587 3069 627 3122 ac
653 3055 828 3141 posteros,
862 3051 906 3123 ad
939 3052 1200 3144 consequendas
1233 3050 1411 3144 quaslibet
1442 3051 1635 3144 dignitates
1664 3058 1699 3124 ot

150 3167 300 3241 honores
326 3167 579 3242 inhabilitauit.

596 3521 811 3646 ANNUS
847 3521 1078 3635 bombo
1112 3520 1251 3637 1467.

151 3762 253 3834 tnta
274 3762 372 3834 butu
393 3762 501 3852 operia
523 3762 686 3850 lectatur,
708 3763 794 3853 qnod
818 3781 857 3835 ro
879 3766 1029 3850 urente,
1051 3764 1180 3838 marie
1203 3765 1314 3855 dogna
1335 3765 1487 3839 folcuino
1510 3769 1557 3841 ait
1580 3769 1684 3841 urim.

255 4009 355 4102 Cepit
383 4013 419 4083 et
437 4031 492 4084 me
520 4009 729 4084 scribentem
756 4011 955 4103 praesentia
983 4012 1152 4100 Annalis,
1181 4013 1453 4086 nonmediocris
1473 4015 1696 4106 superlinita

148 4132 243 4206 bello
270 4129 500 4218 Prnthenico,
528 4134 564 4202 et
588 4129 766 4203 restitutis
794 4130 898 4205 terris
925 4131 1112 4204 abstractis
1130 4132 1278 4222 dudum,
1305 4133 1453 4206 Prussia
1471 4155 1609 4227 quoque
1627 4136 1696 4208 Re·

147 4272 218 4344 gno
250 4251 368 4340 unita,
401 4251 582 4343 voluptas,
615 4253 761 4342 utpote,¹
789 4251 850 4342 qui
882 4251 1065 4324 molestius
1097 4253 1264 4341 tuleram,
1298 4253 1503 4328 Polonicum
1535 4256 1696 4348 Regnum

148 4371 307 4444 erariis
338 4369 540 4444 nationibus
568 4373 604 4443 et
630 4370 772 4462 populis
803 4371 995 4445 laceratum
1026 4371 1064 4444 in
1091 4372 1166 4446 dies
1198 4371 1243 4445 iri
1258 4371 1301 4462 6),
1336 4375 1552 4447 fortunatum
1579 4396 1634 4448 me
1662 4380 1697 4449 et

148 4497 305 4566 caeteros
331 4496 534 4565 eoaomueos
561 4509 656 4563 meos
682 4495 798 4581 ratus,
827 4491 955 4583 quibus
982 4493 1289 4585 reintegrationem
1316 4493 1429 4585 ipsam
1448 4500 1529 4587 post
1547 4499 1600 4568 tot
1619 4515 1694 4569 sae·

148 4612 230 4686 cula
256 4611 374 4685 uidere
405 4610 569 4703 contigit:
603 4610 800 4684 crediturus
832 4611 1112 4700 fortunatiorem,
1145 4612 1176 4685 si
1205 4612 1354 4702 Slesiae,
1387 4614 1694 4704 Lubucnensemb

148 4738 185 4806 et
213 4731 434 4823 Stolpensem
461 4751 555 4818 oras,
592 4731 630 4802 in
662 4730 790 4823 quibus
823 4737 894 4806 tres
927 4732 1150 4824 episcopatus
1182 4753 1203 4805 a
1230 4734 1393 4807 Bolcslao
1421 4755 1560 4826 magno,
1590 4735 1693 4808 Polo·

147 4873 274 4925 norum
300 4851 412 4944 primo
439 4851 552 4944 Rege,
585 4855 621 4924 et
646 4855 746 4943 patre
773 4873 836 4925 sno
869 4852 1090 4944 Mpecnslaro
1122 4853 1275 4942 fundati,
1308 4852 1615 4929 Wratislauiensis
1642 4854 1693 4926 ri·

256 5161 278 5240 1)
302 5162 342 5224 ad
362 5161 588 5224 rescindendum
618 5163 728 5222 bellum
757 5161 966 5222 Prnthenieum
996 5155 1061 5225 Ed.
1084 5159 1178 5246 Dipo.
1209 5161 1234 5244 1)
1264 5165 1322 5224 nisi
1343 5164 1507 5244 praesenti,
1537 5165 1694 5225 rescissum

146 5267 255 5328 fuisset
274 5267 384 5327 bellum
405 5262 470 5328 Ed.
488 5261 585 5348 'Lipa
616 5260 645 5347 ³)
667 5264 897 5342 producendum.
926 5262 990 5327 Ed.
1014 5261 1105 5348 Lipc.
1130 5262 1158 5345 ⁴)
1180 5267 1341 5327 sceleratus
1363 5262 1426 5328 Ec.
1449 5263 1540 5350 Lips.
1565 5263 1591 5346 ⁵)
1613 5268 1694 5343 vige·
1805 5333 1808 5338 ,

146 5371 224 5431 sime
244 5369 334 5431 tertia
355 5369 536 5430 diomedeis
557 5367 731 5429 Decembris
753 5364 816 5429 Ed.
840 5364 934 5450 laps.
958 5362 987 5449 ⁸)
1010 5369 1040 5428 in
1063 5386 1129 5430 eam
1151 5368 1228 5430 diem
1251 5369 1343 5430 fnisse
1366 5365 1431 5432 Ed.
1454 5366 1548 5453 Ia‘ps.
1573 5367 1692 5449 ⁷)Lnb·

146 5490 265 5534 sensam
288 5466 365 5536 occ.
386 5468 497 5536 Praea.
519 5471 711 5548 Slupsensem
731 5467 796 5534 Ed.
820 5467 910 5554 [apa

175 5622 198 5664 J.
212 5621 308 5688 ningen.
321 5621 410 5665 arms.
422 5622 504 5665 roien.
517 5621 543 5664 d.
556 5621 584 5664 v.
1055 5646 1058 5654 ·
1485 5605 1521 5660 60
