4090 6290
382 523 457 600 650
891 547 1004 602 nunna
1030 545 1275 601 nuonucnnus
1302 529 1417 618 (rur).
1653 523 1721 626 (Α.
1742 523 1941 624 utem.)

379 737 415 808 et
442 753 589 827 quorum
619 733 745 808 solatio
766 734 792 822 ¹)
819 734 1021 808 urinerieus
1053 735 1251 827 Imperator
1277 739 1312 808 et
1338 735 1458 826 plures
1490 733 1659 808 riotorias
1686 734 1730 807 de
1758 732 1939 823 hostibus,

378 859 414 928 et
440 854 483 928 de
509 875 629 930 eornm
656 854 794 929 arcibus
823 853 1098 948 conquisitiones
1116 854 1299 928 referebat.
1329 854 1472 928 Summa
1490 858 1607 929 autem
1626 853 1840 929 intensionis
1860 875 1939 927 eon·

378 979 434 1050 tra
461 975 630 1048 Mathiam
657 975 860 1069 Hnngariae
887 975 1019 1070 Regem
1050 975 1193 1068 gerendi
1226 974 1269 1048 ab
1294 975 1509 1068 Imperatore
1536 975 1639 1065 belli,
1669 975 1707 1048 in
1734 975 1940 1069 proximan

377 1101 547 1170 aestatem
575 1097 811 1171 differebatur.
841 1097 914 1170 Sub
943 1118 1010 1189 que
1039 1091 1180 1189 quidem
1207 1100 1362 1188 tempore
1389 1096 1590 1170 I'riderieus
1615 1097 1836 1189 Imperator,
1867 1095 1940 1167 Ka-

381 1217 495 1290 nimiri
528 1217 695 1290 Polouiae
732 1215 862 1311 Regis,
901 1216 1009 1291 misse
1041 1218 1085 1290 ad
1116 1217 1219 1290 illum
1256 1237 1367 1309 usque
1400 1216 1437 1289 in
1469 1216 1714 1307 Lithuaniarn,
1753 1215 1941 1309 Raphaele

378 1337 584 1410 Leseainelri
612 1338 726 1411 milite
753 1339 902 1427 Polono,
931 1337 1083 1411 curiensi
1099 1335 1130 1428 2)
1159 1357 1239 1424 eno,
1268 1336 1352 1410 ilem
1380 1336 1569 1411 Wladislai
1595 1337 1790 1411 Bohemiae
1815 1337 1940 1429 Regis,

377 1457 461 1530 item
481 1458 682 1532 Eleetornm
701 1458 860 1550 Imperii,
890 1459 975 1533 item
994 1458 1197 1550 Priueipum
1217 1457 1443 1545 Almanniae,
1471 1460 1656 1548 personale
1682 1459 1871 1532 auxilium
1890 1459 1940 1530 in·

377 1579 535 1652 uetabat.
563 1579 609 1650 Rt
627 1601 670 1652 ne
688 1585 806 1654 uetera
833 1579 999 1652 Pelopiae
1019 1584 1054 1652 et
1072 1578 1274 1672 Hungariae
1293 1578 1492 1672 Regnorum
1511 1579 1650 1652 foedere
1678 1581 1799 1654 forent
1814 1577 1850 1668 ³)
1881 1579 1939 1650 ob·

378 1699 530 1788 stapulo,
551 1699 725 1772 Iohannes
744 1699 1007 1789 Bakinsloer4),
1027 1699 1168 1772 natione
1188 1698 1513 1787 Wratislauiensis,
1535 1699 1828 1792 archiepiscopus
1851 1697 1941 1771 Stri-

376 1817 572 1911 goniensie,
610 1819 672 1912 qui
705 1820 925 1912 tyrannidem
958 1820 1110 1893 llatlriae
1147 1819 1351 1912 Huugariae
1383 1819 1491 1911 Regis
1524 1820 1678 1912 fugiens,
1713 1820 1751 1892 in
1788 1818 1942 1892 Austris

377 1939 470 2032 apud
498 1939 747 2032 Imperatorem
762 1939 793 2030 ὅ)
821 1940 1005 2029 exulabat,
1034 1940 1202 2014 Polouiae
1229 1940 1319 2033 Regi
1342 1939 1522 2012 Kanimiro
1550 1961 1612 2032 per
1637 1941 1823 2014 Andream
1849 1939 1940 2032 Ope

376 2060 503 2134 reuelli
531 2059 731 2153 opiseopum
759 2060 997 2135 Vermiensem
1026 2065 1145 2154 (quem
1173 2060 1340 2134 Polouiae
1362 2060 1440 2133 Rex
1459 2081 1503 2133 ex
1523 2061 1639 2135 diaeta
1656 2059 1940 2153 Pyotrkoriensi

377 2179 420 2252 ad
448 2180 626 2254 Gaesarem
653 2180 888 2270 Iriderionm,
916 2181 1069 2274 rogando
1097 2181 1215 2270 illum,
1244 2202 1289 2255 ne
1316 2201 1370 2270 ee,
1398 2181 1494 2254 bella
1521 2181 1727 2255 Thartarioa
1744 2186 1785 2255 et
1804 2182 1937 2254 Tume-

376 2321 453 2374 rum
481 2302 699 2395 agentem),
733 2301 771 2374 in
797 2301 892 2376 bella
911 2323 975 2375 suu
994 2303 1164 2392 traheret,
1193 2303 1453 2390 transmiserat)
1482 2301 1679 2391 intimarit,
1711 2303 1937 2395 aequissimo

377 2421 510 2511 animo,
539 2421 570 2494 si
598 2421 816 2516 Hungariarn
844 2422 1010 2496 Polouiae
1037 2423 1115 2496 Rex
1143 2428 1284 2516 atergo
1312 2422 1508 2511 inuaderet,
1537 2424 1704 2497 Proeeres
1724 2424 1937 2516 Hungariae

377 2543 523 2616 laturos.
552 2543 698 2616 Detexit
725 2542 830 2616 etiam
858 2541 949 2617 idem
978 2542 1231 2635 strigoniensis
1260 2543 1542 2636 arehiepieeopns
1567 2545 1745 2617 Iohannes
1764 2565 1835 2637 per
1852 2565 1937 2618 eun·

377 2663 452 2736 dem
481 2662 657 2736 Andrean
684 2663 884 2756 episcopum
912 2661 1151 2737 Vermiensem
1179 2663 1359 2736 Karimiro
1386 2664 1552 2738 Polouiae
1579 2665 1669 2758 Regi
1688 2686 1882 2757 porsonam
1902 2673 1936 2740 et

377 2803 501 2857 nomen
528 2783 635 2856 unius
662 2783 803 2857 baronis
834 2783 1019 2873 Polouiae,
1051 2805 1097 2857 ex
1124 2783 1336 2858 consiliariis
1367 2785 1477 2878 Regis
1510 2784 1845 2878 principalioribus,
1876 2785 1934 2879 qni

378 2925 455 2976 oum
483 2903 745 2977 insimulatione
771 2905 1020 2977 nonnullarum
1048 2903 1286 2978 innocentium
1313 2925 1538 2996 personarum
1567 2906 1750 2998 (qnoniam
1769 2907 1811 2979 in
1830 2908 1934 2980 illurn

378 3023 479 3097 nulla
506 3023 659 3116 suspioio
683 3024 827 3100 oadebat
854 3029 890 3099 et
916 3025 1038 3100 eadere
1064 3028 1217 3119 poterat)
1250 3025 1452 3119 Huugariae
1484 3027 1573 3120 Regi
1600 3027 1757 3100 Mathiae
1788 3027 1934 3122 singula

377 3143 525 3218 oonsilio
552 3148 587 3219 et
613 3143 752 3218 deereta
778 3144 887 3241 Regis
915 3145 1098 3237 Polouiae,
1126 3149 1161 3220 et
1189 3145 1348 3240 singulas
1376 3145 1570 3222 sententias
1598 3169 1743 3223 suorum
1762 3149 1933 3223 eonsiliu-

376 3264 522 3356 riorum,
550 3264 798 3358 perseribebat.
1581 3243 1594 3261 ⁰

375 3619 513 3695 lstltu
534 3617 716 3712 quernae
738 3619 808 3694 lter
830 3621 926 3695 retur
947 3621 1017 3696 sris
1038 3623 1261 3710 remittatur.
1284 3627 1399 3699 eontra
1421 3623 1616 3700 ῐιιίιιίηιι
1638 3625 1793 3700 Polouiae
1807 3625 1932 3719 nego·

841 3759 913 3816 eun
935 3743 1088 3834 {adsim
1110 3745 1258 3820 insum
1281 3746 1456 3837 mutiat.

480 3987 612 4065 Vident
640 3994 756 4066 autem
785 3990 937 4066 liothida
964 3991 1167 4087 Hungariae
1193 3992 1288 4083 Rex,
1318 3997 1353 4066 et
1380 3993 1423 4066 ab
1449 3991 1665 4086 Imperatore
1688 3993 1929 4072 Romanorum

376 4110 570 4201 Fridorioo,
608 4115 644 4186 et
672 4111 931 4186 ooadiutoribus
961 4112 1053 4202 suis,
1085 4112 1253 4186 Polouiae
1285 4118 1320 4187 et
1351 4113 1538 4188 &hemlee
1559 4115 1589 4204 7)
1625 4113 1806 4208 Regibus,
1843 4117 1929 4191 item
2036 4131 2038 4212 ζ

376 4253 396 4305 a
423 4231 613 4306 'Inreornm
640 4231 802 4320 Caesare,
831 4254 868 4307 se
895 4233 1135 4326 angustiatum
1165 4253 1258 4324 esse,
1286 4233 1421 4307 ueritus
1448 4255 1586 4327 qnoque
1613 4237 1769 4329 amplius
1802 4257 1843 4310 se
1867 4259 1927 4310 an·

374 4353 601 4447 gnoitandum
628 4352 689 4444 iri,
718 4353 923 4446 praesertim
950 4375 1028 4428 oum
1055 4354 1098 4428 de
1125 4354 1275 4447 propriis
1301 4355 1466 4447 gentibue
1493 4356 1691 4449 Hungaris‚
1721 4357 1854 4449 oppido
1871 4358 1926 4431 illi

375 4474 532 4563 Infestis,
560 4493 687 4567 magna
715 4475 817 4548 illum
846 4480 882 4549 ot
907 4475 1049 4548 assidua
1076 4495 1159 4548 eura
1186 4481 1221 4550 et
1244 4475 1398 4568 suspitio
1426 4476 1628 4566 distineret,
1657 4483 1842 4571 uteunque
1859 4479 1927 4552 sibi

376 4601 412 4670 et
438 4616 502 4669 suo
529 4594 640 4668 statui
667 4595 908 4685 consulturus,
938 4596 981 4668 ad
1007 4600 1150 4670 uersuta
1178 4600 1213 4669 et
1238 4595 1368 4669 pallida
1395 4617 1432 4670 se
1459 4597 1568 4670 uertit
1595 4598 1761 4687 tonsilia,
1792 4604 1831 4672 et
1849 4620 1925 4672 ann

376 4717 544 4812 Magistro
572 4716 737 4792 Pruseiae
764 4716 916 4790 Heurieo
943 4716 985 4790 de
1013 4717 1266 4812 Riohtemburg
1282 4717 1327 4809 θ),
1357 4737 1489 4811 suoque
1516 4718 1661 4809 Ordine,
1690 4739 1756 4812 per
1783 4721 1925 4796 nuntios

375 4838 582 4934 allagistro
601 4842 638 4912 et
655 4837 783 4913 Ordine
809 4837 853 4911 ad
876 4837 1122 4914 solenniIatom
1150 4859 1291 4913 suarum
1319 4838 1537 4933 nuptiarum,
1567 4839 1704 4932 Budas,
1733 4861 1816 4916 eum
1835 4861 1924 4915 nora

482 5148 505 5230 1)
528 5147 638 5211 auxilio
659 5145 724 5210 Ed.
747 5145 838 5232 nepa.
863 5144 889 5228 Ω)
913 5146 1009 5210 aulieo
1031 5145 1094 5212 Ed.
1118 5143 1209 5234 Lipr.
1234 5147 1261 5229 ³)
1285 5155 1384 5212 essent
1405 5145 1469 5214 Ed.
1492 5144 1583 5234 Lipe.
1608 5147 1635 5230 ⁴)
1650 5147 1832 5215 Bakststher
1850 5147 1921 5214 aad„

2036 4863 2038 4918 l

2036 4927 2038 4988 l

375 5248 484 5316 Praea.
506 5252 679 5314 Bakaislder
700 5249 763 5313 Ed.
787 5249 877 5334 Lips.
910 5249 936 5332 ⁵)
959 5253 1038 5329 apud
1060 5255 1268 5330 Imperatorem
1291 5251 1479 5315 Frederieum
1502 5252 1564 5317 Ed.
1587 5251 1677 5337 Lips.
1707 5254 1735 5335 ⁶)
1758 5273 1825 5316 eum
1849 5255 1921 5316 bella
2036 5321 2038 5364 t

376 5357 551 5418 ThartarIea
573 5363 602 5416 et
623 5356 785 5416 Tureorurn
808 5361 910 5432 ageret
932 5351 995 5415 Ed.
1018 5352 1109 5438 Lips.
1141 5354 1166 5434 ⁷)
1190 5356 1333 5418 Casirniro
1355 5355 1495 5418 Polouiae
1518 5365 1548 5418 et
1570 5357 1736 5418 Wladislao
1768 5359 1921 5421 Bohernise

377 5457 440 5523 Eo.
465 5457 554 5543 L'ipe.
579 5457 606 5544 ⁸)
629 5455 831 5534 Riehteuburg
853 5454 916 5521 Ed.
940 5455 1031 5543 Lips.
1055 5456 1290 5540 (Rielrtenberg).
