4126 6280
105 570 166 670 (Α.
186 569 230 644 D.
252 566 377 667 1454.)
611 591 723 644 nisse
749 592 992 654 nuoemcnssts
1020 573 1133 663 (xnr).
1369 597 1371 602 ·
1561 566 1641 642 ott

104 896 266 970 ladislaus
288 895 469 984 ilungariaa
494 898 529 966 et
551 895 720 966 selemiae
746 895 815 966 lierr
842 896 971 985 legator
996 895 1178 966 iterumad
1202 895 1394 966 kazimirum
1416 893 1566 964 Potoniae
1588 893 1646 964 lie·

103 1036 170 1108 gem
192 1017 310 1104 mittit,
334 1017 387 1107 pui
410 1017 608 1105 legationem
639 1017 773 1106 priorem
805 1016 948 1086 eiusdem
978 1016 1117 1088 ladislai
1148 1017 1289 1103 nomime,
1314 1034 1350 1086 eo
1373 1015 1490 1102 ineeio,
1514 1015 1554 1086 de
1577 1033 1642 1085 nou

104 1138 323 1230 prosequendo
346 1138 479 1228 negotio
501 1155 605 1210 rerum
627 1137 775 1210 Prussiae
803 1137 939 1224 laetam,
966 1137 1057 1208 euius
1085 1155 1155 1226 eum
1178 1137 1273 1208 ualde
1296 1136 1425 1227 puduit,
1448 1136 1643 1208 eonsiiiario·

587 1277 655 1331 rum
679 1275 806 1330 suorum
829 1260 942 1349 eulpae
965 1259 1155 1332 tribuerent.

204 1510 327 1583 Stante
359 1509 538 1582 Karimiro
571 1510 667 1601 Rege
686 1510 712 1599 ¹)
745 1509 782 1581 in
810 1509 965 1597 Thorun,
995 1511 1170 1582 ‚uenerunt
1203 1507 1245 1578 ad
1277 1528 1376 1578 suern
1409 1506 1640 1579 serenitatem

101 1631 218 1703 nuntii
245 1631 404 1704 Ladisiai
431 1630 633 1722 Hungariae
657 1634 692 1702 et
710 1631 900 1703 Rohemiae
928 1630 1052 1722 Regis,
1082 1629 1246 1701 videlieet
1278 1629 1451 1701 Iohannes
1479 1629 1641 1700 Perston·

101 1752 154 1824 olii
184 1757 220 1825 et
248 1753 408 1844 Zdenpelr
435 1752 613 1839 Mesthles,
643 1755 678 1822 et
705 1751 914 1843 legationem
942 1751 1031 1822 orsi:
1061 1750 1207 1822 Moleste
1236 1750 1324 1822 ferre
1352 1748 1555 1822 Ladislaum
1574 1749 1642 1822 Re·

104 1895 201 1966 gem,
230 1875 447 1963 asserebant,
483 1873 573 1965 quod
595 1877 723 1946 terram
746 1872 912 1944 Prussiae
935 1871 1137 1944 Karimirus
1169 1871 1261 1959 Rex,
1295 1891 1333 1943 eo
1365 1870 1579 1958 inoonsulto,
1608 1869 1646 1940 in

99 1994 309 2068 deditionem
338 1995 546 2086 aooepisset,
576 2016 653 2067 oum
681 1995 778 2066 aliud
807 2015 843 2067 se
871 1995 1045 2066 iacturum
1073 2015 1134 2084 per
1161 1991 1474 2080 Roszomoersii2)
1502 1996 1537 2064 et
1560 1991 1643 2064 Zde-

98 2118 203 2209 npelr,
234 2139 254 2188 a
280 2116 416 2208 nuptiis
447 2136 621 2203 reversos,
655 2115 871 2204 intimasset3
904 2119 1079 2206 petentes,
1113 2119 1153 2185 ut
1181 2114 1257 2186 Rex
1286 2115 1322 2185 in
1349 2113 1498 2206 Pragern
1525 2113 1640 2186 amba·
1743 2109 1746 2114 ’

99 2239 248 2310 sistores
265 2235 295 2328 3)
324 2258 405 2309 suos
434 2259 510 2309 aum
538 2238 643 2329 plena
670 2238 836 2309 insultate
865 2236 1013 2309 celerius
1041 2234 1310 2322 transmitteret,
1345 2234 1389 2306 ad
1421 2233 1641 2306 traotandum

98 2365 132 2432 et
159 2360 436 2432 concludendum
468 2380 546 2430 eum
579 2359 674 2450 Rege
706 2358 869 2430 Ladislao
903 2379 1008 2449 super
1039 2362 1149 2429 terras
1182 2355 1349 2427 Prussiae
1376 2376 1466 2426 nora
1494 2354 1640 2441 foedera,

97 2482 292 2573 profestum
319 2479 459 2572 utrique
486 2479 606 2571 Regno
635 2479 829 2566 afferentia,
859 2481 893 2550 et
920 2477 1062 2550 interim
1090 2499 1110 2548 a
1136 2475 1323 2548 uexatione
1350 2479 1542 2548 aestrorum
1569 2473 1641 2546 Ma-

96 2603 265 2694 rienburg
297 2606 331 2674 et
359 2601 506 2674 Suthum
542 2604 577 2672 et
605 2600 725 2692 oppidi
752 2600 961 2692 Ohopniera,
994 2599 1072 2672 Rex
1088 2598 1118 2687 4)
1147 2619 1183 2670 se
1211 2596 1418 2670 eontineret:
1448 2617 1526 2668 oum
1553 2594 1642 2688 Regi

97 2723 263 2795 Ledislao
291 2723 493 2814 displioeret
521 2721 773 2794 Oruoiierorum
802 2721 994 2812 depressio,
1023 2719 1084 2811 qui
1112 2717 1252 2791 Ordinis
1280 2739 1396 2790 eorum
1422 2717 1564 2790 extabat
1582 2715 1640 2787 do-

96 2849 190 2916 tator
220 2848 255 2916 et
282 2849 460 2935 patrenus.
490 2843 684 2915 Mirabatur
711 2843 912 2914 Kauirnirus
937 2843 1014 2914 Rex
1033 2862 1110 2913 oum
1135 2839 1209 2912 sois
1229 2839 1387 2911 omnibus
1408 2837 1642 2930 delegatione

96 2965 215 3037 affinis
244 2971 279 3036 et
305 2964 554 3056 consanguinei
583 2963 638 3035 sui
665 2968 737 3035 tarn
765 2964 871 3036 ereda
898 2967 932 3036 et
959 2962 1150 3054 indigesta,
1179 2981 1242 3032 nee
1265 2959 1355 3052 Regi
1374 2959 1554 3046 Ladisiao,
1582 2979 1652 3040 ue:

95 3087 149 3158 lut
177 3107 307 3178 puero,
337 3085 397 3177 qui
423 3107 485 3177 per
511 3090 659 3158 aetatem
692 3106 748 3157 res
776 3085 904 3157 librare
931 3105 1000 3155 non
1027 3087 1161 3174 posset,
1196 3082 1237 3154 de
1268 3082 1333 3154 hae
1360 3079 1550 3172 legatione,
1580 3079 1640 3150 sed

96 3207 250 3301 Georgio
278 3207 320 3279 de
347 3207 586 3280 Posrdnebrad
624 3214 658 3280 et
686 3206 894 3298 quibusdam
935 3205 1116 3292 Bobemis,
1148 3202 1320 3274 haeresim
1353 3199 1640 3292 Violephistiaam
1776 3237 1787 3268 ι

93 3327 359 3418 tenentibus5),
388 3351 450 3420 per
477 3327 669 3400 Oruoiferos
699 3327 798 3400 donis
827 3324 1174 3418 etpromissionibus
1193 3323 1374 3411 inescatis,
1404 3321 1640 3410 suscensebat,

92 3451 284 3542 gentisque
314 3451 489 3542 praefatae
517 3455 552 3522 et
579 3449 813 3521 temeritatem
846 3453 880 3521 et
907 3445 1141 3539 arrogantiam
1174 3446 1304 3517 taeitos
1335 3443 1518 3532 irridebat,
1553 3463 1641 3535 quae

91 3571 248 3663 propriis
277 3571 435 3644 oladibus
455 3577 490 3644 et
508 3570 740 3643 divisionibus
768 3591 838 3642 non
865 3569 1027 3656 attentis,
1057 3567 1126 3640 sibi
1154 3570 1188 3639 et
1215 3566 1335 3658 Regno
1363 3586 1442 3653 suo,
1470 3564 1557 3637 belli
1579 3583 1639 3655 pa·

91 3693 218 3784 eisque
246 3693 322 3765 iura
341 3693 421 3765 dare
440 3713 587 3784 aequum
607 3691 781 3765 censebat.
812 3692 937 3782 Itaque
957 3711 995 3763 ee
1015 3689 1105 3777 solo,
1126 3687 1351 3779 responsione
1369 3690 1528 3778 purgato,
1549 3686 1641 3777 quod

91 3815 300 3886 Mauimirus
328 3815 405 3887 Rex
432 3835 609 3904 nunquam
637 3834 700 3905 per
727 3810 1038 3900 Rosuemberslril)
1067 3813 1102 3882 et
1130 3808 1290 3899 Zdenpelr
1317 3807 1471 3898 aliquam
1498 3805 1638 3878 intime·

90 3935 228 4008 tionem
256 3936 297 4008 de
324 3957 391 4006 nen
421 3935 622 4026 accipienda
649 3939 761 4006 terrae
789 3932 954 4006 Prussiae
981 3931 1173 4018 deditione,
1207 3930 1302 4021 Rege
1329 3927 1496 4000 Ladislao
1521 3927 1638 3999 irroou·

90 4058 208 4146 sult0,
239 4057 373 4156 feeerit,
402 4077 651 4148 responsurum
679 4077 716 4127 so
737 4055 779 4126 ad
799 4059 934 4127 eaetera
952 4075 1014 4146 per
1032 4051 1191 4144 proprios
1210 4052 1346 4144 legatos
1365 4049 1455 4142 Regi
1473 4049 1638 4120 Ladislao

88 4179 299 4270 respondet,
329 4199 396 4270 quo
423 4177 535 4271 magis
563 4178 697 4270 liquere
724 4162 853 4268 possit,
887 4176 1018 4268 Regem
1046 4172 1233 4245 Bohemiae
1261 4171 1512 4244 Crueiierorum
1539 4167 1637 4242 Ordi-

89 4300 146 4371 nis
177 4300 219 4371 in
247 4299 349 4372 terris
377 4298 541 4372 Prussiae
569 4319 746 4390 nunquam
765 4298 973 4384 dotatorem,
1003 4296 1063 4368 sed
1082 4295 1196 4386 Reges
1215 4298 1250 4366 et
1268 4291 1449 4382 Prinoipes
1472 4289 1639 4362 Polouioe

90 4420 227 4500 fuisse.¹
250 4419 469 4494 Consternati
497 4425 611 4493 mente
639 4419 828 4491 Bohemiae
847 4418 955 4511 Regis
974 4415 1107 4504 nuntii,
1137 4414 1227 4507 quod
1246 4414 1343 4485 dolos
1364 4410 1561 4486 Giruilronis
1581 4411 1637 4483 de-

89 4542 264 4634 tegendos
297 4541 553 4633 intelligerent,
589 4541 715 4614 blande
743 4545 777 4614 et
804 4540 888 4612 mite
920 4538 1018 4630 ioqui
1050 4539 1251 4627 coeperunt,
1285 4539 1320 4606 et
1345 4555 1407 4626 per
1435 4531 1638 4604 summissas

87 4684 264 4754 personas
291 4661 381 4755 Regi
406 4683 607 4754 suggerere,
636 4667 676 4734 ut
703 4682 758 4734 res
786 4659 1031 4747 Prothenioas,
1067 4679 1133 4750 quo
1170 4664 1328 4748 ooeperet
1362 4654 1496 4743 ordine,
1524 4652 1638 4725 uirili-

87 4789 143 4857 ter
172 4788 455 4876 prosequeretur.
483 4784 656 4856 Petebant
679 4787 796 4854 tamen
815 4781 884 4854 sibi
902 4779 1073 4872 praestari
1092 4777 1286 4868 lieentiam,
1315 4781 1356 4849 ut
1374 4796 1477 4849 ourru
1496 4794 1638 4847 ascenso

86 4910 242 4996 possent
268 4904 305 4976 in
332 4903 554 4997 Marienburg
578 4908 730 4977 oestrum
751 4903 846 4976 adire
865 4902 1088 4994 Magistrum,
1116 4899 1298 4990 peouniaS,
1318 4902 1358 4970 ut
1378 4895 1530 4988 suspioio
1550 4899 1636 4983 erat,

86 5027 287 5119 promissas
314 5025 364 5099 ibi
390 5025 579 5118 reoepturi;
608 5026 669 5098 sed
697 5027 780 5098 haee
807 5024 950 5098 lieentia
977 5022 1065 5114 ipsis
1094 5041 1257 5113 expresse
1280 5022 1405 5112 negata
1423 5020 1487 5090 est.
1517 5015 1636 5088 Mune-

203 5317 230 5400 ¹)
254 5321 396 5382 Poloniae
417 5322 499 5398 Rege
522 5316 583 5381 Ed.
608 5315 699 5401 Lo'po.
724 5317 751 5398 ⁹)
766 5311 977 5379 Rozembarski
992 5314 1054 5379 Ed.
1071 5313 1162 5400 Lipo.
1181 5314 1207 5396 ³)
1223 5315 1337 5392 legatos
1353 5307 1416 5374 Ed.
1434 5307 1523 5395 Lips.
1540 5307 1567 5391 ⁴)
1584 5308 1637 5372 Ga·

86 5427 214 5487 siminus
239 5425 302 5484 Rex
323 5421 386 5485 Ed.
411 5422 501 5507 Lips.
534 5421 558 5504 ⁵)
584 5423 635 5499 qui
657 5423 803 5484 haeresim
832 5422 1071 5499 Violephietioam
1098 5421 1237 5482 tenebant
1258 5416 1320 5481 Ed.
1343 5415 1434 5500 Lapa.
1466 5412 1493 5499 ⁶)
1517 5415 1636 5477 Romam-

86 5531 196 5591 barski
220 5526 285 5591 Ed.
308 5525 398 5612 Lipa.

112 5683 256 5732 auruum.
270 5679 461 5723 mamerano.
475 5680 502 5720 v.
1432 5656 1466 5712 23
