4152 6270
403 515 477 588 168
899 477 1021 590 ¹arsura
1046 533 1291 589 nuonucmrus
1319 515 1432 606 (xm).
1666 511 1733 614 (Α.
1753 512 1799 586 D.
1819 511 1939 613 1454)

408 721 665 814 ,venientibus,
686 723 775 797 hanc
793 723 1071 817 praerogatiuam
1090 727 1125 797 et
1142 723 1341 796 libertatem
1356 723 1397 796 de
1412 725 1547 797 caetero
1565 723 1728 796 volumus
1747 724 1939 816 obseruare,

406 850 467 936 ,ut
495 845 631 937 quoties
659 845 741 918 illos
769 846 808 919 in
836 867 1063 939 quaecunque
1089 847 1182 934 loca,
1217 845 1379 919 ciuitates
1407 849 1442 919 11
1469 845 1596 938 oppida
1624 845 1738 938 Regni
1767 847 1938 921 111111111-

406 968 565 1057 „niorum
592 971 790 1040 nostrorum
814 967 1031 1042 1111111111111
1050 967 1223 1041 mercibus
1251 989 1384 1056 eorum,
1413 966 1651 1060 cuiuscunque
1670 965 1802 1059 speciei
1820 971 1855 1041 ot
1871 990 1940 1041 ma·

406 1089 537 1180 ,neriei
563 1089 734 1180 existant,
764 1089 966 1185 contigerit,
996 1089 1133 1163 licitum
1160 1089 1317 1178 1111111,
1346 1089 1549 1162 huiusmodi
1566 1110 1697 1164 merces
1715 1089 1753 1162 in
1772 1089 1864 1180 loca,
1893 1096 1940 1166 te·

407 1212 587 1302 ,studines
607 1217 642 1286 et
659 1233 812 1286 cameras
831 1216 893 1285 ant
910 1216 1019 1301 tecta,
1049 1211 1294 1304 quarumillis
1313 1211 1423 1284 libera
1440 1211 1613 1304 praestari
1631 1212 1735 1286 debet
1754 1212 1942 1300 arendatio,

406 1334 615 1425 ,deponere,
645 1338 679 1408 et
706 1355 767 1426 pro
796 1355 859 1407 suo
879 1333 1024 1406 arbitrio
1044 1353 1216 1424 exponere
1234 1332 1270 1405 in
1290 1332 1516 1406 venalitatem
1536 1333 1574 1422 1),
1604 1337 1804 1427 stratasque
1828 1355 1943 1408 omnes

408 1476 552 1546 ,uersus
580 1454 813 1549 Hungariam,
850 1455 1034 1544 Russiam,
1071 1454 1280 1543 Morauiam,
1314 1455 1480 1544 Slesiam,
1515 1455 1713 1544 Austriam,
1744 1457 1942 1546 saxoniam,

320 1598 322 1604 ’
408 1576 648 1669 ,1111111111111,
677 1577 807 1650 liberas
834 1578 1002 1666 habeant,
1035 1575 1205 1668 depositis
1232 1581 1349 1649 tamen
1380 1575 1545 1666 teloneis,
1579 1582 1614 1650 et
1641 1577 1762 1651 stratis
1790 1578 1944 1671 antiquis

407 1699 613 1788 ,civitatum
640 1699 754 1792 Regni
782 1703 817 1771 11
844 1699 1085 1772 Dominiorum
1113 1701 1312 1770 nostrorum
1340 1719 1475 1790 semper
1503 1699 1612 1772 salvis
1628 1697 1696 1790 ²)“.

511 1821 575 1910 ,In
601 1821 740 1894 nomine
767 1821 925 1911 Domini,
956 1822 1080 1894 Amen.
1109 1820 1165 1892 Ad
1191 1823 1395 1913 perpetuam
1422 1819 1474 1892 rei
1501 1820 1713 1896 memoriam.
1742 1822 1875 1915 Legum
1895 1820 1943 1894 di-

409 1941 610 2033 ,vinarum,
647 1943 948 2036 humanarumque
984 1941 1233 2016 saluberrimae
1270 1941 1484 2032 sanctiones,
1522 1942 1690 2016 instituta
1725 1947 1759 2017 et
1797 1944 1944 2032 decreta,

409 2064 606 2155 ,quoslibet
638 2065 795 2137 feudales
823 2069 858 2137 et
886 2063 1045 2137 subditos
1077 2064 1199 2157 iugum
1231 2063 1458 2137 subitationis
1491 2069 1527 2137 11
1555 2065 1773 2139 obedientiae
1803 2064 1943 2158 permit-

408 2189 509 2276 ,tunt
536 2189 715 2276 excutere,
745 2190 779 2259 et
806 2186 844 2258 in
872 2189 1015 2275 sortem,
1044 2185 1268 2278 regimenque
1286 2185 1459 2257 iustorum
1478 2186 1704 2259 Dominorum
1724 2209 1760 2260 se
1780 2190 1944 2275 conferre,

408 2308 511 2399 ,dum
547 2311 720 2382 rectorum
758 2311 793 2381 et
828 2307 1102 2401 principantium
1139 2307 1334 2396 temeritas,
1368 2307 1476 2380 frenis
1512 2308 1643 2381 laxatis
1675 2308 1855 2398 licentiae,
1887 2329 1946 2401 per

408 2428 607 2521 ,quaelibet
634 2427 736 2503 deuia
763 2433 798 2502 et
826 2431 950 2503 obruta
977 2429 1151 2524 graditur,
1183 2434 1218 2502 11
1245 2450 1369 2502 manus
1397 2450 1466 2501 non
1494 2429 1607 2502 solum
1634 2429 1775 2523 iniquas
1799 2431 1843 2502 ad
1861 2430 1944 2502 irro-

409 2549 560 2643 ,gaudas
587 2549 752 2639 iniurias,
782 2549 843 2622 sed
870 2550 975 2624 etiam
1003 2550 1047 2622 ad
1066 2549 1311 2623 effundendum
1330 2551 1538 2644 sanguinem
1562 2551 1786 2626 innocentum
1804 2557 1946 2626 cruenta

408 2671 722 2764 ,immoderatoque
756 2671 901 2744 audacia
931 2672 1127 2766 porrigens,
1162 2671 1263 2764 quasi
1291 2673 1383 2764 apud
1411 2672 1598 2746 Dominum
1624 2674 1801 2746 ultionum
1835 2674 1944 2746 omnis

408 2793 604 2883 ,vindictae
630 2792 719 2866 ratio
748 2793 1004 2884 conquieverit,
1033 2793 1276 2867 debacchatur.
1306 2793 1374 2867 Sed
1401 2815 1513 2886 nequo
1532 2795 1576 2867 ad
1594 2795 1749 2887 culpam,
1770 2800 1943 2868 contume-

408 2914 582 3006 ,liamque
614 2914 731 2988 iustus
763 2936 878 2988 rerum
911 2914 1113 2988 aestimator
1144 2919 1360 3008 retorqueat,
1394 2916 1454 2990 sed
1485 2917 1603 3008 potius
1636 2917 1679 2989 ad
1705 2915 1945 3009 prouidentiae

409 3040 690 3129 ,argumentum
720 3035 750 3108 si
778 3056 879 3110 onere
907 3037 1171 3128 oppressionum
1204 3037 1337 3110 subditi
1369 3037 1529 3130 impulsi,
1564 3043 1757 3130 opportuno
1785 3038 1944 3130 iustoque

409 3157 636 3249 ,mutationis
662 3157 815 3230 remedio
843 3158 1046 3250 superbum,
1075 3158 1248 3231 iniustum
1275 3163 1379 3251 atque
1399 3181 1542 3232 auarum
1566 3159 1732 3254 abrogent
1750 3159 1942 3253 imperium,

409 3283 465 3370 ,11
483 3279 519 3352 in
538 3279 720 3368 ditionem,
749 3282 1027 3371 potestatemque
1045 3279 1192 3353 alterius
1211 3279 1475 3374 transmigrent,
1504 3281 1703 3355 conditione
1722 3287 1757 3356 11
1776 3282 1943 3354 varietate

409 3399 606 3491 ,actionum
634 3405 670 3474 ct
695 3405 891 3494 temporum
919 3401 1122 3474 facultatem
1149 3401 1225 3474 illis
1252 3401 1532 3475 administrante.
1571 3402 1721 3476 Proinde
1752 3425 1817 3476 nos
1844 3405 1941 3476 Prae·

409 3522 510 3613 ,lati,
539 3522 701 3612 barones,
730 3522 919 3610 militares,
949 3522 1100 3612 nobiles,
1129 3523 1240 3612 cives,
1272 3523 1437 3617 oppidani
1457 3529 1492 3598 et
1511 3525 1661 3614 incolae,
1695 3524 1860 3599 videlicet
1878 3529 1942 3596 111-

409 3665 546 3735 ,rarum
574 3644 755 3733 Prussiae,
784 3643 997 3733 dulmensis,
1032 3644 1259 3718 Pomeraniae
1287 3649 1322 3718 et
1348 3645 1652 3735 Michaloviensis,
1687 3650 1803 3720 status
1840 3647 1942 3720 eccle-

410 3766 567 3858 ,siastioi
594 3769 629 3839 et
657 3765 862 3855 saecularis,
893 3765 1130 3858 significamus
1158 3771 1277 3840 tenore
1305 3767 1541 3858 praesentium
1567 3767 1742 3842 universis
1765 3773 1801 3842 et
1828 3767 1941 3860 singu-

410 3886 493 3977 ,lis‚
522 3890 595 3959 tam
622 3887 864 3979 praesentibus
893 3911 997 3980 quam
1025 3888 1169 3962 futuris:
1199 3889 1352 3982 qualiter
1379 3890 1447 3963 etsi
1474 3890 1689 3983 temporibus
1709 3889 1942 3982 superioribus

410 4008 567 4101 ,proari,
596 4008 654 4081 avi
681 4013 716 4082 11
742 4009 917 4102 genitores
945 4011 1074 4100 nostri,
1104 4009 1437 4103 111111111113),
1465 4033 1588 4106 graves
1607 4011 1942 4103 innumerabilesque

411 4152 452 4221 ,a
479 4130 647 4224 Magistro
675 4135 710 4203 et
738 4129 864 4206 Ordine
891 4131 1058 4205 Prussiae
1077 4132 1344 4225 pertulissemus
1364 4133 1620 4226 oppressiones,
1646 4133 1729 4205 dum
1747 4153 1816 4205 non
1835 4133 1942 4205 soluru

411 4252 614 4345 ,Magister,
651 4253 711 4325 sed
743 4258 778 4326 et
810 4255 866 4326 sui
897 4253 1214 4343 Commendatores,
1248 4253 1284 4326 iu
1316 4277 1379 4328 nos
1411 4253 1657 4344 desaeviendo,
1691 4255 1877 4348 plerosque
1904 4275 1943 4326 er

411 4373 548 4465 ,nobis,
576 4373 675 4445 nullo
703 4372 779 4448 iure
807 4380 959 4465 1111111,
994 4375 1168 4468 capitibus
1201 4376 1409 4468 plecterent,
1443 4377 1531 4449 alios
1558 4376 1832 4469 proscriberent,
1860 4377 1941 4449 alios

412 4495 532 4585 „bouis
560 4494 810 4588 temporalibus
840 4497 1066 4587 mulctarent,
1095 4501 1130 4570 et
1158 4497 1250 4589 quod
1277 4497 1374 4570 dictu
1403 4519 1540 4590 quoque
1557 4499 1655 4571 nefas
1684 4502 1753 4588 est,
1785 4498 1941 4590 coniuges

413 4620 469 4707 ,ct
494 4615 587 4690 filias
618 4621 815 4690 nostratum
847 4619 980 4711 stupris
1014 4623 1049 4692 et
1075 4618 1258 4692 adulteriis
1290 4618 1456 4693 violentis
1490 4619 1673 4710 vitiarent,
1710 4620 1748 4692 iu
1781 4621 1940 4713 quosdam

414 4759 479 4829 ,ex
506 4738 622 4828 nobis,
651 4744 692 4812 ut
717 4739 971 4814 trucidaremur
998 4747 1033 4813 11
1059 4739 1354 4831 venundaremur,
1383 4761 1582 4834 caperemur
1609 4745 1645 4813 et
1671 4741 1937 4834 depactaremur,

413 4861 637 4952 ,facultatem
669 4861 891 4953 conferendo,
924 4865 1045 4955 totque
1076 4883 1320 4956 recognoscere
1352 4883 1553 4958 cogeremur
1584 4867 1619 4938 11
1645 4863 1803 4956 profiteri
1830 4861 1937 4937 Domi-

517 5173 541 5258 ¹)
564 5192 710 5253 exponere
732 5191 838 5237 venum
867 5169 930 5237 Ed.
954 5172 1044 5259 Lips.
1078 5174 1229 5256 ⁹)Actnm
1260 5175 1434 5255 Oracoviae,
1463 5176 1537 5236 feria
1566 5179 1672 5252 quarta
1694 5174 1830 5235 (tinorum
1849 5171 1883 5233 Α.
1902 5171 1937 5231 D.
2057 5177 2059 5190 '

410 5280 503 5341 1454.
541 5273 638 5342 Vide:
667 5279 828 5357 Privilegia
850 5279 903 5340 der
925 5279 1053 5342 Staende
1075 5279 1128 5340 des
1149 5279 1402 5358 Heroaogthumbe
1432 5281 1588 5340 Preussen.
1618 5281 1825 5356 erusbergae
1854 5279 1936 5354 1616,
2058 5287 2059 5352 ζ

404 5403 484 5468 paq.
509 5388 558 5464 16,
582 5391 610 5446 et
631 5383 776 5462 Dogielii:
808 5383 908 5445 Codex
930 5383 1135 5462 diplomaticus
1160 5385 1256 5461 Regni
1276 5383 1427 5446 Polouiae.
1450 5383 1556 5445 Vilnae
1580 5387 1672 5446 1764.
1695 5385 1779 5445 Τ111.
1801 5383 1848 5444 IV.
1864 5397 1936 5463 pap.

411 5491 482 5550 145.
507 5485 532 5570 ³)
556 5507 610 5550 uos
636 5489 694 5567 ipsi
715 5485 778 5552 Ed.
801 5485 901 5572 Lipa'
