4046 6278
377 471 452 548 488
885 474 998 546 ursus
1024 487 1270 546 auuuuouros
1297 474 1411 564 (xm).
1647 459 1930 570 (EAM.)

377 796 495 869 lautu
518 795 713 886 tegentur
731 794 903 884 epiruepur
924 793 1119 867 leruieurir
1141 794 1228 867 uuo
1251 812 1288 866 re
1311 797 1411 885 utque
1433 811 1494 866 rue
1517 793 1642 867 dedede
1657 795 1822 887 Kurtniro
1845 794 1931 884 lugi,

638 917 827 1006 {taetrum
849 916 1080 988 uuunrorun
1102 917 1145 988 ed
1167 916 1343 1006 petentur
1364 933 1477 1006 uren
1499 915 1665 1006 adpulu.
1807 953 1808 956 κ

479 1165 672 1241 Undeeima
698 1161 884 1238 Februarii
903 1164 942 1253 1),
971 1164 1105 1236 Paulus
1132 1163 1342 1258 Legenderff
1366 1166 1499 1238 eleetus
1527 1171 1562 1237 et
1587 1167 1815 1240 oonfirmatus
1849 1167 1932 1240 Ver·

376 1287 538 1376 miensis,
567 1287 628 1379 qui
656 1307 692 1366 ee
720 1284 936 1378 temporibus
954 1285 1138 1358 retroaotis
1158 1285 1382 1374 neutraliter,
1412 1292 1587 1378 quatenus
1607 1287 1696 1359 bona
1717 1287 1933 1377 eeclesiae

376 1409 488 1502 magis
516 1408 661 1500 paeifioa
687 1410 922 1494 remanerent,
950 1413 1125 1498 gesserat,
1157 1407 1281 1480 ridens
1310 1407 1519 1500 Magistrum
1547 1407 1687 1481 Ordinis
1714 1408 1935 1483 Ludorioun

379 1536 415 1605 et
441 1530 742 1604 Commendatores
771 1542 853 1600 suos
880 1527 1061 1601 modestos
1089 1547 1166 1600 esee
1193 1529 1237 1600 ed
1263 1549 1401 1620 paoem,
1431 1538 1494 1601 bea
1522 1529 1644 1621 aequis
1672 1529 1934 1604 conditionibus

378 1673 442 1744 per
468 1649 687 1723 Karimirum
715 1647 883 1721 Poloniae
910 1648 1042 1741 Regem
1067 1647 1121 1720 eis
1149 1649 1278 1722 oblatis
1306 1666 1409 1741 posse
1438 1649 1561 1742 perlici
1588 1651 1633 1722 ad
1659 1671 1800 1743 paoem,
1831 1651 1932 1744 depo

380 1773 450 1846 sita
477 1771 720 1858 neutralitate,
756 1770 952 1862 praelatum
979 1769 1198 1843 Ludoviuum
1229 1770 1438 1864 Magistrum
1466 1777 1501 1842 et
1529 1771 1693 1844 Ordinem
1721 1793 1848 1861 suurn,
1878 1773 1936 1846 irn-

380 1898 566 1987 properata
593 1893 644 1965 ele
672 1911 791 1965 eorum
820 1891 863 1962 ad
890 1909 1009 1982 paoem
1036 1891 1184 1979 duritia,
1213 1891 1424 1982 perlitatae
1452 1891 1606 1979 diffidam
1642 1897 1767 1985 gentes
1802 1914 1938 1986 quoque

381 2014 497 2108 regias
526 2033 569 2086 er
598 2012 817 2100 Passenlren,
845 2010 1005 2104 Nidborg
1032 2017 1067 2084 et
1094 2011 1288 2100 Wormitb,
1318 2016 1353 2086 et
1376 2013 1577 2104 capitaneos
1605 2033 1741 2102 eurum,
1772 2013 1940 2088 videlieet

383 2135 498 2207 Adam
526 2133 799 2220 Willreuowsli,
829 2131 1016 2224 Georgium
1044 2131 1301 2205 Tbuorlrowslri
1329 2138 1364 2206 et
1381 2134 1573 2206 Iohannem
1594 2134 1685 2208 Sralr
1700 2132 1731 2223 8)
1760 2135 1936 2222 eeeersiit,

386 2260 421 2329 et
440 2255 522 2328 illos
542 2254 579 2326 iu
597 2253 738 2342 Russel,
767 2253 986 2346 Bruusberg‚
1015 2251 1201 2346 Elsuberg,
1231 2254 1402 2346 Sueburg,
1438 2255 1728 2346 Wartbemburg,
1760 2253 1940 2328 Bisobor-

385 2381 480 2465 etan,
500 2395 664 2468 magnum
683 2375 835 2447 Haleten
854 2379 889 2446 et
907 2373 1118 2466 Frumborg
1138 2393 1236 2447 areee
1256 2373 1489 2460 stabileter,
1511 2375 1722 2463 intromisit,
1747 2375 1843 2468 ipsis
1861 2397 1941 2468 quo

386 2517 452 2590 que
470 2494 689 2588 ingrediendi
704 2499 742 2568 st
759 2494 960 2586 egrediendi
979 2493 1077 2582 illas,
1098 2495 1287 2587 bostesque
1299 2515 1344 2568 ex
1361 2495 1435 2568 illis
1454 2497 1702 2588 impugnandi,
1723 2499 1873 2588 plenum
1886 2519 1941 2590 po·

386 2620 549 2691 testatem
568 2615 663 2688 feeit.
689 2614 764 2706 Qun
782 2615 940 2687 nouitate
958 2613 1161 2688 Ludoriaue
1180 2616 1349 2708 Magister
1372 2617 1570 2704 intullerat,
1596 2623 1769 2708 quantum
1788 2640 1849 2692 res
1867 2619 1941 2710 iun

387 2736 596 2825 noeituru4)
625 2734 690 2824 sit,
720 2735 853 2808 silendo
878 2735 1052 2808 uberrime
1075 2736 1245 2822 ostendit,
1276 2742 1310 2808 et
1334 2736 1454 2809 missis
1477 2737 1678 2828 duplicibus
1697 2737 1835 2826 literis,
1864 2739 1942 2811 dun

389 2857 502 2931 adbub
530 2855 733 2928 Keuimirus
761 2855 839 2929 Rex
865 2856 1033 2929 Poloniae
1052 2856 1089 2928 in
1107 2857 1300 2930 Lithuaniu
1318 2863 1452 2950 ageret,
1483 2858 1525 2929 ad
1549 2858 1761 2933 Litbuuniae
1786 2860 1942 2946 barones,

389 2994 508 3070 pueern
537 2976 672 3068 preeuri
699 2981 734 3050 et
761 2975 803 3049 de
830 2996 915 3068 paee
942 2981 1018 3049 tum
1045 2977 1214 3069 primum,
1243 2997 1347 3070 quarn
1375 2979 1464 3051 aliae
1493 2978 1648 3051 ostentui
1665 2979 1811 3066 babuit,
1842 2999 1943 3072 agere

390 3098 520 3191 eoepit,
548 3096 854 3190 probationemque
872 3097 1004 3188 ipsam,
1033 3097 1212 3170 Karimiro
1232 3099 1328 3191 Rege
1347 3119 1391 3172 ex
1411 3098 1603 3170 Litbuauiu
1629 3099 1832 3188 resedente,
1866 3100 1943 3173 nie·

391 3220 441 3294 sie
460 3219 504 3292 td
523 3219 669 3293 tamnes
697 3217 909 3291 Litbuuniue
937 3217 1149 3310 speeiulibue
1177 3219 1330 3307 nuntiis,
1358 3219 1513 3312 repetiit.
1541 3219 1611 3294 Sed
1628 3224 1666 3293 et-
1684 3220 1841 3292 Paulum
1861 3220 1944 3294 Var-

391 3340 559 3413 alensem
596 3339 747 3412 electum
774 3343 810 3410 et
838 3339 1095 3428 confirmatum,
1126 3340 1288 3431 quamuis
1315 3341 1468 3428 boetem,
1502 3345 1543 3413 ut
1570 3359 1696 3432 repro
1724 3359 1813 3432 paee
1840 3345 1943 3415 eonfi-

392 3459 514 3534 oieuda
545 3459 797 3552 interponeret,
835 3459 1098 3552 multiplieiter,
1136 3465 1324 3552 autequam
1361 3459 1561 3534 durioribus
1593 3461 1855 3549 involveretur,
1889 3479 1944 3538 ex·

391 3581 508 3674 petiit.
537 3583 685 3672 Propter
713 3581 803 3672 quud
837 3581 880 3652 ad
904 3581 1054 3654 Paulum
1071 3581 1222 3655 alostum
1251 3583 1425 3655 Iohannes
1453 3583 1647 3674 Sepyeuelri
1663 3582 1707 3671 ⁵),
1735 3583 1944 3666 reseiturrs,

394 3701 426 3776 ei
451 3702 621 3794 Magister
647 3721 775 3793 aequus
801 3701 1019 3774 uenditioues
1047 3701 1090 3774 ad
1113 3720 1233 3794 paeon
1250 3702 1388 3791 offerat,
1419 3703 1487 3776 fuit
1505 3703 1720 3776 destinatus:
1747 3722 1797 3777 ne
1814 3704 1855 3776 in
1871 3706 1944 3796 plr-

395 3821 597 3897 eitbtienem
624 3821 722 3914 punis
749 3821 980 3895 simultaneue
1005 3822 1270 3911 eonsentiendo,
1300 3819 1491 3896 ludibrium
1520 3818 1597 3896 Rex
1625 3825 1736 3896 lieret.

395 4179 430 4250 lu
453 4177 670 4250 eonueutloue
692 4177 837 4267 grueret
859 4176 1108 4267 Pretrkorieurl
1128 4178 1295 4252 ornnem
1318 4178 1479 4250 lusoriae
1502 4178 1821 4266 mulleorum,
1844 4184 1946 4254 eum·

395 4315 513 4388 rusque
536 4301 643 4370 tener
664 4315 685 4370 u
707 4297 867 4369 Kurinim
897 4297 984 4388 ltege
1014 4297 1163 4371 l’olouiee
1185 4299 1321 4388 repetit;
1353 4299 1512 4372 lobenuer
1533 4299 1771 4390 lpeuprurrek
1795 4302 1945 4374 mbidin

397 4430 499 4508 oopus
521 4419 648 4504 ratione
679 4418 851 4500 oouirluuir
881 4417 986 4490 leoobl
1016 4418 1197 4510 eogleurki
1220 4419 1432 4493 adstrueres
1461 4419 1648 4508 demumr,
1676 4423 1711 4494 et
1733 4421 1895 4498 tributu
1915 4423 1945 4493 ir

881 4538 999 4614 bellun
1021 4536 1246 4615 lrulleuiouu
1268 4539 1462 4624 destruitur.

470 4800 471 4808 ‘
504 4789 569 4862 Die
598 4787 691 4862 Solis
719 4793 844 4878 quarta
871 4787 1004 4884 deeima
1031 4787 1150 4861 Martii
1165 4787 1207 4878 6),
1238 4788 1275 4860 in
1294 4788 1512 4863 Dominieam
1534 4791 1720 4880 Laetarae,
1750 4791 1944 4886 quadruge

401 4911 510 4986 simae
537 4909 700 4996 radente,
728 4895 906 5005 generalis*
930 4909 1113 4981 conventio
1142 4908 1256 5002 Regni
1283 4909 1449 4983 Poloniae
1465 4910 1495 4998 7)
1524 4910 1654 4983 dudum
1682 4911 1868 5000 instituta,
1896 4917 1944 4984 te·

511 5201 533 5283 ¹)
555 5201 718 5266 Undeoime
740 5201 788 5263 die
810 5202 920 5263 mensis
942 5201 1097 5263 Februarii
1119 5197 1182 5264 Ed.
1205 5200 1298 5289 Lipr.
1323 5201 1350 5283 ⁹)
1372 5204 1451 5267 bons
1471 5223 1592 5266 mensae
1619 5201 1695 5268 ooo.
1720 5199 1809 5268 Galo.
1832 5201 1862 5287 ¹)
1886 5205 1945 5267 Mul

403 5304 467 5372 Md.
491 5304 581 5391 Lipe.
606 5301 634 5389 ⁴)
658 5306 715 5368 eibi
737 5306 873 5368 noeituru
893 5301 957 5366 Ed.
982 5302 1072 5389 Lipe.
1104 5305 1335 5386 ⁵)Szupyueuki
1360 5301 1436 5372 soa.
1469 5305 1557 5372 dato.
1582 5306 1609 5387 ⁰)
1631 5311 1742 5371 mensis
1763 5308 1862 5370 Martii
1886 5300 1945 5372 Ed

407 5408 497 5496 urps.
522 5407 548 5490 7)
570 5409 704 5471 Poloniei
724 5405 787 5472 Ed.
811 5405 902 5494 Lipu.
