4052 6286
110 555 180 656 (Α.
199 555 245 631 D.
265 555 392 654 laod.)
627 578 741 631 oman
767 575 1012 631 nuooacnous
1040 558 1155 646 (xum).
1423 569 1429 579 ’
1588 555 1663 629 463

109 764 188 838 illis
214 786 276 857 pro
303 763 524 856 beneplacito
552 762 775 853 disposituri,
806 767 841 834 st
864 762 976 834 omnis
996 761 1164 834 bonorum
1188 782 1308 835 eorum
1326 760 1493 834 alienatio
1513 760 1662 850 irritari;

109 885 208 956 cives
235 906 316 958 vero
344 884 483 958 exiliati
510 885 567 958 nel
593 885 751 976 prologi,
779 883 816 956 in
844 883 962 960 omnia
987 903 1096 974 aeque
1123 882 1228 970 bona,
1257 882 1377 955 domos
1405 887 1440 955 et
1464 903 1581 976 agros,
1609 903 1663 956 re-

111 1006 234 1094 stitui,
263 1027 352 1097 quae
381 1027 449 1076 non
478 1005 592 1078 dorent
607 1004 638 1094 ⁵)
666 1003 808 1078 uendite
835 1010 916 1076 ante
938 1003 1133 1096 praesentis
1152 1003 1289 1075 diaetae
1307 1002 1581 1090 inchoationem3
1601 1024 1663 1095 pro
1762 1026 1766 1031 ·

109 1126 267 1200 uenditis
301 1146 438 1218 quoque
471 1124 592 1199 licebit
623 1125 674 1197 eis
702 1125 783 1198 dare
815 1124 967 1216 pretium
1000 1123 1200 1215 expositum
1227 1143 1290 1216 per
1317 1126 1519 1216 emptorem.
1558 1123 1662 1211 Item,

109 1249 205 1338 quod
224 1267 343 1338 pacem
363 1246 475 1338 ipsam
495 1267 613 1318 omnes
637 1245 808 1337 episcopi,
837 1245 969 1333 Duces,
999 1243 1171 1331 Palatini,
1200 1241 1410 1336 Dignitarii,
1438 1242 1662 1315 commendo-

108 1373 224 1454 tores,
253 1366 443 1453 militares,
477 1367 572 1438 ciues
604 1366 719 1458 Regni
751 1365 918 1438 Poloniao
946 1369 981 1436 et
1008 1363 1191 1450 Prassise,
1225 1363 1392 1436 iurabant
1424 1383 1579 1452 servare,
1608 1383 1661 1436 ro-

107 1488 307 1560 uuntiando
336 1487 498 1559 omuibus
526 1485 792 1578 exceptionibus
820 1485 907 1558 iuris
936 1490 971 1557 et
997 1483 1093 1556 secti.
1123 1484 1230 1571 Item,
1260 1483 1352 1574 quod
1370 1483 1573 1556 Keaimirus
1593 1483 1659 1556 Po·

107 1607 225 1680 leniae
252 1609 329 1680 Rex
357 1612 392 1680 et
418 1606 620 1680 Lndovicus
648 1606 813 1679 Pruseiae
841 1605 1024 1698 Magister,
1059 1603 1127 1676 etsi
1155 1605 1304 1691 firmam,
1333 1607 1514 1694 ratamque
1541 1623 1660 1694 pacem

106 1732 329 1818 praesentem
356 1729 413 1799 vel
442 1748 485 1800 ex
514 1748 554 1798 eo
581 1725 810 1815 crediderint,
840 1725 932 1816 quod
951 1746 971 1796 a
989 1725 1121 1815 Legata
1148 1722 1341 1814 apostolico
1360 1719 1548 1814 Rudolpho
1568 1723 1660 1815 epis-

105 1869 196 1940 copo
224 1849 420 1921 Larentino
448 1851 616 1935 tractata,
645 1847 820 1935 ordinata,
850 1845 1041 1937 approbata
1069 1851 1104 1916 et
1131 1845 1334 1916 confirmata
1362 1842 1425 1914 sit:
1454 1863 1516 1934 pro
1537 1843 1661 1915 maiori

106 1973 227 2042 tamen
255 1969 331 2041 eius
359 1967 591 2041 subsistentia
609 1972 644 2039 et
661 1967 801 2053 robore,
830 1987 892 2058 per
919 1985 1001 2038 suos
1026 1970 1180 2036 oratores
1198 1963 1398 2050 instabunt,
1426 1967 1467 2033 ut
1494 1983 1659 2054 praesens

105 2109 199 2180 pax,
228 2089 350 2162 foedus
378 2095 413 2162 et
439 2088 539 2176 nnio,
567 2089 729 2161 ultronee
755 2107 817 2179 per
842 2093 977 2178 partem
1005 2091 1189 2177 utramque
1217 2084 1407 2172 celebrata,
1437 2085 1686 2158 confirmetur

106 2229 176 2299 per
207 2209 387 2282 Summum
419 2208 626 2282 Pontificem
660 2208 872 2300 specialibus
904 2207 1031 2294 bullis,
1064 2205 1201 2278 adiecta
1232 2225 1344 2297 poena
1370 2223 1595 2276 censurarum
1623 2204 1659 2276 iu

104 2335 402 2422 transgressorem
430 2349 508 2401 cum
536 2328 758 2421 suppletione
785 2327 939 2401 omnium
967 2327 1180 2414 defectuum,
1210 2344 1417 2418 quacunque
1444 2323 1659 2397 authoritate

103 2450 341 2538 firmatorum,
371 2455 407 2523 ot
434 2449 633 2541 specialiter
660 2470 739 2523 cum
766 2449 961 2523 cassatione
988 2447 1228 2540 allegationis,
1258 2466 1345 2539 quae
1372 2444 1554 2537 praetendi
1574 2465 1658 2538 quo-

101 2570 300 2644 modolibet
326 2571 455 2663 possit:
484 2591 561 2644 oum
589 2575 624 2644 et
651 2570 688 2642 in
714 2569 866 2644 diaetam
893 2574 1043 2662 utraque
1068 2589 1150 2661 pars
1179 2573 1302 2660 sponte
1329 2565 1483 2654 venerit,
1516 2570 1552 2638 et
1578 2585 1658 2638 con·

100 2691 279 2778 cordiam,
313 2691 433 2764 foedus
460 2695 496 2763 et
523 2690 686 2763 unionem
717 2689 838 2764 inierit
869 2691 1043 2778 ultronee,
1076 2695 1111 2762 et
1137 2689 1261 2762 initam
1293 2687 1331 2758 in
1358 2685 1510 2779 singulis
1542 2685 1659 2758 condi·

100 2813 266 2884 tionibus
294 2817 329 2884 et
355 2811 517 2884 articulis
545 2810 690 2903 epooiali
709 2815 743 2884 et
762 2831 929 2902 expressa
955 2811 1137 2882 voluntate
1156 2806 1417 2900 emolcgauerit.
1448 2806 1507 2880 Sic
1526 2806 1659 2878 bellum

101 2939 228 3020 atrox,
257 2933 294 3004 in
313 2931 574 3024 quatuordecim
593 2952 702 3004 annos
720 2935 953 3023 protractum,
982 2951 1043 3022 spe
1070 2928 1224 3002 omnium
1242 2932 1384 3020 proptor
1401 2925 1657 2999 cunctationem

101 3053 221 3124 solam
250 3052 285 3124 in
312 3053 417 3126 rebus
444 3051 605 3125 omnibus
633 3051 827 3143 Principis,
855 3051 968 3124 serius
995 3049 1134 3122 finitum
1162 3053 1226 3122 est.

174 3408 240 3480 lux
262 3409 350 3482 luter
371 3408 508 3480 dolones
531 3411 567 3480 et
589 3407 767 3478 trucidatos
789 3407 940 3478 conlecto
962 3405 1128 3496 dispbauit
1150 3403 1285 3494 (taorgio
1307 3402 1476 3475 lolemlue
1498 3401 1593 3491 llam,

363 3529 534 3601 lithsoria
557 3531 591 3600 et
614 3527 779 3600 nonnullis
801 3527 987 3599 Procerllm
1007 3525 1158 3598 Poloniao
1182 3542 1220 3597 uo
1241 3523 1409 3596 millblrm

214 3777 291 3849 Tali
317 3775 452 3868 itaque,
482 3796 600 3867 quem,
628 3779 669 3846 ut
695 3772 1002 3866 praescripsimus,
1032 3771 1148 3860 modo,
1178 3769 1296 3844 ordine
1315 3774 1350 3844 et
1368 3769 1520 3859 foedere,
1549 3769 1656 3842 Prus-

103 3896 165 3970 sie
192 3897 373 3985 universa,
406 3899 591 3988 postquam
623 3895 774 3966 Polonos
809 3893 905 3967 vario
938 3893 1065 3980 Marte,
1099 3892 1279 3984 multoque
1306 3911 1428 3965 cruore
1456 3895 1491 3964 et
1518 3889 1656 3978 sudore,

101 4017 212 4091 annis
248 4038 354 4109 prope
387 4016 552 4090 tredecim
583 4015 814 4103 exercuisset,
843 4013 1009 4087 Polonioo
1036 4015 1158 4106 Regno
1186 4011 1286 4085 unita
1312 4015 1418 4104 atquo
1445 4009 1563 4084 dedita
1589 4015 1654 4082 est.

101 4137 298 4229 Coepitquo
326 4141 456 4212 extunc
484 4155 563 4209 area
590 4135 705 4229 Regni
731 4133 891 4208 Polonici
913 4133 1052 4207 diffusis
1071 4134 1141 4206 oris
1160 4131 1337 4224 protendi,
1367 4137 1402 4202 et
1428 4128 1581 4202 nominis
1600 4129 1656 4200 sui

101 4258 249 4331 illustre
276 4258 499 4349 praeconium
526 4257 684 4345 dilatori,
713 4255 846 4328 salubri
874 4254 1036 4343 oonsilio,
1067 4252 1200 4326 salubri
1226 4257 1316 4340 arte,
1345 4255 1381 4324 et
1404 4248 1515 4342 magis
1534 4247 1657 4321 diviua

104 4398 214 4469 quam
240 4378 393 4450 humana
419 4375 655 4469 providentia,
688 4377 838 4450 victores
867 4375 987 4465 victis,
1022 4378 1057 4448 et
1083 4374 1203 4466 nigrae
1231 4371 1350 4446 crucis
1379 4389 1512 4458 osores,
1541 4369 1653 4441 oulto·

103 4495 208 4570 ribus
234 4495 335 4570 illius
361 4503 442 4590 post
469 4501 614 4570 cruenta
640 4503 675 4569 et
702 4495 927 4589 sanguinaria
953 4496 1061 4584 bella,
1091 4495 1226 4568 uiribus
1254 4491 1431 4584 copiarum
1451 4495 1485 4564 ot
1503 4487 1654 4582 ingeniis

106 4617 267 4706 callidis,
296 4623 390 4691 terra
416 4618 573 4710 marique
599 4621 714 4711 gesta,
748 4623 828 4708 post
858 4615 980 4710 gravia
1007 4615 1102 4703 odia,
1136 4635 1224 4706 quae
1251 4613 1353 4686 annis
1380 4609 1547 4685 tredecim
1575 4627 1654 4680 sou·

103 4738 190 4830 guis
217 4739 317 4812 fusus
345 4738 406 4810 uix
435 4739 575 4830 explere
602 4736 772 4829 potuerit,
801 4736 984 4829 permixti,
1006 4739 1040 4809 et
1057 4755 1127 4826 pax
1146 4734 1294 4826 optima,
1324 4731 1451 4820 solida,
1471 4735 1565 4803 terra
1583 4749 1654 4800 ma·

103 4858 208 4951 rique
235 4859 427 4952 composita
442 4858 484 4948 ²).
512 4859 619 4931 Cuius
647 4857 909 4950 compositionis
937 4858 1125 4930 maximam
1152 4858 1287 4947 partem
1314 4851 1430 4926 laudis
1463 4856 1568 4942 atquo
1598 4869 1654 4920 ae·

105 4977 324 5052 stimatiouis
356 4979 566 5071 Rudolphus
582 4975 622 5078 ³),
645 4977 859 5069 apostolicus
892 4978 1047 5070 Legatos
1080 4975 1179 5048 tulit:
1214 4973 1378 5067 quoniam
1415 4971 1478 5044 illo
1510 4969 1656 5042 authore

104 5104 216 5191 atquo
241 5104 381 5193 egente,
410 5099 453 5172 ab
480 5097 621 5172 iniustis
648 5097 772 5188 armis,
802 5119 890 5190 quae
917 5117 1079 5190 magnam
1106 5094 1341 5169 turbationem
1358 5090 1550 5166 Catholicis
1577 5093 1654 5160 tuu-

217 5373 240 5454 l)
261 5393 320 5437 nou
344 5366 529 5438 essentiali.
553 5371 644 5457 Lipe.
671 5371 695 5448 ¹)
718 5373 886 5449 composita·
901 5368 956 5432 cit.
970 5339 1042 5432 aa
1066 5365 1156 5452 Lipo.
1181 5365 1204 5447 θ)
1228 5365 1402 5443 liudolphus
1416 5364 1583 5441 Episcopus
1598 5359 1655 5420 Lu—

104 5481 248 5541 vautinus
269 5476 332 5541 md.
354 5475 445 5562 Lipe.
1312 5467 1316 5473 ’
