4090 6290
351 579 424 657 678
858 602 971 656 arnna
997 601 1241 656 nuonncnrus
1270 581 1383 676 (1111).
1619 577 1686 679 (Α.
1707 576 1753 654 D.
1773 575 1899 680 1478.)
2041 637 2043 682 ,

348 787 561 880 consistens,
590 808 709 862 eorum
737 787 982 882 opperiebatur
1007 789 1213 878 adventum,
1247 785 1412 862 dimiearo
1445 809 1522 862 oum
1550 787 1625 861 illis
1651 791 1817 880 paratus,
1845 809 1897 861 re·

347 909 528 998 trooessit,
557 914 593 991 et
619 907 770 983 reditum
799 909 986 1000 simulans,
1015 909 1052 982 in
1079 913 1156 982 atra
1183 903 1276 982 silva
1304 930 1342 982 se
1359 909 1566 983 recondidit.
1594 910 1789 1001 Postquam
1818 929 1897 981 vero

347 1030 459 1106 sensit
485 1031 691 1110 Polonioum
724 1031 916 1104 exereitum
944 1030 986 1102 ad
1013 1029 1153 1121 propria
1181 1027 1357 1121 dilapsum
1376 1051 1468 1118 esse,
1496 1051 1540 1103 ex
1559 1031 1670 1117 saltu,
1691 1030 1729 1102 in
1748 1048 1819 1122 quo
1838 1049 1898 1120 per

347 1151 423 1224 dios
455 1150 812 1244 pluresdelituerat,
846 1150 1063 1224 clandestine
1094 1169 1273 1243 egressus,
1306 1150 1350 1222 ed
1382 1149 1548 1241 oppidum
1581 1151 1772 1238 Braenleu,
1809 1148 1899 1240 quod

347 1276 432 1346 tune
459 1293 479 1345 a
506 1273 602 1347 Duae
630 1270 850 1363 (laartoryslri
877 1272 1079 1360 tenebatur,
1110 1277 1211 1345 noete
1237 1269 1413 1364 peruenit,
1443 1273 1478 1343 at
1504 1269 1612 1360 illud,
1641 1270 1678 1343 in
1697 1290 1814 1343 oroem
1833 1267 1897 1341 dil·

348 1391 564 1486 fugientibus
597 1391 797 1490 oppidanis,
830 1391 998 1484 spoliavit
1030 1395 1065 1464 et
1097 1389 1267 1481 inoendit,
1302 1390 1548 1483 regionemque
1567 1392 1594 1480 ¹)
1627 1391 1899 1484 oiroumquaque

348 1512 473 1604 spoliis
492 1517 527 1588 et
545 1511 732 1602 incendiis,
762 1517 798 1586 et
824 1512 1031 1604 captivitate
1057 1511 1259 1586 mortalium
1287 1511 1420 1601 effeoit,
1448 1532 1641 1610 parumque
1659 1511 1792 1600 abfuit,
1813 1510 1900 1607 quin

348 1637 384 1712 et
410 1653 524 1712 aream
551 1633 589 1707 in
616 1635 794 1720 Brooalaw
821 1637 995 1734 asperent.

352 1991 532 2067 Kerlmimr
546 1993 696 2072 l’olorlee
711 1993 794 2081 ltex,
810 1993 941 2084 eomlte
957 1993 1131 2068 rebellione
1153 1993 1297 2086 llegletri
1313 1991 1477 2080 trustino,
1495 1991 1673 2069 exereltum
1687 1991 1723 2064 ln
1738 1988 1901 2064 l’rurslen

347 2114 467 2207 mittit,
490 2117 618 2213 etpost
640 2115 747 2195 oium
769 2115 965 2216 legationen
987 2116 1135 2188 induetur
1158 2134 1228 2189 ern
1243 2115 1364 2196 ltatlta
1379 2113 1561 2214 llunqariee
1575 2113 1661 2212 lege
1678 2115 1714 2190 et
1729 2111 1902 2190 emeram

1051 2235 1199 2336 eneelplt.

451 2485 684 2568 Rvidentibus
711 2485 839 2582 signis,
867 2487 1094 2562 rebellionem
1122 2491 1242 2562 eontra
1264 2473 1508 2562 iusiurandum
1527 2489 1562 2560 et
1580 2483 1702 2560 foedus
1722 2481 1900 2557 sanoitum
2041 2527 2043 2596 q

348 2606 499 2682 Martino
527 2595 691 2688 Threslar
719 2607 883 2686 Prussiae
910 2609 1078 2705 Magistro
1106 2629 1185 2686 eum
1203 2608 1330 2686 Ordine
1349 2629 1412 2684 suo
1431 2611 1646 2696 maturante,
1670 2610 1706 2680 et
1725 2601 1898 2679 llatbiam

349 2727 551 2823 Hunguriae
578 2730 708 2828 Regem
726 2730 764 2805 in
784 2751 883 2805 suem
901 2729 1152 2824 protectionem
1176 2729 1380 2824 pellioente,
1408 2728 1612 2804 Kaaimirus
1631 2724 1801 2800 Poloniae
1821 2723 1899 2797 Rex

348 2849 553 2947 intelligens
569 2848 612 2947 θ),
641 2851 798 2927 exereitu
816 2852 859 2926 de
878 2851 1099 2926 mereeneriis
1127 2851 1300 2926 militibus
1320 2855 1534 2945 eomparato,
1564 2849 1602 2923 in
1628 2844 1816 2922 Prussiam
1835 2842 1899 2917 snb

348 2969 478 3046 duoatu
494 2968 524 3061 3)
552 2971 721 3050 Iohannis
749 2971 853 3067 Byali
880 2979 915 3047 et
941 2972 1110 3047 Iohannis
1137 2970 1403 3067 Zyolyeeaenslri
1418 2971 1449 3062 ⁴)
1476 2970 1520 3044 ad
1547 2967 1799 3044 eonterendum
1819 2984 1898 3037 oon·

323 3072 537 3164 'tumaoiam
568 3091 709 3170 Nleolai
741 3093 900 3188 Tunger,
936 3093 996 3186 qui
1024 3093 1263 3168 Vermiensem
1296 3093 1488 3186 occupabat
1514 3089 1773 3183 episcopatum,
1801 3104 1898 3157 man·

348 3209 452 3300 dans,
481 3233 524 3286 ne
551 3213 719 3307 Magistro
747 3213 912 3288 Prussiae
940 3220 974 3288 et
1002 3214 1078 3288 eius
1105 3215 1208 3288 terris
1236 3213 1391 3308 aliquem
1409 3213 1481 3286 uim
1500 3211 1684 3298 inferrent,
1715 3204 1898 3280 transmit-

348 3331 405 3406 tit.
435 3333 484 3403 At
511 3332 679 3430 Magister
704 3334 870 3408 Prussiue
898 3334 1168 3408 suoourrendum
1195 3333 1341 3407 Nioolao
1368 3334 1513 3426 Tunger
1539 3335 1654 3419 ratus,
1679 3328 1717 3402 iu
1736 3348 1898 3419 eampum

349 3473 428 3525 oum
456 3453 530 3526 suis
558 3459 594 3534 et
619 3455 765 3528 Nioolao
793 3456 938 3549 Tungen
956 3455 1133 3548 egreditur
1150 3459 1381 3548 pugnaturus.
1411 3453 1480 3527 Sed
1499 3474 1578 3526 oum
1596 3451 1774 3524 Iohannes
1793 3446 1899 3539 Byali

336 3572 510 3672 eeleriter
535 3575 740 3666 proaedens,
770 3576 879 3649 vellet
906 3597 984 3649 eum
1012 3596 1051 3648 eo
1079 3595 1219 3648 manum
1247 3595 1442 3664 oonserere,
1474 3572 1648 3646 dissoluto
1664 3569 1695 3661 5)
1724 3567 1897 3654 exercitu,

350 3693 450 3766 ouius
481 3693 591 3770 maior
622 3717 704 3787 pars
732 3716 775 3769 ex
803 3696 1000 3789 agrestibus
1033 3700 1123 3784 erat,
1157 3701 1193 3768 et
1220 3695 1354 3768 veritus
1388 3715 1488 3766 suam
1516 3697 1551 3766 et
1578 3712 1721 3764 snorum
1749 3687 1897 3775 oledom,

349 3833 413 3886 neo
440 3814 579 3904 videns,
609 3815 735 3890 solatia
750 3818 781 3906 6)
810 3816 878 3890 sibi
905 3839 966 3909 per
993 3815 1195 3909 Hungariae
1219 3817 1350 3910 Regem
1366 3816 1396 3906 7)
1423 3812 1598 3906 pollioita,
1628 3810 1832 3904 proaedere,
1862 3807 1898 3879 in

350 3953 447 4006 areos
474 3935 620 4028 refugit,
654 3936 944 4030 episcopatusque
975 3936 1193 4009 Vermiensis
1221 3937 1302 4029 igne
1329 3939 1364 4010 et
1390 3933 1506 4029 gladio
1535 3933 1754 4005 vastabatur.
1783 3927 1898 4001 diitlit

351 4056 386 4126 et
412 4053 614 4130 Kanimirue
641 4055 808 4130 Poloniae
834 4058 912 4131 Rex
941 4056 1156 4129 Stanislaum
1183 4056 1402 4147 Wantropka
1429 4055 1471 4128 do
1498 4053 1672 4126 Strneloae
1699 4049 1897 4142 palatinum

350 4173 572 4250 Belsaensem
600 4177 652 4289 ad.
671 4176 838 4250 Mothiam
866 4177 1067 4284 Hungariae
1095 4178 1242 4269 Regem,
1272 4177 1432 4264 hortans,
1461 4196 1503 4276 ne
1531 4176 1651 4246 eontra
1678 4170 1802 4243 foedus
1831 4167 1896 4238 Po·
2041 4243 2043 4272 ς

349 4293 465 4368 leniae
495 4299 530 4368 et
556 4295 758 4389 Hungariae
790 4297 1005 4390 Regnorum,
1039 4297 1169 4370 dudum
1202 4295 1311 4369 iatum
1344 4301 1379 4370 et
1410 4298 1567 4368 recenter
1597 4293 1822 4376 innovatum,
1856 4287 1896 4359 de
2041 4325 2043 4412 q

349 4413 513 4507 Principe
540 4421 575 4489 et
602 4417 802 4490 consiliario
834 4417 947 4511 Regni
979 4417 1146 4490 Poloniae
1185 4423 1220 4490 ot
1256 4416 1358 4490 terris
1390 4415 1556 4488 Prussiue
1592 4433 1630 4485 se
1661 4408 1894 4483 intromittet:

349 4555 419 4607 non
447 4535 562 4610 miuus
590 4537 682 4609 enim
710 4538 876 4611 Poloniae
903 4537 992 4630 Regi
1006 4537 1038 4628 8)
1066 4538 1263 4625 Prussiam,
1297 4558 1400 4628 quam
1428 4533 1644 4621 cracoviam,
1670 4520 1780 4603 'aurae
1807 4549 1893 4601 esse.

350 4654 399 4728 dr
425 4654 503 4728 Rex
531 4655 778 4751 Hungariee⁰)
806 4658 935 4750 spiritu
962 4659 1053 4732 elato
1080 4657 1274 4751 rospondit:
1302 4656 1383 4730 Non
1401 4677 1478 4729 esse
1495 4655 1681 4727 honestum
1701 4649 1789 4738 sibi,
1815 4669 1893 4721 eon·

350 4779 543 4853 foederatos
562 4802 644 4854 suos
672 4780 895 4873 (Magistrum
919 4780 1084 4852 Prussiae
1102 4785 1228 4852 notans
1247 4783 1282 4851 et
1300 4779 1487 4852 Nieolaum
1505 4776 1665 4867 Tunger)
1684 4772 1893 4862 relinquero.

350 4901 557 4994 Rogaroquo
572 4900 738 4974 Poloniee
757 4902 887 4994 Regem
903 4901 947 4991 10)
966 4921 1027 4992 por
1046 4900 1281 4973 Wladislaum
1301 4899 1478 4992 Antiquae
1498 4895 1618 4969 Budae
1636 4891 1892 4985 Praepositum,

459 5209 483 5290 ¹)
504 5211 713 5288 regionemque
742 5211 823 5271 illam
852 5206 915 5272 Ed.
948 5205 1037 5291 Lipo.
1070 5205 1097 5288 2)
1127 5208 1158 5268 id
1187 5207 1356 5283 intelligens
1379 5200 1442 5267 Ed.
1467 5201 1560 5285 Lipe.
1593 5199 1696 5280 ³)sub
1720 5203 1811 5263 ductu
1834 5195 1892 5261 Ed.

351 5312 445 5398 Lips.
478 5310 505 5397 ⁴)
528 5315 720 5376 Sozeseenski
753 5308 827 5376 Cori.
851 5310 960 5373 Przez.
991 5311 1178 5373 Zielioniuski
1202 5307 1265 5371 Ea.
1289 5306 1379 5390 Lipe.
1410 5303 1437 5390 ⁵)
1460 5308 1526 5384 ipse
1548 5305 1692 5366 dissoluto
1715 5301 1782 5366 Ed.
1805 5301 1891 5385 Lipr.

352 5415 379 5496 ⁶)
401 5419 512 5478 auxilie
534 5413 596 5478 Ed.
619 5415 709 5500 Lipe.
735 5415 760 5495 ⁷)
782 5435 835 5492 per
856 5416 997 5475 Mathiam
1019 5416 1190 5490 Hungariae
1211 5414 1322 5488 Regem
1346 5407 1410 5472 Ed.
1435 5406 1528 5492 Lips.
1553 5408 1740 5488 ⁸)animiro
1755 5409 1890 5468 Poloniae

350 5521 426 5596 Regi
448 5516 511 5581 Ed.
528 5516 617 5602 Lips.
642 5519 669 5599 ⁹)
685 5521 749 5580 Rex
771 5519 941 5596 Hungariae
964 5517 1091 5577 Methies
1113 5512 1176 5577 Ed.
1200 5511 1293 5597 Lips.
1322 5511 1361 5592 ¹⁰)
1383 5515 1495 5588 Regem
1518 5512 1692 5572 Gasimirum
1717 5507 1782 5571 Ed.
1804 5507 1889 5592 Lupe.
