4040 6290
367 503 443 580 580
874 526 987 580 omna
1012 523 1257 580 nuonnonros
1284 507 1401 597 (xmp.
1634 502 1706 603 (Α.
1726 501 1778 578 D.
1799 499 1926 598 1473.)

365 711 419 786 ito
448 715 490 786 ut
517 711 682 806 oppidum
708 709 813 786 Zarli
839 711 1035 801 obsessum,
1071 713 1172 804 parte
1205 713 1356 803 utraque
1383 711 1568 804 probante,
1598 711 1638 784 in
1663 709 1794 785 laeobi
1823 709 1925 782 Dan·

366 831 530 925 byonski,
557 831 705 906 Ribniki
729 835 849 906 ¹autem
876 836 1131 925 expugnatum,
1159 831 1197 903 in
1224 830 1373 904 iunioris
1400 832 1576 924 Kropaea‚
1605 831 1668 924 qui
1687 831 1881 924 terrigena
1896 837 1928 903 ot

366 952 530 1027 subditus
548 951 656 1026 lineis
674 951 919 1027 Ribnieoensis
938 957 1027 1042 erat,
1055 953 1254 1026 traderetur
1270 955 1494 1045 potestatem.
1522 952 1621 1025 Haeo
1638 955 1712 1025 tam
1731 954 1925 1044 oportuno,

365 1075 507 1166 tamque
535 1071 640 1146 fortia
666 1071 961 1161 maehinamenta,
996 1093 1059 1165 por
1085 1072 1286 1146 universam
1312 1071 1465 1146 hiemem
1488 1071 1641 1147 llatbias
1668 1073 1748 1146 Rex
1773 1071 1805 1160 ¹)
1837 1091 1924 1144 oom-

366 1195 504 1286 parata,
532 1212 595 1283 pro
622 1192 821 1284 quassanda
851 1191 999 1266 Pelonia
1026 1197 1061 1266 ot
1084 1192 1268 1282 Bohomia,
1302 1193 1404 1284 quasi
1436 1197 1621 1285 utramque
1647 1192 1841 1284 extemplo
1871 1213 1928 1283 pro

370 1333 433 1386 sno
450 1311 554 1384 libito
572 1315 793 1401 vastaturus,
822 1311 1054 1402 diffundebat,
1083 1311 1247 1404 omnique
1270 1312 1387 1386 studio
1405 1319 1613 1405 apparatum
1636 1314 1768 1406 agebat
1788 1313 1840 1384 ari
1858 1311 1927 1384 bol-

369 1434 460 1522 lum,
488 1451 673 1524 prosumus
690 1431 873 1520 Poloniam
891 1454 912 1504 a
930 1432 1043 1506 tronto
1061 1435 1096 1506 ot
1114 1454 1135 1504 a
1155 1435 1265 1525 tergo.
1293 1433 1350 1506 Ex
1368 1454 1407 1506 oo
1426 1433 1578 1506 maxime
1596 1433 1767 1507 Poloniao
1788 1431 1928 1524 Rogo

370 1552 500 1640 iratus,
529 1552 622 1644 quod
647 1547 769 1645 gentes
793 1573 876 1626 suas
893 1553 931 1625 in
950 1551 1076 1645 oppido
1095 1552 1296 1646 Hungarieo
1326 1553 1508 1646 Stroplrow
1525 1551 1759 1645 infrequenti
1780 1572 1929 1626 nnmom

372 1671 621 1760 consistentes,
651 1692 787 1745 omnem
814 1693 910 1746 oram
936 1671 1190 1765 Hnugarieam,
1219 1693 1332 1765 usquo
1350 1673 1394 1745 ad
1411 1677 1510 1746 trans
1529 1672 1748 1761 Oassoriam,
1780 1671 1930 1744 tributis

372 1797 408 1866 et
434 1789 752 1884 homagiationibus
784 1792 1019 1865 involverant:
1053 1791 1111 1864 eni
1142 1814 1222 1865 eum
1249 1795 1412 1885 sumptus
1447 1793 1490 1864 ad
1523 1798 1597 1864 tam
1630 1792 1757 1885 ingens
1794 1791 1930 1864 bellum
2012 1753 2014 1880 1

372 1933 443 1985 non
470 1911 750 2004 suppeditarent,
780 1911 914 1985 tributa
941 1912 984 1986 ab
1011 1913 1208 2005 Hungaris,
1237 1912 1316 1986 odio
1344 1912 1489 2006 ospitali
1515 1912 1619 1984 illum
1641 1917 1790 2005 propter
1810 1917 1930 2004 tyran
2012 1927 2014 2010 p

373 2031 491 2104 nidsm
518 2031 779 2122 exserentibus,
808 2032 1054 2125 aeonitumqus
1073 2033 1165 2124 quod
1184 2054 1285 2108 soene
1303 2038 1473 2122 eossorat,
1502 2033 1703 2126 frequentor
1730 2032 1929 2126 ingerenti·
2013 2019 2014 2068 ³

375 2152 458 2242 bus,
486 2151 647 2244 pervim
674 2152 916 2244 extorquebat.
2013 2167 2014 2248 p

402 2505 599 2577 vinnons
620 2504 789 2576 roloniae
812 2504 881 2576 llax
903 2505 1100 2577 limositate
1122 2505 1208 2577 aerio
1231 2477 1330 2577 aliem
1353 2522 1500 2595 prossus,
1530 2509 1565 2578 ot
1588 2522 1608 2578 a
1631 2507 1701 2578 ouis
1723 2507 1905 2592 tribum

532 2626 567 2696 et
589 2626 724 2713 epatre
747 2617 908 2696 [arimino
929 2624 1079 2696 latoniae
1102 2624 1188 2714 noge
1211 2624 1322 2696 loson
1344 2641 1512 2698 aureorum
1533 2626 1635 2698 millia
1657 2627 1777 2698 aulon.

484 2869 645 2964 Exiguus
673 2869 766 2962 apud
791 2874 928 2962 partem
959 2871 1123 2962 alteram,
1156 2870 1324 2946 Polonioo
1347 2871 1513 2946 videlieet
1536 2873 1669 2965 Regem
1691 2873 1929 2962 Kasimirnm,
2012 2939 2014 2986 Ι

379 2991 575 3066 habebatur
600 2994 780 3082 roopeotus
808 2995 843 3064 et
870 2995 1059 3085 apparatus
1077 2992 1122 3064 ad
1139 2991 1281 3065 bellum.
1310 2992 1379 3067 Sed
1405 2993 1601 3066 iactabatur
1619 2993 1657 3065 in
1675 2993 1931 3084 stipendiarios
2012 2999 2014 3088 l

381 3111 524 3199 fidueia,
555 3131 658 3203 quos,
685 3111 776 3185 bona
803 3111 1056 3202 aeclesiastica,
1093 3110 1132 3185 in
1163 3111 1294 3187 dioeesi
1324 3113 1532 3206 praesertim
1568 3113 1811 3204 Graeovisnsi,
1842 3137 1928 3188 anno
2013 3151 2014 3198 ῳ

381 3253 461 3306 eum
488 3229 633 3304 dimidio
660 3231 882 3322 devorantes,
910 3231 955 3305 ad
980 3233 1046 3305 hoe
1072 3253 1198 3321 unum,
1227 3253 1306 3306 eum
1328 3233 1511 3307 nonnullis
1529 3233 1745 3307 eonsiliariis
1764 3235 1930 3308 dissimu-

381 3351 503 3442 lsndo,
532 3372 602 3423 non
628 3351 807 3424 eooreobat
833 3351 927 3444 Rex,
956 3355 996 3425 ut
1024 3356 1157 3442 essent,
1183 3373 1270 3445 quos
1288 3352 1383 3425 hosti
1402 3374 1465 3426 sno
1484 3353 1573 3447 Regi
1591 3354 1799 3448 Hungariae
1816 3353 1850 3444 ³)
1877 3377 1930 3428 ro-

381 3470 495 3546 nienti
527 3473 727 3563 opponeret.
760 3465 906 3562 Rodum,
940 3476 975 3545 ot
1006 3471 1145 3561 tetrior,
1179 3472 1271 3564 apud
1300 3472 1533 3546 Wloolislaum
1565 3474 1757 3549 Bohomiae
1790 3475 1931 3568 Regem,

382 3592 421 3665 in
447 3590 616 3665 Bohomia
642 3611 758 3664 rorum
784 3591 1004 3683 publiearum
1033 3596 1108 3664 orat
1125 3591 1256 3685 imago,
1285 3591 1414 3685 qnippe
1433 3614 1512 3665 eum
1529 3595 1668 3685 plures,
1699 3599 1734 3667 ot
1762 3595 1931 3686 primores

383 3713 530 3785 barones
557 3714 592 3785 ot
618 3710 752 3784 milites
779 3710 928 3804 triginta
953 3711 1068 3785 millia
1086 3733 1123 3785 se
1141 3732 1203 3804 pro
1223 3709 1318 3805 Rogo
1345 3713 1523 3786 soluturos
1550 3712 1750 3802 Vietorino,
1782 3714 1930 3788 Henrieo

385 3836 420 3906 et
437 3831 606 3920 Hineoni‚
625 3830 712 3904 filiis
731 3830 930 3905 Giroilronis
945 3831 988 3921 4),
1018 3837 1054 3905 ot
1072 3831 1170 3922 aliis,
1200 3832 1324 3906 strieta
1342 3832 1520 3905 eauissont
1538 3833 1772 3928 obligatione,
1802 3839 1841 3908 et
1858 3835 1929 3906 Fri·

385 3951 523 4025 ‹lorieus
551 3951 746 4044 Imperator
772 3951 1007 4026 Romanorum
1034 3952 1076 4025 do
1103 3951 1251 4046 triginta
1278 3953 1413 4026 duobus
1440 3952 1615 4044 millibus,
1644 3975 1734 4046 quae
1762 3976 1829 4046 pro
1857 3956 1930 4027 doto

386 4071 569 4145 Elisabeth
595 4070 762 4145 Poloniao
789 4069 945 4164 Reginae
973 4071 1210 4165 obligabatur,
1243 4070 1442 4166 frequentor
1468 4073 1743 4165 repromisisset,
1773 4075 1820 4148 en
1849 4079 1929 4148 tem·
2013 4121 2014 4176 p

385 4213 468 4285 pus,
497 4189 540 4264 do
558 4213 627 4283 quo
650 4191 804 4265 finaliter
822 4192 954 4284 Regem
972 4191 1160 4266 Behomiao
1179 4193 1447 4282 eertifioavorat,
1477 4214 1546 4266 non
1565 4194 1823 4286 respondisset,
1854 4195 1929 4268 liele

386 4311 539 4386 iussores
570 4311 661 4405 rogii
691 4311 850 4384 fortunas
878 4332 960 4384 suas
988 4315 1023 4384 et
1050 4311 1141 4384 bona
1167 4311 1362 4385 distrahere
1392 4311 1519 4402 eoaeti,
1552 4313 1684 4406 Rogom
1711 4313 1930 4406 improperiis

385 4431 606 4521 inoeosoudo,
635 4451 747 4524 noque
774 4431 819 4503 ab
846 4430 1086 4523 expeditiones
1113 4430 1180 4521 ire,
1208 4452 1321 4524 neque
1339 4432 1429 4525 Regi
1446 4453 1583 4524 parere,
1611 4433 1799 4524 eurabnnt,
1828 4435 1931 4506 donee

388 4557 516 4627 sortem
548 4551 682 4645 regiam
713 4571 831 4624 omnes
863 4550 1037 4640 miserati,
1071 4551 1258 4625 eollatione
1288 4551 1327 4623 in
1357 4552 1473 4644 eapite
1504 4554 1705 4626 colonorum
1737 4558 1775 4625 et
1806 4553 1930 4626 sirium

388 4675 496 4760 faeta,
525 4671 683 4746 debitum
710 4670 912 4745 huiusmodi
939 4671 1155 4764 pendissent.
1183 4671 1351 4745 Poloniao
1369 4671 1513 4764 insopor
1531 4673 1609 4746 Rox
1627 4671 1851 4763 Karimirus,
1879 4694 1930 4746 ne

389 4792 549 4870 oossitati
575 4791 684 4886 Regis
700 4791 731 4882 5)
758 4797 794 4866 ot
820 4791 935 4886 Regni
962 4780 1150 4866 Bohomiao
1169 4813 1416 4880 sueoursnrus,
1444 4793 1561 4866 doeem
1579 4793 1636 4865 illi
1654 4814 1841 4868 aureorum
1859 4793 1930 4866 mil·

387 4915 439 4989 lia
466 4911 680 4987 transmisit:
714 4911 843 5005 quibus
870 4916 1025 4986 eaotrnm
1055 4912 1198 4986 Hradelr
1224 4912 1313 4985 alias
1339 4911 1595 4986 Krniwolrlatbi
1609 4912 1656 5004 ⁰),
1687 4913 1780 4986 bona
1806 4914 1931 4987 habens

499 5205 522 5284 ¹)
544 5205 718 5284 Huugarias
738 5205 804 5267 Rex
825 5200 889 5266 Ed.
912 5200 1003 5286 Dipo.
1028 5200 1055 5281 Ω)
1079 5202 1222 5265 Gasimiro
1243 5203 1385 5264 Poloniso
1402 5198 1478 5280 Regi
1492 5195 1557 5264 Ea.
1573 5199 1664 5286 Lipa.
1681 5201 1852 5282 ³)llstbiao
1867 5203 1931 5280 Regi

391 5313 564 5392 Hungariae
586 5306 652 5372 Eo.
675 5305 766 5392 Lapa.
798 5305 825 5389 ⁴)
848 5307 918 5370 olim
938 5307 1083 5368 Iraikonis
1113 5305 1385 5383 Posadoyobraeaki
1409 5294 1471 5368 Ed.
1496 5303 1589 5389 Lipo.
1620 5304 1649 5387 δ)
1670 5307 1828 5368 wladislai
1847 5306 1930 5382 Rog'!

394 5415 458 5481 Ed.
481 5414 573 5499 Lips.
597 5409 626 5498 ⁶)
649 5411 864 5475 Kraiwofflatbi
889 5405 965 5474 ooo.
990 5405 1079 5473 Colo.
1101 5408 1329 5486 Kraiuolrlyethi
1350 5405 1413 5472 Ed.
1437 5404 1529 5491 Lipe.
