4264 6280
409 535 457 608 36
782 585 786 594 -
920 555 1033 610 crasa
1060 555 1305 609 ouounourus
1333 536 1447 626 (nur).
1681 531 1748 632 (Α.
1768 531 1813 606 D.
1833 529 1962 630 1447.)

400 745 466 817 bus
494 743 719 830 tractatibus
749 743 825 815 sine
852 744 919 814 fine
946 741 1094 814 remisit.
1124 742 1205 832 Ipse
1234 761 1371 832 quoque
1390 743 1472 812 Dux
1492 739 1659 829 Michael,
1689 740 1783 832 Rege
1802 740 1830 829 ¹)
1858 741 1955 812 insa-

403 867 534 952 lutat0,
565 864 719 936 sentiens
748 863 816 935 sibi
843 863 1064 934 Karimirum
1092 863 1223 953 Regem
1251 861 1527 953 implacabilem,
1558 865 1592 934 ot
1610 859 1765 950 altam²l
1793 861 1961 932 humilia·
2033 965 2035 970 ι

403 985 536 1056 tionem
564 984 834 1072 infructuosam,
864 983 1041 1055 discessit.

433 1339 593 1410 Posnonia
615 1339 649 1408 in
673 1338 819 1408 adventu
841 1337 993 1408 Kasiniri
1015 1337 1113 1425 togis
1135 1353 1218 1425 pano
1241 1338 1316 1407 tots
1338 1335 1542 1424 conflagrata
1565 1353 1585 1405 s
1607 1334 1745 1425 propriis
1768 1334 1929 1424 diripitur.

510 1587 602 1656 Dum
630 1588 747 1656 autem
774 1583 977 1654 Karimirns
1005 1584 1083 1654 Rex
1116 1603 1160 1654 ex
1188 1582 1339 1654 Kalisoh
1375 1582 1587 1654 Posnaniam
1622 1581 1839 1669 advenisset,
1875 1581 1962 1653 eivi-

406 1713 461 1778 tas
488 1704 739 1777 Posnauiensis
777 1724 860 1774 casu
897 1703 1039 1776 incensa
1075 1708 1143 1792 est,
1182 1707 1217 1775 et
1244 1707 1319 1774 tota
1351 1703 1439 1790 fero,
1477 1707 1616 1792 praeter
1643 1703 1763 1773 domos
1792 1691 1962 1789 muratas,

404 1827 485 1918 igne
514 1829 735 1914 consumpta,
766 1829 800 1894 et
828 1823 975 1895 ecclesia
1004 1824 1151 1896 Sanctae
1172 1823 1301 1895 Mariae
1321 1823 1546 1916 Magdalonae
1567 1827 1704 1894 exusta.
1725 1821 1871 1909 Poloui,
1900 1821 1961 1892 Li-

405 1945 532 2017 thuani
560 1949 594 2016 ct
621 1943 801 2031 Thartari,
837 1943 897 2035 qui
930 1948 1029 2015 erant
1061 1965 1139 2015 oum
1167 1945 1262 2035 Rege
1278 1942 1321 2032 ³),
1354 1947 1542 2035 coeperunt
1561 1963 1663 2034 agere
1683 1942 1898 2033 direptiones
1928 1947 1964 2014 ct

405 2065 533 2158 spolia:
567 2069 709 2155 propter
739 2064 831 2155 quod
859 2065 978 2154 plures
1007 2085 1049 2136 en
1078 2064 1129 2134 eis
1158 2068 1257 2136 orout
1284 2064 1462 2136 interiecti
1481 2069 1515 2136 et
1534 2063 1647 2153 aliqui
1674 2062 1775 2134 iussu
1801 2062 1912 2154 Regis
1929 2063 1960 2150 4)

405 2184 582 2258 decollati.
613 2183 745 2256 Civitas
774 2184 852 2275 ipsa
879 2205 1023 2275 magnos
1052 2183 1124 2275 egit
1151 2185 1269 2256 luctus
1298 2190 1332 2257 et
1359 2185 1529 2271 lamenta,
1564 2187 1640 2254 tum
1671 2203 1734 2273 pro
1762 2183 1962 2268 exustione,

408 2326 496 2396 quae
525 2305 557 2376 ei
585 2303 773 2392 acciderat,
802 2309 878 2375 tum
907 2325 968 2394 pro
998 2304 1138 2395 spoliis,
1169 2325 1257 2394 quae
1286 2326 1306 2375 a
1333 2303 1484 2396 propriis
1513 2303 1719 2395 pertulerat.
1746 2302 1814 2375 Sed
1833 2309 1869 2375 et
1888 2304 1963 2374 Ka·

408 2424 553 2496 aimirus
581 2425 658 2496 Rex
690 2445 753 2514 par
785 2424 969 2496 continuos
987 2429 1058 2495 tres
1078 2424 1152 2495 dies
1173 2445 1292 2496 casum
1311 2429 1383 2496 tam
1403 2425 1608 2496 damnosum
1627 2423 1792 2510 deflebat,
1820 2425 1962 2513 *quarn

406 2546 527 2637 plures
555 2543 623 2614 viri
653 2544 827 2634 sapientes
857 2549 890 2616 et
918 2544 1091 2631 timorati,
1121 2543 1231 2614 futuri
1259 2543 1344 2614 mali
1371 2543 1594 2636 praesagium
1621 2542 1835 2614 iudicabant.
1865 2543 1963 2614 Esu-

408 2665 476 2736 stio
505 2667 623 2736 autem
652 2663 728 2756 ipsa
756 2665 848 2736 faeta
876 2685 952 2737 esso
979 2664 1265 2756 praesumebatur
1293 2665 1335 2735 ob
1364 2664 1571 2755 turpissima
1598 2667 1633 2735 ot
1661 2663 1868 2735 sodomitica
1887 2684 1964 2736 sco-

406 2786 498 2872 lera,
528 2806 616 2875 quae
643 2785 680 2857 in
709 2784 806 2857 ouria
832 2784 930 2877 rogia
957 2784 1099 2876 impune
1118 2783 1442 2872 committebantur,
1472 2789 1506 2856 et
1530 2785 1573 2856 ob
1594 2787 1747 2874 spretam
1767 2783 1876 2855 Ducis
1896 2783 1964 2855 Mi-

407 2905 541 2976 chaelis
569 2905 868 2992 humiliationem
898 2911 932 2978 et
951 2901 1247 3004 computantium
1267 2903 1379 2995 primo
1400 2904 1587 2977 conticinio
1606 2905 1796 2995 coepisset,
1821 2903 1968 2976 nonnisi

408 3027 482 3097 sole
510 3029 633 3096 exorto
662 3025 845 3116 quievit*

825 3377 908 3447 lors
931 3376 1067 3448 terrarii
1091 3377 1233 3466 episcopi
1256 3376 1548 3448 wratislaviensis.

513 3623 617 3696 Faria
644 3626 769 3714 quarta
796 3621 833 3693 in
860 3622 985 3715 vigilia
1013 3622 1135 3696 Sancti
1162 3623 1363 3710 Laurentii,
1393 3623 1570 3695 conradus
1598 3622 1783 3714 episcopus
1812 3622 1967 3695 Wratis-

408 3744 578 3817 laviensis
607 3743 644 3814 in
673 3741 770 3814 coria
799 3743 990 3834 episcopali
1017 3743 1270 3815 Wratislariao
1298 3743 1446 3814 moritur
1474 3747 1509 3816 et
1537 3743 1573 3814 in
1602 3743 1751 3815 ecclesia
1775 3741 1967 3814 Wrotisla-

408 3865 524 3936 riensi
551 3865 748 3934 tumulatur
763 3862 811 3951 ὅ);
839 3863 945 3934 tertia
973 3884 1109 3955 quoque
1138 3864 1212 3936 dies
1241 3863 1456 3954 Septembris
1488 3885 1550 3955 per
1578 3863 1778 3954 Capitulum
1811 3861 1967 3935 Wratis.

408 3985 566 4057 larionse
585 3983 787 4055 instituitur
805 3987 840 4055 et
858 3983 1059 4055 nominator
1077 4005 1139 4075 pro
1159 3984 1269 4056 futuri
1293 3984 1470 4074 pontificis
1499 3983 1679 4057 eloctione.
1708 3984 1778 4056 Hic
1802 3984 1968 4076 pontifex

410 4110 484 4178 erat
511 4105 592 4174 Dux
622 4102 756 4175 Slesiae
784 4103 826 4174 <le
854 4103 1118 4194 Olyosnieca⁶)‚
1148 4111 1182 4176 et
1211 4103 1313 4176 anuis
1345 4126 1451 4195 prope
1484 4105 1717 4198 quadraginta
1743 4105 1839 4177 rexit
1866 4107 1968 4178 illam

409 4223 611 4312 eeclesiam,
641 4223 701 4294 sed
731 4223 795 4294 sub
829 4223 905 4294 eius
941 4224 1110 4316 regimine
1142 4245 1230 4314 pone
1258 4228 1332 4296 tota
1359 4231 1547 4298 corruerat.
1581 4225 1683 4298 Unde
1711 4225 1861 4316 quadam
1880 4247 1962 4318 poe-

409 4343 572 4416 nitudine
600 4343 743 4430 ductus,
772 4347 926 4415 cesserat
954 4347 1034 4416 ante
1062 4343 1349 4416 mortemtribus
1369 4345 1486 4432 annis,
1515 4344 1638 4416 honori
1658 4349 1693 4417 et
1713 4344 1809 4417 oneri
1829 4345 1967 4436 episco-

408 4469 528 4554 patus,
557 4468 679 4554 postca
706 4484 787 4534 roro
815 4462 1005 4554 poenituit,
1035 4471 1069 4536 ot
1097 4471 1168 4536 tarn
1188 4463 1412 4556 dignitatern,
1442 4486 1546 4554 quam
1565 4464 1842 4556 possessiouem,
1877 4487 1969 4557 quae

409 4583 567 4673 iamper
595 4582 830 4672 Capitulares,
861 4603 900 4654 ao
928 4584 1143 4676 resignante,
1174 4585 1377 4672 tenebatur,
1405 4585 1558 4676 repetiit.

520 4853 542 4934 ¹)
568 4857 710 4917 Oasimiro
732 4857 815 4935 Rege
837 4855 900 4918 Ed.
923 4853 1013 4939 Lipc.
1037 4853 1063 4936 ²)
1088 4858 1245 4917 demissam
1268 4876 1351 4916 suam
1373 4853 1436 4918 Eo.
1461 4855 1552 4938 Lips.
1580 4855 1604 4936 ³)
1631 4876 1696 4918 cum
1719 4858 1865 4918 Oasimiro
1884 4859 1968 4936 Rege

412 4957 475 5020 Ed.
500 4956 588 5042 Lips.
613 4957 639 5038 ⁴)
664 4961 799 5021 Oasimiri
821 4963 912 5038 Regis
935 4957 997 5020 Eo.
1024 4958 1114 5044 Lipo.
1140 4959 1166 5038 ⁵)
1184 4962 1334 5037 sepelitur.
1350 4957 1413 5020 Ea.
1431 4957 1521 5044 Lipo.
1540 4958 1566 5039 ⁶)
1585 4961 1741 5021 Olesanica
1758 4955 1835 5022 Coo.
1853 4958 1967 5024 Prscz.
