4152 6270
385 547 458 622 108
891 543 1005 620 uranie
1031 565 1277 618 uuouucmus
1304 545 1418 635 (xm).
1651 533 1792 639 (ΑΛ).
1807 535 1931 636 1452.)

382 755 549 830 diontiam
585 752 747 828 subtrahi
782 753 1000 827 mandaverit
1037 758 1074 827 et
1105 754 1147 826 dc
1178 752 1358 845 rogalibus
1390 750 1619 843 proventibus
1650 750 1854 841 responderi
1880 749 1931 820 in-

382 875 551 966 hibuerit,
589 879 624 948 et
651 895 695 947 nc
722 874 870 947 Mihlasa
899 874 1109 948 secretarius
1138 895 1223 946 suus
1251 873 1297 945 ad
1322 872 1505 946 ecclesiam
1523 871 1808 945 Premislionsem
1827 871 1932 963 elige-

382 1001 495 1082 retur,
532 994 805 1087 prohibitionom
841 995 977 1084 feccrit,
1015 1015 1145 1067 vocaus
1178 994 1397 1067 Cardinalem
1434 993 1471 1065 in
1504 993 1661 1086 qualibet
1697 993 1935 1085 propositione

383 1117 497 1190 virum
527 1115 715 1208 superbum
743 1120 778 1189 et
804 1117 942 1188 hostem
970 1137 1084 1188 suum.
1113 1115 1286 1186 Hortatur
1304 1115 1429 1188 deindo
1447 1115 1522 1206 ipso
1543 1114 1849 1208 Saucaignyeuski
1868 1115 1936 1186 Re-

383 1239 438 1332 gis
458 1240 484 1328 ¹)
512 1237 652 1310 uomina
678 1237 860 1310 Praelatos
879 1240 914 1310 et
931 1237 1079 1310 barones
1097 1235 1252 1328 partium
1271 1235 1414 1308 Maioris
1434 1236 1617 1324 Poloniae‚
1637 1237 1846 1328 praesertim
1866 1257 1935 1326 coe,

386 1379 472 1452 quoe
502 1357 633 1431 sciebat
660 1379 742 1450 ergo
770 1377 807 1430 se
835 1362 870 1431 et
898 1379 961 1430 sua
980 1377 1085 1449 opera
1103 1355 1376 1444 constantiores,
1405 1362 1446 1428 ut
1465 1358 1508 1428 ad
1527 1378 1606 1429 eum
1625 1358 1662 1429 iu
1682 1357 1939 1430 Sandomiriam

385 1501 447 1572 pro
475 1481 565 1551 festo
584 1479 810 1552 Pentecosten
830 1478 1033 1566 adveniant,
1063 1479 1105 1552 de
1124 1477 1317 1571 ignominia
1335 1478 1432 1570 regia
1450 1477 1638 1570 provisuri.
1667 1479 1820 1552 Castoris
1845 1481 1938 1552 anim

387 1601 549 1673 omnibus
569 1599 798 1688 consiliariis,
827 1603 899 1672 tam
928 1599 1194 1688 ecclesiasticis,
1224 1620 1329 1691 quam
1353 1599 1609 1685 saecularibus,
1637 1621 1700 1692 por
1717 1599 1937 1694 largitiones,

387 1720 706 1814 promissionesque
738 1719 781 1791 ad
809 1741 908 1792 suam
941 1721 1152 1794 seutentiam
1184 1719 1372 1808 traductio,
1408 1719 1599 1812 Sbignenm
1633 1722 1747 1793 solum
1774 1721 1938 1794 Cardine-

388 1844 458 1917 lcm
472 1839 505 1931 ¹)
534 1841 608 1915 suis
635 1840 818 1914 conatibus
847 1843 985 1915 obstare
1012 1841 1170 1930 ridebat,
1200 1841 1299 1912 nulla
1325 1861 1363 1913 re
1391 1847 1452 1913 aut
1480 1841 1619 1935 iugenio
1638 1841 1866 1930 vincendum,
1896 1842 1938 1914 il·

389 1965 533 2056 lumque
559 1961 703 2034 unicum
729 1961 882 2034 fideliter
907 1983 970 2054 pro
998 1961 1075 2054 ipso
1095 1967 1130 2036 ot
1148 1983 1185 2036 re
1205 1960 1349 2054 publica
1377 1962 1491 2056 Regni
1519 1963 1774 2053 consulentem,
1803 1965 1938 2036 hostem

391 2090 427 2158 et
452 2083 599 2157 vocabat
626 2087 661 2156 et
688 2082 845 2172 tenebat,
874 2103 978 2175 quam
1007 2083 1157 2156 maximo
1184 2082 1241 2156 illi
1268 2081 1436 2155 infestus:
1466 2105 1569 2175 quern
1587 2084 1721 2176 potius,
1750 2084 1939 2176 perniciem

333 2301 336 2309 ¹
391 2226 490 2278 suam
519 2209 554 2277 et
581 2203 695 2297 Regni
723 2203 779 2275 sui
806 2207 1021 2276 avertentem
1050 2208 1084 2276 et
1111 2203 1370 2295 prohibentem,
1405 2211 1684 2277 conservatorem
1711 2227 1813 2278 surum
1842 2211 1878 2278 ct
1900 2207 1938 2278 li·

392 2325 505 2400 delcm
533 2325 768 2399 consultorem
796 2328 913 2398 tenere
940 2323 1119 2398 debuerat.

394 2681 575 2754 camino
599 2678 668 2752 box
690 2697 853 2770 quaerens
875 2680 983 2752 nullu
1006 2683 1117 2752 buon
1132 2681 1260 2752 inuenit
1274 2682 1382 2754 iustos
1397 2683 1585 2754 cursiones
1611 2683 1741 2773 tolgud
1767 2684 1945 2756 tudertin

1082 2803 1267 2875 rccmrudi.

500 3050 691 3144 Legatione
713 3048 916 3121 huiusmodi
939 3071 1001 3141 per
1029 3043 1332 3144 Sancnignyewshi
1343 3051 1374 3141 5)
1393 3053 1429 3124 in
1449 3053 1613 3127 Maiorem
1628 3055 1811 3127 Polouiam
1826 3057 1945 3143 missa,

397 3179 432 3248 et
458 3193 520 3265 per
546 3171 663 3262 ipsum
690 3170 727 3243 in
754 3171 847 3242 Kolo
875 3169 913 3241 in
940 3171 1169 3244 conventione
1196 3173 1402 3263 particulari
1429 3175 1485 3245 dio
1513 3176 1695 3248 Dominico
1718 3181 1800 3268 post
1819 3180 1947 3250 festum

399 3296 546 3368 Sanctae
575 3291 725 3384 Sophiae
753 3291 930 3382 exposita,
960 3296 995 3364 ct
1022 3292 1209 3366 damnabat
1237 3294 1391 3367 omnium
1420 3297 1595 3369 sententia
1619 3297 1810 3390 Sbiguenm
1829 3299 1947 3372 Cardi-

398 3415 514 3487 ualem
529 3411 560 3501 4)
589 3416 624 3484 et
650 3411 812 3499 barones,
842 3410 903 3502 qui
930 3411 1020 3504 Regi
1035 3412 1065 3501 5)
1094 3413 1326 3486 obedientiam
1354 3416 1630 3505 subtraxisseut;
1659 3418 1773 3511 ignari
1792 3420 1949 3492 omniurn

399 3555 487 3628 quac
515 3533 722 3625 agebantur:
752 3552 830 3604 cum
857 3532 957 3603 nulla
985 3532 1184 3606 obedientia
1212 3535 1391 3608 subtracta
1419 3539 1540 3628 luerit,
1574 3543 1636 3610 aut
1667 3540 1829 3613 redditus
1857 3540 1948 3612 iuhi-

398 3655 482 3744 biti,
520 3653 581 3726 scd
618 3653 791 3724 duntaxat
823 3651 1119 3726 vicethesaurario
1152 3661 1187 3727 et
1221 3656 1392 3748 Zuppario
1426 3659 1611 3749 scriptum,
1645 3681 1688 3732 ue
1720 3681 1818 3731 arma
1850 3660 1951 3732 iuxta

401 3775 606 3849 mandatum
629 3771 737 3864 Regis
752 3773 783 3860 5)
812 3773 1004 3844 Lucuskam
1025 3774 1164 3848 mittere
1186 3777 1363 3850 auderent.
1392 3779 1518 3870 Itaque
1541 3779 1602 3852 uhi
1621 3780 1768 3853 debebat
1786 3781 1951 3854 meritum

402 3905 437 3970 ct
463 3895 601 3968 laudern
627 3896 822 3984 reportare,
851 3893 1109 3967 damnationem
1136 3897 1323 3970 referebat:
1353 3900 1467 3971 laetus
1496 3905 1611 3974 tamon
1639 3902 1705 3974 hac
1723 3901 1949 3990 adversitate,

402 4016 566 4110 spiritum
592 4012 784 4085 maximum
811 4013 976 4104 concipit.
1013 4014 1091 4088 Rex
1109 4017 1138 4105 7)
1166 4023 1345 4108 praeterea
1372 4041 1414 4092 ex
1444 4021 1635 4094 Lithuauia
1661 4021 1862 4111 discedens,
1890 4044 1953 4114 per

402 4133 628 4223 Braescce8),
661 4134 834 4219 Parcior,
873 4133 1020 4222 Lublin,
1059 4137 1269 4228 Zawichost,
1310 4140 1460 4212 Sabbato
1497 4141 1534 4213 iu
1571 4142 1695 4235 vigilia
1725 4143 1952 4216 Pentecostcs

402 4257 501 4332 venit
528 4251 799 4330 sandomiriam:
828 4253 890 4325 ubi
917 4254 962 4326 ad
989 4277 1088 4328 suam
1109 4257 1340 4331 Serenitatem
1359 4261 1534 4334 Iohannes
1554 4262 1739 4354 opiscopus
1759 4263 1951 4336 Wladisla·

402 4378 552 4465 niensis,
580 4376 694 4447 Lucas
714 4373 756 4445 do
775 4373 892 4445 corle
910 4375 1176 4467 PosnanicnsiS‚
1202 4379 1372 4452 Nicolaus
1392 4381 1617 4474 Scharleyshi
1636 4383 1856 4473 Breetonsis‚
1886 4387 1952 4456 Bo-

403 4497 549 4594 guslaus
577 4492 953 4568 Iuniwladislavieusis
981 4497 1147 4587 palatini,
1177 4519 1256 4572 curn
1272 4501 1463 4593 aliquibus
1491 4503 1680 4577 baronibus
1699 4505 1856 4596 partium
1874 4506 1952 4577 Cra-

405 4617 636 4703 oovieneium,
674 4635 761 4705 quos
794 4615 1007 4706 specialibus
1034 4618 1149 4691 literis
1177 4621 1366 4711 acciverat,
1404 4625 1628 4697 conveniunt.
1667 4625 1706 4697 Si
1733 4647 1816 4698 vero
1844 4626 1955 4717 aliqui

405 4763 476 4815 non
502 4737 634 4825 uocati,
671 4735 773 4807 iuxta
805 4734 989 4826 antiquum
1020 4759 1165 4830 morem,
1195 4763 1257 4833 pro
1286 4764 1349 4815 sua
1377 4749 1412 4816 et
1438 4745 1546 4837 Regis
1562 4745 1593 4836 ⁹)
1621 4747 1806 4819 honestate
1837 4746 1953 4818 uouis-

407 4866 500 4951 sent,
530 4881 550 4932 a
577 4855 723 4932 consilio
750 4855 863 4949 regio,
892 4859 992 4931 uelut
1019 4861 1173 4952 suspecti
1203 4865 1489 4938 excludebantur.
1519 4867 1605 4960 Agit
1632 4867 1709 4940 Rex
1728 4867 1773 4956 ¹⁰)
1802 4867 1840 4939 in
1869 4868 1953 4940 San-

516 5167 698 5251 ¹)Ousimiri
719 5165 811 5242 Regis
833 5161 897 5226 Ed.
920 5162 1010 5248 Lipo.
1035 5167 1059 5247 ²)
1084 5171 1270 5234 Cardinalem
1294 5179 1323 5235 et
1345 5167 1515 5252 episcopum
1538 5175 1764 5237 Gracovieuecm
1786 5171 1851 5238 Ed
1867 5173 1957 5258 Lipr.

409 5280 512 5360 ³)per
533 5275 678 5336 Thomam
701 5269 941 5345 Secuignyewski
963 5268 1027 5336 Ed.
1050 5271 1141 5356 Dipo
1167 5272 1404 5352 ¹)cordinolem
1420 5283 1450 5339 ct
1465 5281 1635 5357 episcopum
1650 5279 1878 5340 Oracovieneem
1893 5277 1956 5340 Ed.

409 5383 499 5468 Lipe
525 5376 552 5464 5)
577 5375 720 5439 Oasimiro
742 5372 818 5447 Regi
840 5369 903 5434 Ed.
928 5371 1016 5457 Lipe.
1048 5374 1235 5456 ⁶)Casimiri
1257 5383 1348 5459 Regis
1371 5379 1434 5444 Ed.
1458 5380 1547 5465 Lips.
1574 5381 1687 5462 ⁷)Rex
1710 5383 1873 5445 Ocoimirus
1894 5381 1958 5445 Ee.

409 5487 501 5574 [Apo
528 5475 714 5564 ⁸)Braeacie
739 5470 815 5538 cod.
839 5475 905 5538 Lie.
930 5475 1068 5558 ⁹)Regis
1092 5483 1227 5544 casimiri
1248 5483 1312 5548 Ed
1337 5483 1427 5570 Lipr.
1456 5484 1495 5565 ¹⁰)
1520 5487 1584 5548 Rex
1607 5486 1769 5548 animinre
1787 5484 1852 5549 Ed.
1868 5484 1958 5571 Lr'ps.
