4152 6270
147 555 216 657 (Α.
236 555 281 632 b.
302 555 429 657 1453.)
663 581 776 636 nnana
802 581 1047 636 nuonnomrus
1075 565 1189 655 (xrrr).
1626 565 1696 638 131
1825 547 1829 558 ’

148 767 248 859 Quod
275 769 449 841 Iohannes
476 769 519 841 de
546 768 697 842 dnisnow
716 769 743 858 ¹)
771 769 985 842 castellanus
1010 774 1045 843 et
1063 769 1267 861 capitaneus
1295 771 1535 845 cracoviensis
1564 771 1701 867 aceepit

147 887 185 960 in
214 894 386 978 tenutam,
416 912 484 962 non
512 889 616 962 aliter
642 890 684 961 de
712 889 775 961 illo
803 911 982 978 cessurus,
1011 891 1119 964 donec
1146 895 1261 964 certae
1288 892 1516 982 pecuniarum
1545 915 1699 969 summae

146 1030 211 1100 pro
239 1009 480 1102 stipendiariis
507 1011 615 1103 regiis
643 1011 842 1102 expositae,
871 1031 950 1084 eum
978 1011 1115 1084 damnis
1143 1031 1205 1103 per
1233 1033 1312 1085 eum
1339 1013 1460 1106 Regno
1479 1014 1611 1104 illatis,
1639 1037 1702 1108 per

146 1131 279 1205 Ducem
308 1130 641 1205 Osuanonimensem
669 1133 904 1221 solverentur,
938 1137 999 1205 aut
1027 1133 1102 1224 ipse
1130 1134 1210 1205 Dux
1239 1154 1317 1207 cum
1345 1139 1440 1207 terra
1456 1155 1531 1218 ‚sua
1559 1137 1701 1210 feudum

145 1255 184 1324 et
206 1251 411 1346 homagium
439 1251 529 1346 Regi
556 1258 590 1326 et
618 1254 738 1345 Regno
766 1258 979 1344 praestaret,
1012 1254 1090 1327 Rex
1119 1274 1256 1346 qnoque
1287 1255 1434 1328 alteram
1462 1275 1506 1330 ex
1533 1256 1590 1330 bis
1618 1277 1698 1331 con·

145 1374 315 1448 ditionem
343 1375 500 1467 eligeret.
529 1374 585 1446 Ad
613 1395 715 1466 quem
742 1374 950 1466 placandum
978 1376 1059 1446 Dux
1084 1374 1161 1466 ipse
1187 1376 1420 1466 personaliter
1439 1397 1476 1450 se
1494 1376 1532 1484 in
1549 1378 1696 1451 Lithua·

144 1494 241 1567 niam
269 1495 431 1568 contulit.
460 1495 547 1568 Cum
574 1516 738 1588 germano
766 1517 848 1569 vere
877 1517 939 1568 suo
967 1496 1182 1570 Praemislao
1206 1497 1302 1569 Duce
1320 1496 1575 1572 Thoscheeensi
1595 1499 1696 1572 indu·
1817 1487 1819 1496 ’

143 1615 220 1688 ciae
246 1617 290 1688 ad
318 1618 446 1690 festum
475 1617 595 1690 Sancti
622 1617 741 1690 Iooobi
756 1615 787 1707 2)
815 1619 987 1705 firmatae,
1017 1622 1052 1690 et
1078 1618 1227 1707 bellum,
1258 1617 1420 1709 quamvis
1447 1619 1541 1692 insta
1568 1619 1692 1693 stimu-

144 1737 244 1809 labat
275 1737 344 1826 ira,
381 1738 547 1826 dilatum,
586 1738 750 1830 quonium
783 1745 818 1812 et
845 1739 945 1812 nives
979 1746 1014 1811 et
1046 1738 1157 1832 frigus
1189 1739 1381 1812 instaurari
1412 1739 1544 1813 bollum
1576 1745 1697 1815 contra

144 1857 249 1930 illum
277 1879 347 1930 nen
375 1857 548 1932 sinebant.
583 1859 693 1951 Saepe
722 1863 839 1933 tamen
871 1859 953 1932 illas
986 1866 1154 1933 temerare
1181 1881 1251 1932 non
1280 1859 1435 1948 erubuit,
1468 1861 1568 1934 velut
1594 1861 1697 1934 home

144 1979 258 2052 malae
285 1979 367 2052 fidei
394 1985 430 2052 et
448 1979 611 2074 promissi
638 2002 762 2072 parum
790 1980 1001 2054 constantis:
1030 1981 1336 2073 pendentibusque
1355 1981 1442 2070 illis,
1463 1981 1600 2074 aliquot
1618 2002 1695 2055 cur·
1745 2059 1749 2064 ,

142 2121 206 2171 rus
234 2103 464 2173 mercatorum
491 2101 533 2172 de
561 2100 725 2174 Oracovia
753 2123 796 2175 ex
824 2098 1056 2176 Wratislav'ia
1084 2109 1206 2176 euntes
1235 2101 1417 2194 spoliavit,
1443 2107 1479 2177 et
1502 2101 1694 2177 familiares

143 2241 245 2308 suos,
275 2221 336 2312 qui
364 2221 510 2313 praedas
538 2226 573 2294 et
601 2222 696 2294 furta
723 2221 759 2294 in
787 2224 910 2314 Regno
943 2227 1100 2314 agerent,
1135 2222 1410 2296 transmittebat.
1445 2222 1511 2316 Qui
1544 2222 1695 2298 faciliter

143 2341 252 2414 etiam
279 2341 392 2416 hieme
420 2343 567 2416 durante
596 2342 729 2414 domari
752 2347 905 2434 poterat:
935 2364 1045 2416 vacuo
1073 2347 1190 2417 tamen
1217 2344 1393 2418 existente
1420 2341 1529 2437 Regis
1548 2344 1693 2434 aerario,

142 2462 278 2556 singuli
306 2464 398 2536 enim
425 2451 616 2556 protentus
645 2463 889 2536 deferebantur
917 2464 953 2536 in
981 2464 1224 2555 Litbuaniam,
1253 2469 1314 2538 aut
1341 2465 1378 2538 in
1405 2465 1545 2557 privata
1572 2486 1691 2558 eroge-

141 2584 272 2656 bantur
299 2585 455 2676 negotia,
484 2583 743 2675 baronibusque
771 2584 970 2658 simultates
989 2585 1081 2658 inter
1101 2606 1137 2658 se
1156 2590 1191 2659 et
1211 2585 1289 2658 odia
1307 2585 1564 2675 nutrientibus,
1593 2587 1694 2659 nulla

142 2725 229 2776 cura
255 2709 317 2776 aut
344 2704 531 2777 solicitudo
559 2705 600 2778 de
627 2705 834 2796 publicare
861 2705 1066 2780 habebatur.

141 3058 320 3131 wlndrlen
336 3061 575 3150 nemausam
591 3061 779 3134 breonense
794 3063 936 3148 nenne,
959 3062 1077 3134 electio
1093 3061 1229 3134 nleenm
1244 3061 1405 3149 eadelm,
1428 3062 1515 3153 lege
1534 3063 1694 3136 duinlre

663 3183 767 3272 lpum
790 3183 981 3256 electionem
1003 3183 1171 3256 turbante.

246 3432 312 3505 Die
339 3432 521 3505 Dominico
549 3433 711 3520 Laetare,
741 3452 829 3523 quae
857 3430 925 3503 luit
951 3431 1136 3504 undecima
1154 3431 1286 3504 mensis
1309 3429 1443 3518 Martii,
1473 3431 1692 3505 Wladislaus

139 3553 426 3645 archiepiscopus
446 3551 676 3640 Gnesnensis,
698 3554 782 3624 hora
800 3551 1014 3640 Tertiarum,
1042 3552 1080 3624 iri
1098 3551 1309 3644 patrimonio
1329 3557 1364 3625 et
1383 3555 1496 3624 castro
1516 3573 1580 3624 suo
1600 3551 1691 3644 Ope·

138 3696 222 3762 rou,
255 3675 348 3766 quod
379 3674 471 3765 ipse,
504 3695 574 3745 una
606 3695 685 3746 oum
717 3673 864 3746 ecclesia
896 3672 1089 3763 parochiali
1116 3672 1288 3764 oprimis
1321 3672 1557 3745 fundamentis
1594 3676 1691 3746 coeto

138 3796 251 3868 latere
271 3795 530 3883 aedificaverat,
555 3771 774 3887 aegritudine
792 3792 1198 3887 apoplexiae-laborans,
1229 3813 1316 3885 quae
1339 3793 1442 3865 illum
1460 3793 1592 3865 dudum
1610 3796 1692 3866 ante

138 3920 376 4007 percusserat,
405 3919 613 4008 procuratus
642 3916 877 3988 Sacramentis
905 3913 1100 4002 Ecclesiae,
1130 3913 1167 3985 in
1186 3914 1318 4006 optima
1340 3913 1525 3987 devotione
1543 3912 1692 3986 moritur

139 4044 176 4111 et
204 4037 240 4109 in
269 4035 479 4108 monasterio
516 4035 744 4128 Oporoviensi
781 4037 927 4108 fratrum
965 4035 1187 4108 eremitarum
1220 4033 1342 4108 Sancti
1374 4034 1494 4123 Pauli,
1527 4033 1619 4126 quod
1646 4055 1690 4108 en

138 4158 291 4231 ecclesia
318 4157 511 4248 parochiali
539 4157 762 4244 fundaverat,
791 4156 847 4230 die
874 4155 1020 4229 Veneris
1054 4160 1199 4228 mortem
1236 4175 1334 4227 suam
1367 4157 1535 4246 sequente
1562 4154 1688 4246 sepeli-

138 4283 210 4350 tur.
240 4279 287 4349 ut
313 4278 397 4350 lieet
428 4277 628 4368 Capitulum
661 4279 829 4350 ecelesiae
861 4275 1093 4364 (lucanensis,
1127 4273 1246 4348 missis
1274 4297 1317 4348 er
1344 4274 1476 4368 gremio
1493 4273 1523 4364 ³)
1551 4275 1686 4348 duobus

138 4388 343 4485 Canoniois,
370 4398 467 4470 reddi
495 4397 563 4471 sibi
590 4420 715 4492 corpus
743 4403 778 4472 et
806 4397 948 4489 sepeliri
975 4418 1068 4469 more
1096 4399 1236 4468 vetusto
1254 4397 1560 4488 praedecesserum
1578 4394 1616 4467 in
1634 4415 1688 4469 eo·

137 4519 250 4592 elesia
278 4519 473 4592 Gnesnonsi
501 4520 724 4611 expetiisset:
758 4521 884 4591 fratres
916 4524 1033 4591 tamen
1060 4522 1095 4590 et
1122 4517 1372 4610 consanguinei
1400 4516 1457 4590 sui
1483 4517 1689 4590 nullatenus

137 4641 175 4712 in
205 4639 242 4712 id
270 4660 420 4713 annuere
449 4641 651 4728 voluerunt,
681 4643 875 4712 asserentes
904 4659 940 4711 se
967 4638 1131 4710 mandato
1158 4643 1193 4709 et
1219 4637 1431 4724 iuramento,
1460 4636 1543 4708 dnm
1570 4641 1689 4730 ageret

137 4762 176 4834 in
205 4760 384 4849 humanis,
414 4759 638 4850 constrictos,
667 4765 707 4833 ut
734 4781 860 4850 eorpus
889 4779 991 4830 suum
1018 4780 1088 4830 non
1115 4758 1216 4847 alibi,
1251 4779 1354 4850 quam
1381 4757 1418 4829 in
1446 4756 1591 4849 Oporou
1618 4761 1688 4830 ter-

136 4903 198 4954 rae
226 4881 431 4955 mandarent
458 4885 494 4954 et
520 4881 616 4954 iusta
643 4880 756 4954 funeri
784 4881 1036 4972 persolverent.
1065 4878 1165 4952 Sedit
1190 4879 1227 4952 in
1256 4879 1336 4953 sede
1363 4877 1559 4952 Gnssnensi
1585 4878 1687 4951 annis

136 5009 306 5097 quatuor,
344 5002 523 5076 mensibus
555 5002 702 5075 duobus.
739 5001 807 5073 Pro
835 5000 1003 5074 electione
1036 4999 1146 5073 futuri
1178 4999 1346 5072 Primatis
1378 4999 1453 5071 dies
1484 4998 1689 5072 benedictae

136 5123 344 5228 Trinitatis,
371 5144 460 5220 quae
486 5123 555 5200 fuit
582 5122 749 5200 vicesima
776 5122 927 5214 septima
941 5122 972 5212 4)
1000 5121 1131 5202 mensis
1159 5120 1260 5212 mett,
1293 5119 1441 5209 indicta,
1469 5119 1620 5200 Iacobus
1645 5119 1688 5194 de

248 5399 271 5478 ¹)
295 5402 422 5462 Ioannes
445 5399 607 5461 Gninowslri
630 5395 694 5460 Eu.
718 5395 811 5482 Lipe.
836 5397 860 5478 ²)
884 5399 914 5460 S.
937 5398 1038 5460 iacobi
1060 5379 1196 5476 Apostoli
1220 5393 1283 5460 Ed.
1304 5393 1397 5480 Lipe.
1421 5395 1447 5476 ³)
1465 5414 1501 5457 ex
1516 5393 1627 5474 grerme
1644 5395 1691 5456 sui

135 5503 202 5568 md.
226 5502 322 5588 Lipe.
347 5501 376 5582 ⁸)
396 5504 537 5565 vicesima
559 5497 636 5566 Geel.
658 5499 768 5565 Praea.
