4264 6280
185 559 252 664 (Α.
272 560 318 637 Β.
336 560 464 663 mc.)
697 584 809 638 amun
838 584 1082 639 uuonncnrus
1110 562 1223 656 (1111).
1708 557 1731 632 5

185 777 260 861 tes,
288 773 411 848 venire
427 774 454 864 ¹)
481 773 707 847 induxerunt.
736 772 866 846 Potitio
895 773 1089 866 legatorum
1116 771 1204 844 fnit:
1233 779 1275 844 ut
1301 770 1464 864 quoniam
1492 769 1530 844 in
1557 773 1731 844 conventu

185 896 348 970 Pestensi
375 896 579 969 Ladislaum
606 895 644 968 in
672 896 802 989 Regem
830 895 1035 988 elegissent,
1065 893 1226 983 erebant,
1255 900 1295 966 ut
1322 897 1394 966 tam
1421 913 1523 986 puer,
1552 912 1656 984 quam
1675 911 1730 964 co·

185 1038 273 1090 rona
287 1015 330 1107 ²),
358 1017 433 1091 illis
453 1016 731 1111 consignaretur,
760 1016 925 1109 quoniam
943 1016 1018 1090 illis
1037 1016 1186 1106 habitis,
1216 1036 1378 1090 coronare
1398 1036 1477 1088 eum
1496 1015 1533 1088 in
1551 1013 1644 1087 Alba
1662 1013 1730 1086 Re·

186 1139 276 1234 gcli,
304 1145 340 1212 et
367 1139 451 1229 sibi,
479 1143 520 1212 ut
546 1160 610 1232 par
637 1143 705 1227 est,
733 1139 895 1232 homagia
921 1142 1100 1231 praestare
1127 1138 1390 1230 promittebant.
1421 1135 1555 1230 Quibus
1573 1155 1636 1228 per
1653 1133 1732 1208 Rri·

186 1261 340 1336 doricum
367 1262 601 1335 Romanorum
628 1262 759 1354 Regem
786 1281 991 1354 responsum
1019 1266 1085 1334 est:
1115 1260 1181 1353 Qui
1209 1264 1393 1334 coronatus
1422 1259 1469 1332 sit
1485 1256 1527 1347 ³),
1559 1279 1638 1332 enm
1656 1277 1727 1330 non

186 1405 263 1460 esse
289 1383 441 1476 amplius
468 1383 719 1470 coronandum3
747 1382 910 1455 ladislao
939 1387 974 1456 et
1000 1387 1145 1474 paterno
1173 1386 1208 1455 et
1226 1382 1321 1454 avito
1340 1386 1375 1455 et
1393 1385 1548 1455 materno
1567 1379 1643 1453 iure
1662 1379 1730 1452 Re·

184 1526 293 1599 gnum
321 1504 439 1579 deberi
467 1504 689 1598 Hungariae:
719 1505 804 1579 bene
832 1509 948 1578 tamen
976 1504 1100 1578 fecisse
1120 1504 1322 1598 Hungaros,
1352 1503 1414 1596 qui
1429 1504 1460 1593 4)
1488 1524 1609 1576 rerum
1629 1522 1731 1574 suum

185 1627 384 1716 haeredem,
414 1627 618 1699 monalium
647 1627 825 1719 elegerant
840 1626 883 1716 5);
914 1627 1005 1718 quod
1033 1627 1070 1699 iu
1096 1626 1216 1719 Regno
1245 1629 1407 1698 teneatur
1428 1645 1530 1717 puer,
1560 1621 1732 1696 assentire

186 1770 224 1822 se
251 1749 365 1822 velle:
395 1747 555 1842 quamvis
582 1748 685 1822 illum
713 1752 748 1821 et
771 1749 842 1821 alia
860 1749 998 1842 Regna,
1027 1748 1257 1841 Dominiaque
1277 1746 1479 1840 respiciant.
1508 1747 1594 1819 Post
1611 1746 1732 1838 plures

185 1875 358 1944 tractatus
390 1869 555 1962 utrinque
583 1870 738 1959 babitus,
767 1871 868 1942 nulla
894 1870 1076 1944 concordia
1103 1875 1222 1944 secuta
1250 1875 1317 1944 est:
1346 1891 1426 1942 nam
1454 1867 1615 1961 Hungari
1646 1887 1730 1960 quo-

186 2013 254 2083 que
281 1991 374 2065 inter
401 2013 438 2064 se
466 1993 720 2066 contendebant
747 2013 858 2084 usquc
885 1993 928 2065 ad
955 1992 1096 2084 probra,
1126 1992 1217 2084 quod
1245 2013 1370 2064 nouam
1389 1989 1645 2064 coronationem
1663 1990 1730 2061 La·

184 2113 291 2186 dielai
323 2118 541 2205 expeterent,
576 2135 664 2206 quoe
696 2120 829 2206 partem
861 2114 1034 2204 Ladislai,
1069 2135 1158 2207 quae
1188 2113 1294 2186 unius
1322 2112 1390 2185 luit
1417 2110 1548 2185 teucris
1576 2115 1611 2184 et
1631 2109 1729 2194 fidei,

184 2236 402 2328 reprobaret,
431 2232 553 2324 aliam,
583 2256 671 2329 quae
690 2235 793 2308 fidem
812 2240 1027 2324 mutauerat,
1047 2236 1266 2310 iustificaret.
1295 2233 1447 2307 Tandem
1468 2254 1546 2306 cum
1565 2232 1731 2306 ultimum
1867 2251 1878 2274 ·

185 2377 391 2450 responsum
419 2363 499 2450 post
526 2357 642 2430 varios
670 2361 841 2430 tractatus
868 2358 1086 2448 postulatum
1119 2361 1228 2446 esset,
1257 2356 1295 2430 in
1321 2357 1410 2428 hanc
1429 2355 1500 2427 sere
1521 2354 1730 2428 seutentiam

186 2501 208 2551 a
235 2479 411 2552 Rriderico
444 2480 586 2572 uagae)
614 2480 733 2552 datum
762 2484 816 2552 est
833 2480 879 2568 ⁷):
908 2477 1171 2552 coronationem
1203 2498 1345 2568 noram,
1379 2477 1539 2569 quamvis
1572 2497 1729 2550 necessa·

183 2599 239 2672 ria
265 2621 334 2672 non
361 2605 471 2690 esset,
499 2600 663 2674 unctione
677 2599 709 2690 ⁸)
737 2600 881 2689 omissa,
910 2622 972 2692 pro
999 2621 1083 2693 paee
1111 2605 1145 2674 ct
1172 2600 1300 2672 unione
1332 2599 1447 2693 Regni
1478 2597 1730 2692 permissurum

187 2741 224 2795 se
253 2723 339 2813 fore,
368 2723 461 2796 velle
487 2729 604 2796 tamen
635 2722 787 2816 publicis
819 2722 934 2796 literis
964 2722 1077 2816 Regni
1108 2722 1239 2812 careri,
1273 2720 1421 2814 primam
1453 2741 1497 2795 en
1523 2721 1589 2794 hoc
1616 2719 1730 2792 nulla-

187 2849 289 2917 tenus
316 2843 459 2933 violari,
488 2843 780 2936 securitatemque
808 2843 899 2932 dari,
928 2849 963 2916 et
990 2865 1136 2936 puerum
1155 2849 1189 2917 et
1208 2863 1368 2916 coronam
1395 2843 1562 2935 posthaec
1589 2841 1658 2914 sibi
1676 2862 1728 2914 re-

186 2964 306 3054 stitui,
341 2985 428 3058 quos
461 2965 498 3037 in
530 2965 698 3054 Posonio‚
731 2964 792 3057 qui
825 2970 879 3038 est
905 2965 1003 3038 locus
1035 2965 1202 3058 insignis,
1237 2969 1354 3038 tenere
1381 2965 1504 3052 vellet,
1534 2964 1565 3037 si
1592 2962 1732 3037 nomine

184 3085 302 3180 pueri,
335 3086 435 3160 cuius
468 3091 523 3159 est
554 3107 634 3175 arx,
670 3085 738 3159 sibi
770 3087 1046 3180 consignaretur.
1080 3086 1354 3179 Obligationem,
1388 3085 1538 3178 quaml)
1570 3083 1731 3178 Hungari

184 3209 365 3302 petebant,
394 3208 525 3300 absque
552 3209 736 3281 uoluntate
769 3208 986 3282 Vicariorum
1019 3207 1132 3301 Regni
1164 3207 1366 3301 Hungariae
1396 3229 1543 3301 puerum
1574 3229 1643 3279 non
1670 3207 1729 3280 ab·

185 3329 282 3417 duci,
310 3329 386 3402 fieri
413 3351 482 3402 non
509 3329 644 3404 decere:
674 3352 753 3403 cnm
779 3331 846 3404 sibi
867 3331 996 3418 solum,
1026 3334 1192 3422 tanquam
1216 3330 1375 3422 proximo
1395 3329 1667 3423 consanguineo,
1697 3332 1732 3402 et

185 3473 248 3544 per
275 3455 437 3539 matrem,
467 3458 501 3523 et
527 3472 590 3544 per
616 3451 705 3523 alios
732 3452 992 3526 commendatus
1020 3451 1081 3524 ille
1110 3451 1246 3525 luisset.
1275 3451 1506 3526 Promittebat
1524 3457 1657 3538 tamen,
1686 3448 1729 3522 li·

185 3573 341 3666 terisque
369 3595 406 3647 se
432 3575 651 3646 firmaturum
679 3572 834 3662 dicebat,
864 3577 898 3646 et
925 3573 1107 3647 deficiente
1126 3595 1249 3665 puero,
1278 3594 1342 3646 neo
1365 3572 1638 3661 coronationem,
1668 3593 1731 3646 nec

186 3699 340 3767 castrum
368 3694 557 3767 Posonium
585 3693 732 3767 alienari
759 3715 780 3766 a
806 3695 927 3788 Regno
956 3695 1170 3789 Hungariae.
1205 3695 1392 3768 Novitates
1420 3699 1536 3769 autem
1564 3694 1640 3768 fieri
1659 3715 1730 3766 ma·

184 3837 336 3910 gnopere
363 3815 532 3888 dissuasit
559 3821 655 3908 (narn
683 3816 846 3909 Hungari
872 3816 908 3888 in
928 3817 1065 3890 deiectu
1085 3817 1209 3910 Regis,
1240 3837 1422 3910 surrogare
1442 3815 1511 3889 sibi
1529 3815 1566 3888 in
1587 3816 1728 3909 Regem,

185 3937 256 4010 iam
292 3938 422 4010 Ducem
460 3937 700 4030 Burgundiae‚
738 3937 807 4010 iam
845 3937 1034 4031 Georgium
1070 3939 1279 4030 Despotum,
1317 3938 1386 4011 iam
1423 3937 1590 4012 Comitem
1622 3936 1731 4010 tiliae

184 4058 443 4151 disponebant),
472 4059 675 4151 praedicens
703 4059 769 4147 eis,
799 4079 919 4134 verum
938 4059 1140 4153 Hungariae
1163 4061 1294 4154 Regem
1318 4059 1522 4132 Ladislaum
1541 4081 1633 4148 eece,
1664 4079 1729 4131 nec

186 4179 262 4252 sine
289 4179 366 4272 ipso
393 4201 513 4273 pacem
540 4180 638 4253 reddi
665 4181 867 4275 Hungariae
895 4182 1016 4280 Regno
1043 4203 1157 4274 posse.
1187 4181 1245 4254 Sic
1272 4203 1309 4255 re
1335 4181 1464 4254 infecta
1490 4181 1654 4275 Hungari
1678 4202 1729 4254 re-

185 4307 382 4392 cesserunt,
411 4323 498 4394 quos
526 4301 727 4376 Rriderious
755 4304 832 4376 Rex
860 4308 961 4376 extra
987 4304 1108 4376 urbem
1136 4308 1190 4377 est
1216 4302 1414 4376 comitatus.
1443 4303 1527 4375 (lum
1550 4305 1731 4396 rogaretur

185 4423 356 4496 Nicotaus
388 4423 603 4512 Fristaenlri,
639 4446 740 4496 suum
774 4425 904 4518 Regem
937 4425 1066 4510 visere,
1099 4425 1160 4518 qui
1193 4447 1255 4498 suo
1285 4424 1465 4516 proximus
1493 4429 1568 4526 erat
1595 4422 1729 4497 itineri:

185 4545 314 4620 Nescio
341 4545 469 4632 adhuc,
499 4545 630 4637 inquit,
660 4567 761 4638 quem
789 4546 919 4639 Regem
948 4569 1026 4618 sum
1052 4546 1254 4635 habiturus,
1287 4567 1350 4620 noc
1377 4566 1523 4638 puerum
1550 4547 1643 4618 hunc
1670 4567 1728 4618 uo·

184 4667 347 4753 uerebor,
377 4666 446 4740 nisi
472 4666 571 4758 prius
599 4666 749 4756 scivero,
779 4688 894 4740 meum
923 4667 1109 4742 Dominum
1137 4689 1213 4743 esse
1233 4669 1289 4759 ¹⁰).
1323 4669 1496 4742 Iohannes
1519 4667 1561 4740 de
1589 4665 1731 4761 Huniad

185 4788 395 4881 Woyewoda
423 4787 766 4880 Trausylvaniensis,
794 4789 888 4862 bello
917 4789 1107 4862 Turdorum
1135 4793 1340 4883 occupatus,
1372 4789 1455 4863 huic
1481 4788 1650 4883 legationi
1677 4788 1729 4862 in·

295 5117 318 5198 ¹)
343 5137 409 5179 eum
433 5113 508 5180 cod.
534 5111 622 5181 Calc.
647 5117 673 5188 ⁹)
696 5124 729 5180 ut
750 5123 810 5179 tam
832 5137 905 5196 puer
926 5119 1099 5198 ladislaus,
1129 5138 1217 5196 quam
1240 5139 1348 5181 corona
1368 5121 1464 5198 Regni
1480 5105 1647 5182 ¹materialis
1668 5117 1732 5183 Ed.

186 5221 276 5307 cipe.
301 5220 329 5301 ³)
352 5221 410 5296 Qui
433 5223 523 5283 semel
546 5227 702 5284 coronatus
725 5222 765 5282 sit
786 5219 849 5284 Ed.
873 5219 964 5305 Lipa.
989 5220 1015 5302 ⁴)
1039 5225 1119 5299 quod
1142 5220 1204 5284 Ed.
1229 5219 1319 5307 Lipc.
1343 5221 1368 5304 5)
1393 5229 1423 5286 et
1443 5243 1501 5286 uon
1524 5224 1613 5284 aliurn
1636 5225 1732 5302 elege-

186 5329 245 5388 n'ut
274 5323 337 5388 Ed.
368 5321 458 5408 Lipe.
489 5323 515 5404 ⁶)
545 5327 742 5387 Romanorum
770 5327 853 5403 Rege
883 5320 947 5388 Ed.
980 5325 1070 5410 Lipe.
1103 5325 1129 5405 ⁷)
1159 5347 1331 5406 responsum
1361 5329 1461 5389 datum
1491 5333 1537 5390 est
1564 5323 1639 5391 Cod.
1663 5325 1731 5390 Lis.

189 5427 216 5514 ⁸)
239 5431 377 5492 unctione
407 5435 504 5492 tamen
534 5427 596 5493 Ed.
630 5427 718 5514 Lr'pe.
743 5425 771 5514 ⁹)
795 5447 884 5508 quam
914 5433 972 5494 iam
1002 5429 1065 5495 Ed.
1091 5429 1179 5516 Lipa.
1208 5430 1246 5511 ¹⁰)
1271 5451 1337 5493 eum
1358 5433 1516 5494 Dominum
1538 5451 1634 5493 meum
1657 5451 1732 5495 esse.

187 5531 249 5599 Ed.
273 5532 365 5619 Lipe.
