<?xml version="1.0" encoding="UTF-8"?>
<!DOCTYPE html PUBLIC "-//W3C//DTD XHTML 1.0 Transitional//EN"
    "http://www.w3.org/TR/xhtml1/DTD/xhtml1-transitional.dtd">
<html xmlns="http://www.w3.org/1999/xhtml" xml:lang="en" lang="en">
 <head>
  <title>
</title>
<meta http-equiv="Content-Type" content="text/html;charset=utf-8" />
  <meta name='ocr-system' content='tesseract 3.04.00' />
  <meta name='ocr-capabilities' content='ocr_page ocr_carea ocr_par ocr_line ocrx_word'/>
</head>
<body>
  <div class='ocr_page' id='page_1' title='image "./operaomnia06paulgoog_0022.png"; bbox 0 0 4264 6280; ppageno 0'>
   <div class='ocr_carea' id='block_1_1' title="bbox 393 564 1941 666">
    <p class='ocr_par' dir='ltr' id='par_1_1' title="bbox 393 564 1941 666">
     <span class='ocr_line' id='line_1_1' title="bbox 393 564 1941 666; baseline -0.004 -22"><span class='ocrx_word' id='word_1_1' title='bbox 393 573 440 644; x_wconf 91' lang='lat'>10</span> <span class='ocrx_word' id='word_1_2' title='bbox 899 591 1012 642; x_wconf 79' lang='lat' dir='ltr'>arena</span> <span class='ocrx_word' id='word_1_3' title='bbox 1038 588 1283 641; x_wconf 78' lang='lat' dir='ltr'>oeconomus</span> <span class='ocrx_word' id='word_1_4' title='bbox 1311 571 1425 659; x_wconf 81' lang='lat' dir='ltr'>(xlm).</span> <span class='ocrx_word' id='word_1_5' title='bbox 1661 565 1727 666; x_wconf 92' lang='grc' dir='ltr'>(Α.</span> <span class='ocrx_word' id='word_1_6' title='bbox 1749 565 1794 640; x_wconf 84' lang='grc' dir='ltr'>Ι).</span> <span class='ocrx_word' id='word_1_7' title='bbox 1816 564 1941 664; x_wconf 84' lang='grc'>1445.)</span> 
     </span>
    </p>
   </div>
   <div class='ocr_carea' id='block_1_2' title="bbox 384 774 1942 2068">
    <p class='ocr_par' dir='ltr' id='par_1_2' title="bbox 384 774 1942 2068">
     <span class='ocr_line' id='line_1_2' title="bbox 386 774 1938 868; baseline -0.001 -20"><span class='ocrx_word' id='word_1_8' title='bbox 386 781 486 848; x_wconf 92' lang='lat' dir='ltr'>tuum</span> <span class='ocrx_word' id='word_1_9' title='bbox 516 776 628 868; x_wconf 88' lang='lat' dir='ltr'>magis</span> <span class='ocrx_word' id='word_1_10' title='bbox 649 776 687 864; x_wconf 88' lang='lat'>¹),</span> <span class='ocrx_word' id='word_1_11' title='bbox 717 797 820 866; x_wconf 91' lang='lat' dir='ltr'>quam</span> <span class='ocrx_word' id='word_1_12' title='bbox 847 775 986 863; x_wconf 81' lang='lat' dir='ltr'>uirum,</span> <span class='ocrx_word' id='word_1_13' title='bbox 1020 774 1158 847; x_wconf 92' lang='lat' dir='ltr'>credere</span> <span class='ocrx_word' id='word_1_14' title='bbox 1191 775 1381 866; x_wconf 77' lang='lat' dir='ltr'><strong>compellit.</strong></span> <span class='ocrx_word' id='word_1_15' title='bbox 1415 776 1599 847; x_wconf 89' lang='lat' dir='ltr'>Praeterea</span> <span class='ocrx_word' id='word_1_16' title='bbox 1626 774 1778 865; x_wconf 91' lang='lat' dir='ltr'>populus</span> <span class='ocrx_word' id='word_1_17' title='bbox 1807 777 1938 863; x_wconf 90' lang='lat' dir='ltr'>noster,</span> 
     </span>
     <span class='ocr_line' id='line_1_3' title="bbox 386 894 1939 987; baseline -0.001 -19"><span class='ocrx_word' id='word_1_18' title='bbox 386 897 475 968; x_wconf 90' lang='lat' dir='ltr'>douo</span> <span class='ocrx_word' id='word_1_19' title='bbox 504 896 569 969; x_wconf 90' lang='lat' dir='ltr'>Dei</span> <span class='ocrx_word' id='word_1_20' title='bbox 597 898 747 983; x_wconf 92' lang='lat' dir='ltr'>multus,</span> <span class='ocrx_word' id='word_1_21' title='bbox 786 901 840 967; x_wconf 91' lang='lat' dir='ltr'>est</span> <span class='ocrx_word' id='word_1_22' title='bbox 867 895 1028 987; x_wconf 89' lang='lat' dir='ltr'>indigens</span> <span class='ocrx_word' id='word_1_23' title='bbox 1065 900 1210 967; x_wconf 90' lang='lat' dir='ltr'>rectore.</span> <span class='ocrx_word' id='word_1_24' title='bbox 1249 895 1399 966; x_wconf 77' lang='lat' dir='ltr'>Etiamsi</span> <span class='ocrx_word' id='word_1_25' title='bbox 1437 895 1656 966; x_wconf 89' lang='lat' dir='ltr'>Wladislaus</span> <span class='ocrx_word' id='word_1_26' title='bbox 1693 894 1770 967; x_wconf 86' lang='lat' dir='ltr'>Rex</span> <span class='ocrx_word' id='word_1_27' title='bbox 1799 896 1857 965; x_wconf 88' lang='lat' dir='ltr'>vel</span> <span class='ocrx_word' id='word_1_28' title='bbox 1885 915 1939 966; x_wconf 92' lang='lat' dir='ltr'>ca-</span> 
     </span>
     <span class='ocr_line' id='line_1_4' title="bbox 384 1014 1940 1108; baseline -0.002 -20"><span class='ocrx_word' id='word_1_29' title='bbox 384 1023 468 1108; x_wconf 90' lang='lat' dir='ltr'>ptus</span> <span class='ocrx_word' id='word_1_30' title='bbox 497 1017 561 1104; x_wconf 91' lang='lat' dir='ltr'>sit,</span> <span class='ocrx_word' id='word_1_31' title='bbox 591 1017 648 1087; x_wconf 88' lang='lat' dir='ltr'>vel</span> <span class='ocrx_word' id='word_1_32' title='bbox 676 1020 800 1106; x_wconf 92' lang='lat' dir='ltr'>suapte</span> <span class='ocrx_word' id='word_1_33' title='bbox 828 1017 948 1088; x_wconf 89' lang='lat' dir='ltr'>latitet</span> <span class='ocrx_word' id='word_1_34' title='bbox 963 1014 1005 1105; x_wconf 83' lang='lat'>²),</span> <span class='ocrx_word' id='word_1_35' title='bbox 1035 1016 1166 1088; x_wconf 91' lang='lat' dir='ltr'>nemini</span> <span class='ocrx_word' id='word_1_36' title='bbox 1190 1037 1299 1106; x_wconf 92' lang='lat' dir='ltr'>aeque</span> <span class='ocrx_word' id='word_1_37' title='bbox 1318 1036 1507 1107; x_wconf 90' lang='lat' dir='ltr'>congruum</span> <span class='ocrx_word' id='word_1_38' title='bbox 1528 1020 1597 1100; x_wconf 90' lang='lat' dir='ltr'>est,</span> <span class='ocrx_word' id='word_1_39' title='bbox 1628 1035 1731 1086; x_wconf 91' lang='lat' dir='ltr'>suum</span> <span class='ocrx_word' id='word_1_40' title='bbox 1764 1015 1940 1102; x_wconf 77' lang='lat' dir='ltr'>thronum,</span> 
     </span>
     <span class='ocr_line' id='line_1_5' title="bbox 386 1134 1940 1226; baseline -0.002 -17"><span class='ocrx_word' id='word_1_41' title='bbox 386 1137 488 1209; x_wconf 84' lang='lat' dir='ltr'>iuxta</span> <span class='ocrx_word' id='word_1_42' title='bbox 515 1157 556 1208; x_wconf 88' lang='lat' dir='ltr'>ac</span> <span class='ocrx_word' id='word_1_43' title='bbox 583 1136 649 1207; x_wconf 90' lang='lat' dir='ltr'>tibi</span> <span class='ocrx_word' id='word_1_44' title='bbox 677 1137 920 1224; x_wconf 89' lang='lat' dir='ltr'>conscendere,</span> <span class='ocrx_word' id='word_1_45' title='bbox 950 1141 984 1207; x_wconf 92' lang='lat' dir='ltr'>et</span> <span class='ocrx_word' id='word_1_46' title='bbox 1012 1136 1160 1226; x_wconf 90' lang='lat' dir='ltr'>populos</span> <span class='ocrx_word' id='word_1_47' title='bbox 1189 1135 1303 1226; x_wconf 85' lang='lat' dir='ltr'>Regni</span> <span class='ocrx_word' id='word_1_48' title='bbox 1323 1135 1506 1222; x_wconf 92' lang='lat' dir='ltr'>Poloniae,</span> <span class='ocrx_word' id='word_1_49' title='bbox 1534 1135 1764 1226; x_wconf 77' lang='lat' dir='ltr'>regionesque</span> <span class='ocrx_word' id='word_1_50' title='bbox 1783 1134 1838 1206; x_wconf 91' lang='lat' dir='ltr'>illi</span> <span class='ocrx_word' id='word_1_51' title='bbox 1859 1135 1940 1206; x_wconf 91' lang='lat' dir='ltr'>sub-</span> 
     </span>
     <span class='ocr_line' id='line_1_6' title="bbox 388 1255 1940 1348; baseline -0.002 -19"><span class='ocrx_word' id='word_1_52' title='bbox 388 1257 514 1344; x_wconf 90' lang='lat' dir='ltr'>iectas,</span> <span class='ocrx_word' id='word_1_53' title='bbox 543 1256 753 1348; x_wconf 90' lang='lat' dir='ltr'>gubernare,</span> <span class='ocrx_word' id='word_1_54' title='bbox 783 1278 851 1326; x_wconf 93' lang='lat' dir='ltr'>non</span> <span class='ocrx_word' id='word_1_55' title='bbox 881 1255 1145 1348; x_wconf 81' lang='lat' dir='ltr'>sugillationem</span> <span class='ocrx_word' id='word_1_56' title='bbox 1173 1255 1345 1346; x_wconf 91' lang='lat' dir='ltr'>aliquam,</span> <span class='ocrx_word' id='word_1_57' title='bbox 1375 1260 1436 1325; x_wconf 93' lang='lat' dir='ltr'>aut</span> <span class='ocrx_word' id='word_1_58' title='bbox 1464 1255 1667 1326; x_wconf 72' lang='lat' dir='ltr'>ambitionis</span> <span class='ocrx_word' id='word_1_59' title='bbox 1686 1260 1821 1342; x_wconf 90' lang='lat' dir='ltr'>notam,</span> <span class='ocrx_word' id='word_1_60' title='bbox 1852 1275 1940 1346; x_wconf 88' lang='lat' dir='ltr'>quae</span> 
     </span>
     <span class='ocr_line' id='line_1_7' title="bbox 385 1375 1940 1468; baseline -0.002 -19"><span class='ocrx_word' id='word_1_61' title='bbox 385 1377 423 1449; x_wconf 91' lang='lat' dir='ltr'>in</span> <span class='ocrx_word' id='word_1_62' title='bbox 451 1380 487 1448; x_wconf 90' lang='lat' dir='ltr'>te</span> <span class='ocrx_word' id='word_1_63' title='bbox 515 1377 634 1468; x_wconf 79' lang='lat' dir='ltr'>spargi</span> <span class='ocrx_word' id='word_1_64' title='bbox 661 1397 730 1447; x_wconf 88' lang='lat' dir='ltr'>non</span> <span class='ocrx_word' id='word_1_65' title='bbox 758 1381 889 1466; x_wconf 90' lang='lat' dir='ltr'>potest,</span> <span class='ocrx_word' id='word_1_66' title='bbox 930 1378 990 1448; x_wconf 91' lang='lat' dir='ltr'>sed</span> <span class='ocrx_word' id='word_1_67' title='bbox 1018 1376 1158 1447; x_wconf 90' lang='lat' dir='ltr'>laudem</span> <span class='ocrx_word' id='word_1_68' title='bbox 1191 1375 1395 1463; x_wconf 81' lang='lat' dir='ltr'>maximam,</span> <span class='ocrx_word' id='word_1_69' title='bbox 1431 1375 1570 1446; x_wconf 91' lang='lat' dir='ltr'>etiamsi</span> <span class='ocrx_word' id='word_1_70' title='bbox 1605 1375 1823 1446; x_wconf 86' lang='lat' dir='ltr'>Wladisleus</span> <span class='ocrx_word' id='word_1_71' title='bbox 1850 1375 1940 1446; x_wconf 89' lang='lat' dir='ltr'>redi·</span> 
     </span>
     <span class='ocr_line' id='line_1_8' title="bbox 385 1495 1940 1587; baseline -0.002 -19"><span class='ocrx_word' id='word_1_72' title='bbox 385 1503 455 1584; x_wconf 91' lang='lat' dir='ltr'>ret,</span> <span class='ocrx_word' id='word_1_73' title='bbox 484 1495 591 1587; x_wconf 80' lang='lat' dir='ltr'>pr03)</span> <span class='ocrx_word' id='word_1_74' title='bbox 620 1502 826 1568; x_wconf 82' lang='lat' dir='ltr'>conservata</span> <span class='ocrx_word' id='word_1_75' title='bbox 853 1495 1070 1567; x_wconf 88' lang='lat' dir='ltr'>haereditate</span> <span class='ocrx_word' id='word_1_76' title='bbox 1098 1516 1162 1566; x_wconf 89' lang='lat' dir='ltr'>sua</span> <span class='ocrx_word' id='word_1_77' title='bbox 1190 1500 1224 1566; x_wconf 87' lang='lat' dir='ltr'>et</span> <span class='ocrx_word' id='word_1_78' title='bbox 1252 1495 1365 1586; x_wconf 88' lang='lat' dir='ltr'>patrio</span> <span class='ocrx_word' id='word_1_79' title='bbox 1394 1495 1531 1586; x_wconf 89' lang='lat' dir='ltr'>Regno,</span> <span class='ocrx_word' id='word_1_80' title='bbox 1561 1495 1627 1566; x_wconf 89' lang='lat' dir='ltr'>tibi</span> <span class='ocrx_word' id='word_1_81' title='bbox 1655 1515 1733 1566; x_wconf 90' lang='lat' dir='ltr'>oum</span> <span class='ocrx_word' id='word_1_82' title='bbox 1761 1495 1824 1566; x_wconf 93' lang='lat' dir='ltr'>illo</span> <span class='ocrx_word' id='word_1_83' title='bbox 1850 1515 1940 1566; x_wconf 92' lang='lat' dir='ltr'>com-</span> 
     </span>
     <span class='ocr_line' id='line_1_9' title="bbox 385 1615 1942 1708; baseline -0.001 -20"><span class='ocrx_word' id='word_1_84' title='bbox 385 1617 499 1704; x_wconf 89' lang='lat' dir='ltr'>muni,</span> <span class='ocrx_word' id='word_1_85' title='bbox 530 1617 621 1708; x_wconf 92' lang='lat' dir='ltr'>quod</span> <span class='ocrx_word' id='word_1_86' title='bbox 650 1618 738 1688; x_wconf 87' lang='lat' dir='ltr'>forte</span> <span class='ocrx_word' id='word_1_87' title='bbox 767 1617 829 1688; x_wconf 91' lang='lat' dir='ltr'>alii</span> <span class='ocrx_word' id='word_1_88' title='bbox 856 1622 976 1707; x_wconf 90' lang='lat' dir='ltr'>posset</span> <span class='ocrx_word' id='word_1_89' title='bbox 1012 1636 1088 1687; x_wconf 87' lang='lat' dir='ltr'>esse</span> <span class='ocrx_word' id='word_1_90' title='bbox 1120 1616 1226 1702; x_wconf 83' lang='lat' dir='ltr'>vitio,</span> <span class='ocrx_word' id='word_1_91' title='bbox 1255 1615 1440 1685; x_wconf 86' lang='lat' dir='ltr'>habiturus</span> <span class='ocrx_word' id='word_1_92' title='bbox 1458 1616 1501 1704; x_wconf 83' lang='lat'>⁴).</span> <span class='ocrx_word' id='word_1_93' title='bbox 1541 1615 1642 1686; x_wconf 87' lang='lat' dir='ltr'>Unde</span> <span class='ocrx_word' id='word_1_94' title='bbox 1675 1615 1802 1687; x_wconf 90' lang='lat' dir='ltr'>iterum</span> <span class='ocrx_word' id='word_1_95' title='bbox 1837 1619 1942 1706; x_wconf 91' lang='lat' dir='ltr'>atque</span> 
     </span>
     <span class='ocr_line' id='line_1_10' title="bbox 387 1734 1941 1828; baseline -0.001 -20"><span class='ocrx_word' id='word_1_96' title='bbox 387 1738 515 1810; x_wconf 90' lang='lat' dir='ltr'>iterum</span> <span class='ocrx_word' id='word_1_97' title='bbox 543 1757 723 1828; x_wconf 88' lang='lat' dir='ltr'>rogamus,</span> <span class='ocrx_word' id='word_1_98' title='bbox 752 1742 792 1808; x_wconf 92' lang='lat' dir='ltr'>ut</span> <span class='ocrx_word' id='word_1_99' title='bbox 819 1736 1026 1808; x_wconf 87' lang='lat' dir='ltr'>benevolum</span> <span class='ocrx_word' id='word_1_100' title='bbox 1061 1735 1268 1825; x_wconf 77' lang='lat' dir='ltr'>facilemque</span> <span class='ocrx_word' id='word_1_101' title='bbox 1296 1739 1329 1806; x_wconf 93' lang='lat' dir='ltr'>te</span> <span class='ocrx_word' id='word_1_102' title='bbox 1357 1735 1394 1806; x_wconf 91' lang='lat' dir='ltr'>in</span> <span class='ocrx_word' id='word_1_103' title='bbox 1423 1734 1663 1826; x_wconf 86' lang='lat' dir='ltr'>assumptione</span> <span class='ocrx_word' id='word_1_104' title='bbox 1696 1734 1810 1827; x_wconf 85' lang='lat' dir='ltr'>Regni</span> <span class='ocrx_word' id='word_1_105' title='bbox 1837 1735 1941 1807; x_wconf 94' lang='lat' dir='ltr'>Polo-</span> 
     </span>
     <span class='ocr_line' id='line_1_11' title="bbox 386 1855 1942 1948; baseline -0.001 -20"><span class='ocrx_word' id='word_1_106' title='bbox 386 1857 464 1929; x_wconf 89' lang='lat' dir='ltr'>niae</span> <span class='ocrx_word' id='word_1_107' title='bbox 498 1862 673 1948; x_wconf 74' lang='lat' dir='ltr'>praesteS,</span> <span class='ocrx_word' id='word_1_108' title='bbox 707 1863 812 1947; x_wconf 92' lang='lat' dir='ltr'>atque</span> <span class='ocrx_word' id='word_1_109' title='bbox 846 1856 936 1927; x_wconf 86' lang='lat' dir='ltr'>illud</span> <span class='ocrx_word' id='word_1_110' title='bbox 968 1875 1029 1946; x_wconf 94' lang='lat' dir='ltr'>pro</span> <span class='ocrx_word' id='word_1_111' title='bbox 1063 1855 1167 1926; x_wconf 89' lang='lat' dir='ltr'>laude</span> <span class='ocrx_word' id='word_1_112' title='bbox 1199 1855 1351 1926; x_wconf 88' lang='lat' dir='ltr'>nominis</span> <span class='ocrx_word' id='word_1_113' title='bbox 1384 1855 1512 1942; x_wconf 90' lang='lat' dir='ltr'>divini,</span> <span class='ocrx_word' id='word_1_114' title='bbox 1547 1857 1784 1926; x_wconf 79' lang='lat' dir='ltr'>consolatione</span> <span class='ocrx_word' id='word_1_115' title='bbox 1818 1856 1942 1947; x_wconf 91' lang='lat' dir='ltr'>populi</span> 
     </span>
     <span class='ocr_line' id='line_1_12' title="bbox 386 1975 1940 2068; baseline 0 -20"><span class='ocrx_word' id='word_1_116' title='bbox 386 1976 586 2064; x_wconf 89' lang='lat' dir='ltr'>christiani,</span> <span class='ocrx_word' id='word_1_117' title='bbox 616 1977 824 2048; x_wconf 82' lang='lat' dir='ltr'>exterminio</span> <span class='ocrx_word' id='word_1_118' title='bbox 852 1976 1093 2065; x_wconf 89' lang='lat' dir='ltr'>barbarorum,</span> <span class='ocrx_word' id='word_1_119' title='bbox 1122 1976 1158 2047; x_wconf 94' lang='lat' dir='ltr'>in</span> <span class='ocrx_word' id='word_1_120' title='bbox 1187 1975 1328 2047; x_wconf 88' lang='lat' dir='ltr'>iustitia</span> <span class='ocrx_word' id='word_1_121' title='bbox 1347 1981 1381 2046; x_wconf 91' lang='lat' dir='ltr'>et</span> <span class='ocrx_word' id='word_1_122' title='bbox 1400 1976 1529 2047; x_wconf 86' lang='lat' dir='ltr'>iudicio</span> <span class='ocrx_word' id='word_1_123' title='bbox 1549 1977 1737 2068; x_wconf 88' lang='lat' dir='ltr'>regendum</span> <span class='ocrx_word' id='word_1_124' title='bbox 1767 1997 1940 2049; x_wconf 90' lang='lat' dir='ltr'>assumas.</span> 
     </span>
    </p>
   </div>
   <div class='ocr_carea' id='block_1_3' title="bbox 404 2328 1933 2520">
    <p class='ocr_par' dir='ltr' id='par_1_3' title="bbox 404 2328 1933 2520">
     <span class='ocr_line' id='line_1_13' title="bbox 404 2328 1933 2420; baseline 0.001 -19"><span class='ocrx_word' id='word_1_125' title='bbox 404 2331 584 2402; x_wconf 70' lang='lat' dir='ltr'>kazimirus</span> <span class='ocrx_word' id='word_1_126' title='bbox 607 2329 873 2400; x_wconf 84' lang='lat' dir='ltr'>deliberationem</span> <span class='ocrx_word' id='word_1_127' title='bbox 896 2347 988 2400; x_wconf 84' lang='lat' dir='ltr'>suam</span> <span class='ocrx_word' id='word_1_128' title='bbox 1010 2328 1051 2399; x_wconf 88' lang='lat' dir='ltr'>de</span> <span class='ocrx_word' id='word_1_129' title='bbox 1073 2329 1183 2418; x_wconf 77' lang='lat' dir='ltr'>Regno</span> <span class='ocrx_word' id='word_1_130' title='bbox 1206 2329 1357 2400; x_wconf 83' lang='lat' dir='ltr'>Poloniae</span> <span class='ocrx_word' id='word_1_131' title='bbox 1380 2330 1583 2420; x_wconf 73' lang='lat' dir='ltr'>acceptando</span> <span class='ocrx_word' id='word_1_132' title='bbox 1606 2332 1640 2402; x_wconf 88' lang='lat' dir='ltr'>in</span> <span class='ocrx_word' id='word_1_133' title='bbox 1663 2331 1775 2402; x_wconf 83' lang='lat' dir='ltr'>tbtura</span> <span class='ocrx_word' id='word_1_134' title='bbox 1798 2331 1933 2402; x_wconf 76' lang='lat' dir='ltr'>aemilia</span> 
     </span>
     <span class='ocr_line' id='line_1_14' title="bbox 1108 2449 1225 2520; baseline 0.009 -1"><span class='ocrx_word' id='word_1_135' title='bbox 1108 2449 1225 2520; x_wconf 86' lang='lat' dir='ltr'>reiicit.</span> 
     </span>
    </p>
   </div>
   <div class='ocr_carea' id='block_1_4' title="bbox 389 2697 1948 5201">
    <p class='ocr_par' dir='ltr' id='par_1_4' title="bbox 389 2697 1948 5201">
     <span class='ocr_line' id='line_1_15' title="bbox 498 2697 1944 2792; baseline 0.002 -23"><span class='ocrx_word' id='word_1_136' title='bbox 498 2699 631 2769; x_wconf 83' lang='lat' dir='ltr'>Audita</span> <span class='ocrx_word' id='word_1_137' title='bbox 664 2699 854 2789; x_wconf 89' lang='lat' dir='ltr'>legatione,</span> <span class='ocrx_word' id='word_1_138' title='bbox 887 2697 1089 2769; x_wconf 84' lang='lat' dir='ltr'>Karimirus</span> <span class='ocrx_word' id='word_1_139' title='bbox 1121 2699 1202 2769; x_wconf 83' lang='lat' dir='ltr'>Dux</span> <span class='ocrx_word' id='word_1_140' title='bbox 1235 2698 1462 2786; x_wconf 88' lang='lat' dir='ltr'>Lithuaniae,</span> <span class='ocrx_word' id='word_1_141' title='bbox 1501 2700 1662 2792; x_wconf 91' lang='lat' dir='ltr'>pluribus</span> <span class='ocrx_word' id='word_1_142' title='bbox 1695 2701 1835 2789; x_wconf 91' lang='lat' dir='ltr'>diebus,</span> <span class='ocrx_word' id='word_1_143' title='bbox 1865 2721 1944 2772; x_wconf 91' lang='lat' dir='ltr'>cum</span> 
     </span>
     <span class='ocr_line' id='line_1_16' title="bbox 393 2818 1944 2909; baseline 0 -18"><span class='ocrx_word' id='word_1_144' title='bbox 393 2819 467 2891; x_wconf 89' lang='lat' dir='ltr'>suis</span> <span class='ocrx_word' id='word_1_145' title='bbox 495 2819 806 2904; x_wconf 61' lang='lat' dir='ltr'>deliberabundus</span> <span class='ocrx_word' id='word_1_146' title='bbox 835 2819 974 2909; x_wconf 88' lang='lat' dir='ltr'>privata</span> <span class='ocrx_word' id='word_1_147' title='bbox 1002 2818 1150 2890; x_wconf 90' lang='lat' dir='ltr'>consilia</span> <span class='ocrx_word' id='word_1_148' title='bbox 1178 2819 1304 2890; x_wconf 92' lang='lat' dir='ltr'>tenuit.</span> <span class='ocrx_word' id='word_1_149' title='bbox 1334 2821 1379 2890; x_wconf 85' lang='lat' dir='ltr'>Et</span> <span class='ocrx_word' id='word_1_150' title='bbox 1406 2820 1489 2891; x_wconf 91' lang='lat' dir='ltr'>licet</span> <span class='ocrx_word' id='word_1_151' title='bbox 1513 2821 1626 2891; x_wconf 90' lang='lat' dir='ltr'>omnis</span> <span class='ocrx_word' id='word_1_152' title='bbox 1645 2821 1795 2892; x_wconf 89' lang='lat' dir='ltr'>intentio</span> <span class='ocrx_word' id='word_1_153' title='bbox 1817 2843 1880 2893; x_wconf 89' lang='lat' dir='ltr'>sua</span> <span class='ocrx_word' id='word_1_154' title='bbox 1900 2823 1944 2892; x_wconf 87' lang='lat' dir='ltr'>ad</span> 
     </span>
     <span class='ocr_line' id='line_1_17' title="bbox 390 2939 1940 3032; baseline 0.001 -21"><span class='ocrx_word' id='word_1_155' title='bbox 390 2940 579 3032; x_wconf 90' lang='lat' dir='ltr'>gerendum</span> <span class='ocrx_word' id='word_1_156' title='bbox 608 2960 737 3010; x_wconf 92' lang='lat' dir='ltr'>morem</span> <span class='ocrx_word' id='word_1_157' title='bbox 769 2939 937 3030; x_wconf 88' lang='lat' dir='ltr'>legationi</span> <span class='ocrx_word' id='word_1_158' title='bbox 970 2939 1186 3030; x_wconf 85' lang='lat' dir='ltr'>propositae,</span> <span class='ocrx_word' id='word_1_159' title='bbox 1221 2941 1540 3030; x_wconf 89' lang='lat' dir='ltr'>acceptandumque</span> <span class='ocrx_word' id='word_1_160' title='bbox 1573 2941 1732 3032; x_wconf 84' lang='lat' dir='ltr'>Regnum</span> <span class='ocrx_word' id='word_1_161' title='bbox 1760 2943 1940 3029; x_wconf 87' lang='lat' dir='ltr'>Poloniae,</span> 
     </span>
     <span class='ocr_line' id='line_1_18' title="bbox 390 3060 1941 3151; baseline 0 -19"><span class='ocrx_word' id='word_1_162' title='bbox 390 3061 561 3132; x_wconf 89' lang='lat' dir='ltr'>inclinata</span> <span class='ocrx_word' id='word_1_163' title='bbox 595 3065 702 3146; x_wconf 88' lang='lat' dir='ltr'>esset,</span> <span class='ocrx_word' id='word_1_164' title='bbox 740 3060 983 3131; x_wconf 86' lang='lat' dir='ltr'>retrahebatur</span> <span class='ocrx_word' id='word_1_165' title='bbox 1019 3067 1135 3132; x_wconf 87' lang='lat' dir='ltr'>tamon</span> <span class='ocrx_word' id='word_1_166' title='bbox 1172 3060 1253 3131; x_wconf 90' lang='lat' dir='ltr'>binc</span> <span class='ocrx_word' id='word_1_167' title='bbox 1285 3061 1484 3151; x_wconf 78' lang='lat' dir='ltr'>suspicione</span> <span class='ocrx_word' id='word_1_168' title='bbox 1517 3062 1691 3133; x_wconf 90' lang='lat' dir='ltr'>fraternae</span> <span class='ocrx_word' id='word_1_169' title='bbox 1719 3061 1829 3150; x_wconf 87' lang='lat' dir='ltr'>vitae,</span> <span class='ocrx_word' id='word_1_170' title='bbox 1858 3061 1941 3133; x_wconf 89' lang='lat' dir='ltr'>hinc</span> 
     </span>
     <span class='ocr_line' id='line_1_19' title="bbox 389 3179 1939 3271; baseline 0.001 -19"><span class='ocrx_word' id='word_1_171' title='bbox 389 3181 668 3252; x_wconf 88' lang='lat' dir='ltr'>consiliariorum</span> <span class='ocrx_word' id='word_1_172' title='bbox 688 3179 899 3251; x_wconf 85' lang='lat' dir='ltr'>Lithuaniae</span> <span class='ocrx_word' id='word_1_173' title='bbox 918 3179 1153 3266; x_wconf 87' lang='lat' dir='ltr'>dissuasione,</span> <span class='ocrx_word' id='word_1_174' title='bbox 1184 3180 1244 3270; x_wconf 94' lang='lat' dir='ltr'>qui</span> <span class='ocrx_word' id='word_1_175' title='bbox 1271 3202 1332 3271; x_wconf 92' lang='lat' dir='ltr'>per</span> <span class='ocrx_word' id='word_1_176' title='bbox 1360 3181 1626 3252; x_wconf 91' lang='lat' dir='ltr'>translationem</span> <span class='ocrx_word' id='word_1_177' title='bbox 1655 3203 1754 3254; x_wconf 88' lang='lat' dir='ltr'>suam</span> <span class='ocrx_word' id='word_1_178' title='bbox 1778 3182 1815 3254; x_wconf 94' lang='lat' dir='ltr'>in</span> <span class='ocrx_word' id='word_1_179' title='bbox 1834 3184 1939 3254; x_wconf 91' lang='lat' dir='ltr'>Polo-</span> 
     </span>
     <span class='ocr_line' id='line_1_20' title="bbox 391 3300 1944 3392; baseline 0.002 -20"><span class='ocrx_word' id='word_1_180' title='bbox 391 3301 469 3373; x_wconf 91' lang='lat' dir='ltr'>niae</span> <span class='ocrx_word' id='word_1_181' title='bbox 497 3302 657 3392; x_wconf 86' lang='lat' dir='ltr'>Regnum</span> <span class='ocrx_word' id='word_1_182' title='bbox 684 3301 796 3373; x_wconf 88' lang='lat' dir='ltr'>redire</span> <span class='ocrx_word' id='word_1_183' title='bbox 825 3300 1063 3388; x_wconf 80' lang='lat' dir='ltr'>Withawdi5)</span> <span class='ocrx_word' id='word_1_184' title='bbox 1091 3305 1153 3371; x_wconf 90' lang='lat' dir='ltr'>aut</span> <span class='ocrx_word' id='word_1_185' title='bbox 1182 3301 1400 3392; x_wconf 78' lang='lat' dir='ltr'>sigismundi</span> <span class='ocrx_word' id='word_1_186' title='bbox 1429 3302 1548 3373; x_wconf 83' lang='lat' dir='ltr'>fratris</span> <span class='ocrx_word' id='word_1_187' title='bbox 1577 3302 1633 3373; x_wconf 92' lang='lat' dir='ltr'>sui</span> <span class='ocrx_word' id='word_1_188' title='bbox 1665 3303 1837 3374; x_wconf 87' lang='lat' dir='ltr'>horrenda</span> <span class='ocrx_word' id='word_1_189' title='bbox 1856 3309 1944 3375; x_wconf 92' lang='lat' dir='ltr'>tem·</span> 
     </span>
     <span class='ocr_line' id='line_1_21' title="bbox 391 3421 1945 3515; baseline 0.001 -22"><span class='ocrx_word' id='word_1_190' title='bbox 391 3443 492 3512; x_wconf 90' lang='lat' dir='ltr'>pora,</span> <span class='ocrx_word' id='word_1_191' title='bbox 523 3422 651 3512; x_wconf 91' lang='lat' dir='ltr'>quibus</span> <span class='ocrx_word' id='word_1_192' title='bbox 679 3421 716 3492; x_wconf 91' lang='lat' dir='ltr'>iu</span> <span class='ocrx_word' id='word_1_193' title='bbox 744 3421 859 3512; x_wconf 89' lang='lat' dir='ltr'>capita</span> <span class='ocrx_word' id='word_1_194' title='bbox 887 3443 1005 3493; x_wconf 90' lang='lat' dir='ltr'>eorum</span> <span class='ocrx_word' id='word_1_195' title='bbox 1033 3443 1096 3512; x_wconf 92' lang='lat' dir='ltr'>pro</span> <span class='ocrx_word' id='word_1_196' title='bbox 1124 3421 1227 3492; x_wconf 87' lang='lat' dir='ltr'>libito</span> <span class='ocrx_word' id='word_1_197' title='bbox 1257 3422 1428 3493; x_wconf 87' lang='lat' dir='ltr'>saevitum</span> <span class='ocrx_word' id='word_1_198' title='bbox 1458 3427 1527 3508; x_wconf 93' lang='lat' dir='ltr'>est,</span> <span class='ocrx_word' id='word_1_199' title='bbox 1557 3428 1591 3494; x_wconf 87' lang='lat' dir='ltr'>et</span> <span class='ocrx_word' id='word_1_200' title='bbox 1619 3425 1869 3515; x_wconf 87' lang='lat' dir='ltr'>transmigrare</span> <span class='ocrx_word' id='word_1_201' title='bbox 1897 3425 1945 3495; x_wconf 92' lang='lat' dir='ltr'>si-</span> 
     </span>
     <span class='ocr_line' id='line_1_22' title="bbox 393 3541 1945 3633; baseline 0.002 -20"><span class='ocrx_word' id='word_1_202' title='bbox 393 3543 466 3613; x_wconf 92' lang='lat' dir='ltr'>mul</span> <span class='ocrx_word' id='word_1_203' title='bbox 495 3563 572 3612; x_wconf 92' lang='lat' dir='ltr'>cum</span> <span class='ocrx_word' id='word_1_204' title='bbox 601 3541 780 3613; x_wconf 81' lang='lat' dir='ltr'>Karimiro</span> <span class='ocrx_word' id='word_1_205' title='bbox 808 3547 944 3632; x_wconf 88' lang='lat' dir='ltr'>partam</span> <span class='ocrx_word' id='word_1_206' title='bbox 972 3542 1172 3614; x_wconf 89' lang='lat' dir='ltr'>libertatem</span> <span class='ocrx_word' id='word_1_207' title='bbox 1202 3541 1380 3613; x_wconf 90' lang='lat' dir='ltr'>rebantur.</span> <span class='ocrx_word' id='word_1_208' title='bbox 1409 3543 1649 3633; x_wconf 84' lang='lat' dir='ltr'>Veniebatque</span> <span class='ocrx_word' id='word_1_209' title='bbox 1677 3543 1714 3614; x_wconf 88' lang='lat' dir='ltr'>iu</span> <span class='ocrx_word' id='word_1_210' title='bbox 1734 3549 1885 3616; x_wconf 90' lang='lat' dir='ltr'>mentem</span> <span class='ocrx_word' id='word_1_211' title='bbox 1905 3546 1945 3616; x_wconf 88' lang='lat' dir='ltr'>fi-</span> 
     </span>
     <span class='ocr_line' id='line_1_23' title="bbox 392 3661 1947 3754; baseline 0.003 -21"><span class='ocrx_word' id='word_1_212' title='bbox 392 3662 463 3734; x_wconf 92' lang='lat' dir='ltr'>lius</span> <span class='ocrx_word' id='word_1_213' title='bbox 498 3661 732 3753; x_wconf 89' lang='lat' dir='ltr'>Sigismundi,</span> <span class='ocrx_word' id='word_1_214' title='bbox 767 3662 917 3734; x_wconf 87' lang='lat' dir='ltr'>Michael</span> <span class='ocrx_word' id='word_1_215' title='bbox 950 3663 1048 3750; x_wconf 86' lang='lat' dir='ltr'>Dux,</span> <span class='ocrx_word' id='word_1_216' title='bbox 1082 3684 1124 3733; x_wconf 92' lang='lat' dir='ltr'>ne</span> <span class='ocrx_word' id='word_1_217' title='bbox 1158 3662 1190 3732; x_wconf 92' lang='lat' dir='ltr'>is</span> <span class='ocrx_word' id='word_1_218' title='bbox 1223 3663 1402 3734; x_wconf 83' lang='lat' dir='ltr'>Karimiro</span> <span class='ocrx_word' id='word_1_219' title='bbox 1436 3664 1652 3751; x_wconf 90' lang='lat' dir='ltr'>succederet,</span> <span class='ocrx_word' id='word_1_220' title='bbox 1686 3665 1799 3754; x_wconf 90' lang='lat' dir='ltr'>patris</span> <span class='ocrx_word' id='word_1_221' title='bbox 1827 3686 1947 3737; x_wconf 88' lang='lat' dir='ltr'>necem</span> 
     </span>
     <span class='ocr_line' id='line_1_24' title="bbox 393 3782 1945 3874; baseline 0.003 -21"><span class='ocrx_word' id='word_1_222' title='bbox 393 3782 585 3874; x_wconf 89' lang='lat' dir='ltr'>multiplici</span> <span class='ocrx_word' id='word_1_223' title='bbox 617 3805 699 3855; x_wconf 91' lang='lat' dir='ltr'>nece</span> <span class='ocrx_word' id='word_1_224' title='bbox 733 3784 886 3854; x_wconf 77' lang='lat' dir='ltr'>ulturus,</span> <span class='ocrx_word' id='word_1_225' title='bbox 922 3782 1066 3854; x_wconf 88' lang='lat' dir='ltr'>Praeter</span> <span class='ocrx_word' id='word_1_226' title='bbox 1097 3784 1183 3854; x_wconf 89' lang='lat' dir='ltr'>baec</span> <span class='ocrx_word' id='word_1_227' title='bbox 1211 3789 1246 3854; x_wconf 94' lang='lat' dir='ltr'>et</span> <span class='ocrx_word' id='word_1_228' title='bbox 1273 3789 1452 3874; x_wconf 87' lang='lat' dir='ltr'>respectus</span> <span class='ocrx_word' id='word_1_229' title='bbox 1480 3784 1522 3854; x_wconf 94' lang='lat' dir='ltr'>de</span> <span class='ocrx_word' id='word_1_230' title='bbox 1550 3789 1663 3855; x_wconf 88' lang='lat' dir='ltr'>castro</span> <span class='ocrx_word' id='word_1_231' title='bbox 1696 3785 1854 3856; x_wconf 85' lang='lat' dir='ltr'>Luczsko</span> <span class='ocrx_word' id='word_1_232' title='bbox 1890 3786 1945 3857; x_wconf 91' lang='lat' dir='ltr'>in-</span> 
     </span>
     <span class='ocr_line' id='line_1_25' title="bbox 393 3903 1945 3996; baseline 0.002 -23"><span class='ocrx_word' id='word_1_233' title='bbox 393 3904 658 3994; x_wconf 87' lang='lat' dir='ltr'>terponebatur,</span> <span class='ocrx_word' id='word_1_234' title='bbox 692 3925 735 3974; x_wconf 90' lang='lat' dir='ltr'>ne</span> <span class='ocrx_word' id='word_1_235' title='bbox 768 3903 875 3990; x_wconf 92' lang='lat' dir='ltr'>illud,</span> <span class='ocrx_word' id='word_1_236' title='bbox 909 3903 1011 3974; x_wconf 80' lang='lat' dir='ltr'>iuxta</span> <span class='ocrx_word' id='word_1_237' title='bbox 1039 3904 1218 3988; x_wconf 91' lang='lat' dir='ltr'>conclusa,</span> <span class='ocrx_word' id='word_1_238' title='bbox 1253 3903 1456 3975; x_wconf 84' lang='lat' dir='ltr'>Karimirus</span> <span class='ocrx_word' id='word_1_239' title='bbox 1488 3905 1609 3995; x_wconf 86' lang='lat' dir='ltr'>Regno</span> <span class='ocrx_word' id='word_1_240' title='bbox 1637 3905 1804 3976; x_wconf 89' lang='lat' dir='ltr'>Poloniae</span> <span class='ocrx_word' id='word_1_241' title='bbox 1832 3907 1945 3996; x_wconf 91' lang='lat' dir='ltr'>appli-</span> 
     </span>
     <span class='ocr_line' id='line_1_26' title="bbox 394 4023 1945 4116; baseline 0.001 -22"><span class='ocrx_word' id='word_1_242' title='bbox 394 4028 505 4095; x_wconf 86' lang='lat' dir='ltr'>caret:</span> <span class='ocrx_word' id='word_1_243' title='bbox 540 4024 632 4115; x_wconf 91' lang='lat' dir='ltr'>quod</span> <span class='ocrx_word' id='word_1_244' title='bbox 665 4024 834 4095; x_wconf 86' lang='lat' dir='ltr'>Lithuani</span> <span class='ocrx_word' id='word_1_245' title='bbox 868 4023 923 4094; x_wconf 90' lang='lat' dir='ltr'>sui</span> <span class='ocrx_word' id='word_1_246' title='bbox 956 4023 1043 4094; x_wconf 91' lang='lat' dir='ltr'>iuris</span> <span class='ocrx_word' id='word_1_247' title='bbox 1077 4025 1188 4095; x_wconf 86' lang='lat' dir='ltr'>facere</span> <span class='ocrx_word' id='word_1_248' title='bbox 1220 4024 1434 4095; x_wconf 89' lang='lat' dir='ltr'>nitebantur.</span> <span class='ocrx_word' id='word_1_249' title='bbox 1468 4024 1535 4094; x_wconf 90' lang='lat' dir='ltr'>His</span> <span class='ocrx_word' id='word_1_250' title='bbox 1569 4025 1841 4116; x_wconf 87' lang='lat' dir='ltr'>cogitationibus</span> <span class='ocrx_word' id='word_1_251' title='bbox 1873 4026 1945 4096; x_wconf 92' lang='lat' dir='ltr'>dis·</span> 
     </span>
     <span class='ocr_line' id='line_1_27' title="bbox 393 4144 1946 4234; baseline 0.002 -20"><span class='ocrx_word' id='word_1_252' title='bbox 393 4149 541 4230; x_wconf 88' lang='lat' dir='ltr'>tractos,</span> <span class='ocrx_word' id='word_1_253' title='bbox 571 4145 760 4234; x_wconf 88' lang='lat' dir='ltr'>apparebat</span> <span class='ocrx_word' id='word_1_254' title='bbox 779 4145 860 4215; x_wconf 85' lang='lat' dir='ltr'>illos</span> <span class='ocrx_word' id='word_1_255' title='bbox 882 4145 974 4214; x_wconf 89' lang='lat' dir='ltr'>omni</span> <span class='ocrx_word' id='word_1_256' title='bbox 994 4145 1090 4229; x_wconf 90' lang='lat' dir='ltr'>uisu,</span> <span class='ocrx_word' id='word_1_257' title='bbox 1117 4144 1263 4215; x_wconf 89' lang='lat' dir='ltr'>consilio</span> <span class='ocrx_word' id='word_1_258' title='bbox 1284 4148 1318 4214; x_wconf 90' lang='lat' dir='ltr'>ct</span> <span class='ocrx_word' id='word_1_259' title='bbox 1337 4145 1541 4232; x_wconf 88' lang='lat' dir='ltr'>autoritate,</span> <span class='ocrx_word' id='word_1_260' title='bbox 1563 4146 1692 4216; x_wconf 90' lang='lat' dir='ltr'>Ducem</span> <span class='ocrx_word' id='word_1_261' title='bbox 1713 4146 1946 4234; x_wconf 81' lang='lat' dir='ltr'>Karimirum,</span> 
     </span>
     <span class='ocr_line' id='line_1_28' title="bbox 393 4265 1948 4356; baseline 0.001 -20"><span class='ocrx_word' id='word_1_262' title='bbox 393 4287 437 4337; x_wconf 90' lang='lat' dir='ltr'>ne</span> <span class='ocrx_word' id='word_1_263' title='bbox 465 4265 625 4354; x_wconf 91' lang='lat' dir='ltr'>Regnum</span> <span class='ocrx_word' id='word_1_264' title='bbox 659 4265 827 4336; x_wconf 90' lang='lat' dir='ltr'>Poloniae</span> <span class='ocrx_word' id='word_1_265' title='bbox 858 4271 1070 4355; x_wconf 90' lang='lat' dir='ltr'>acceptaret,</span> <span class='ocrx_word' id='word_1_266' title='bbox 1109 4269 1333 4336; x_wconf 89' lang='lat' dir='ltr'>retracturos.</span> <span class='ocrx_word' id='word_1_267' title='bbox 1372 4265 1498 4335; x_wconf 89' lang='lat' dir='ltr'>Nuntii</span> <span class='ocrx_word' id='word_1_268' title='bbox 1531 4265 1651 4356; x_wconf 90' lang='lat' dir='ltr'>itaque</span> <span class='ocrx_word' id='word_1_269' title='bbox 1684 4271 1718 4337; x_wconf 93' lang='lat' dir='ltr'>et</span> <span class='ocrx_word' id='word_1_270' title='bbox 1752 4267 1948 4338; x_wconf 90' lang='lat' dir='ltr'>consiliarii</span> 
     </span>
     <span class='ocr_line' id='line_1_29' title="bbox 395 4383 1946 4478; baseline 0.001 -22"><span class='ocrx_word' id='word_1_271' title='bbox 395 4383 508 4476; x_wconf 92' lang='lat' dir='ltr'>Regni</span> <span class='ocrx_word' id='word_1_272' title='bbox 537 4385 703 4455; x_wconf 89' lang='lat' dir='ltr'>Poloniae</span> <span class='ocrx_word' id='word_1_273' title='bbox 736 4386 798 4456; x_wconf 90' lang='lat' dir='ltr'>hos</span> <span class='ocrx_word' id='word_1_274' title='bbox 828 4386 921 4457; x_wconf 92' lang='lat' dir='ltr'>inter</span> <span class='ocrx_word' id='word_1_275' title='bbox 940 4407 976 4457; x_wconf 92' lang='lat' dir='ltr'>se</span> <span class='ocrx_word' id='word_1_276' title='bbox 996 4386 1191 4456; x_wconf 86' lang='lat' dir='ltr'>Lithuanos</span> <span class='ocrx_word' id='word_1_277' title='bbox 1217 4386 1358 4457; x_wconf 86' lang='lat' dir='ltr'>volvere</span> <span class='ocrx_word' id='word_1_278' title='bbox 1383 4385 1623 4476; x_wconf 88' lang='lat' dir='ltr'>intelligentes</span> <span class='ocrx_word' id='word_1_279' title='bbox 1651 4391 1837 4475; x_wconf 80' lang='lat' dir='ltr'>tractatae,</span> <span class='ocrx_word' id='word_1_280' title='bbox 1866 4388 1946 4478; x_wconf 93' lang='lat' dir='ltr'>plu·</span> 
     </span>
     <span class='ocr_line' id='line_1_30' title="bbox 395 4505 1948 4598; baseline 0.002 -23"><span class='ocrx_word' id='word_1_281' title='bbox 395 4527 450 4576; x_wconf 90' lang='lat' dir='ltr'>res</span> <span class='ocrx_word' id='word_1_282' title='bbox 479 4505 632 4575; x_wconf 90' lang='lat' dir='ltr'>rationes</span> <span class='ocrx_word' id='word_1_283' title='bbox 669 4505 814 4596; x_wconf 87' lang='lat' dir='ltr'>viasque</span> <span class='ocrx_word' id='word_1_284' title='bbox 852 4506 1030 4597; x_wconf 88' lang='lat' dir='ltr'>aperiunt,</span> <span class='ocrx_word' id='word_1_285' title='bbox 1070 4507 1198 4597; x_wconf 90' lang='lat' dir='ltr'>quibus</span> <span class='ocrx_word' id='word_1_286' title='bbox 1226 4511 1321 4578; x_wconf 90' lang='lat' dir='ltr'>metu</span> <span class='ocrx_word' id='word_1_287' title='bbox 1346 4510 1510 4596; x_wconf 90' lang='lat' dir='ltr'>concepto</span> <span class='ocrx_word' id='word_1_288' title='bbox 1535 4507 1732 4595; x_wconf 86' lang='lat' dir='ltr'>solvantur,</span> <span class='ocrx_word' id='word_1_289' title='bbox 1762 4507 1866 4598; x_wconf 92' lang='lat' dir='ltr'>idque</span> <span class='ocrx_word' id='word_1_290' title='bbox 1884 4529 1948 4598; x_wconf 93' lang='lat' dir='ltr'>pro</span> 
     </span>
     <span class='ocr_line' id='line_1_31' title="bbox 397 4626 1947 4716; baseline 0.002 -20"><span class='ocrx_word' id='word_1_291' title='bbox 397 4646 532 4696; x_wconf 90' lang='lat' dir='ltr'>summa</span> <span class='ocrx_word' id='word_1_292' title='bbox 560 4645 673 4696; x_wconf 89' lang='lat' dir='ltr'>rerum</span> <span class='ocrx_word' id='word_1_293' title='bbox 704 4626 869 4698; x_wconf 85' lang='lat' dir='ltr'>offerunt:</span> <span class='ocrx_word' id='word_1_294' title='bbox 899 4633 939 4697; x_wconf 91' lang='lat' dir='ltr'>ut</span> <span class='ocrx_word' id='word_1_295' title='bbox 966 4627 1057 4698; x_wconf 90' lang='lat' dir='ltr'>nihil</span> <span class='ocrx_word' id='word_1_296' title='bbox 1085 4631 1308 4712; x_wconf 87' lang='lat' dir='ltr'>cunctentur,</span> <span class='ocrx_word' id='word_1_297' title='bbox 1339 4627 1496 4716; x_wconf 91' lang='lat' dir='ltr'>nihilque</span> <span class='ocrx_word' id='word_1_298' title='bbox 1517 4633 1704 4698; x_wconf 82' lang='lat' dir='ltr'>vereantur</span> <span class='ocrx_word' id='word_1_299' title='bbox 1723 4629 1853 4698; x_wconf 86' lang='lat' dir='ltr'>Ducem</span> <span class='ocrx_word' id='word_1_300' title='bbox 1873 4629 1947 4699; x_wconf 89' lang='lat' dir='ltr'>Ka-</span> 
     </span>
     <span class='ocr_line' id='line_1_32' title="bbox 397 4747 1948 4838; baseline 0.001 -21"><span class='ocrx_word' id='word_1_301' title='bbox 397 4747 557 4817; x_wconf 84' lang='lat' dir='ltr'>rimirum</span> <span class='ocrx_word' id='word_1_302' title='bbox 589 4768 651 4837; x_wconf 91' lang='lat' dir='ltr'>pro</span> <span class='ocrx_word' id='word_1_303' title='bbox 684 4749 832 4838; x_wconf 87' lang='lat' dir='ltr'>regendo</span> <span class='ocrx_word' id='word_1_304' title='bbox 866 4748 986 4838; x_wconf 87' lang='lat' dir='ltr'>Regno</span> <span class='ocrx_word' id='word_1_305' title='bbox 1020 4747 1185 4818; x_wconf 91' lang='lat' dir='ltr'>Poloniae</span> <span class='ocrx_word' id='word_1_306' title='bbox 1219 4747 1381 4818; x_wconf 93' lang='lat' dir='ltr'>inducere</span> <span class='ocrx_word' id='word_1_307' title='bbox 1409 4747 1452 4818; x_wconf 91' lang='lat' dir='ltr'>ad</span> <span class='ocrx_word' id='word_1_308' title='bbox 1480 4769 1703 4835; x_wconf 88' lang='lat' dir='ltr'>consensum,</span> <span class='ocrx_word' id='word_1_309' title='bbox 1738 4748 1880 4819; x_wconf 88' lang='lat' dir='ltr'>daturos</span> <span class='ocrx_word' id='word_1_310' title='bbox 1910 4769 1948 4820; x_wconf 92' lang='lat' dir='ltr'>se</span> 
     </span>
     <span class='ocr_line' id='line_1_33' title="bbox 397 4867 1948 4960; baseline 0.001 -22"><span class='ocrx_word' id='word_1_311' title='bbox 397 4887 475 4938; x_wconf 93' lang='lat' dir='ltr'>cum</span> <span class='ocrx_word' id='word_1_312' title='bbox 512 4867 586 4938; x_wconf 88' lang='lat' dir='ltr'>illis</span> <span class='ocrx_word' id='word_1_313' title='bbox 620 4889 774 4958; x_wconf 91' lang='lat' dir='ltr'>operam,</span> <span class='ocrx_word' id='word_1_314' title='bbox 809 4877 848 4939; x_wconf 92' lang='lat' dir='ltr'>ut</span> <span class='ocrx_word' id='word_1_315' title='bbox 882 4889 941 4958; x_wconf 87' lang='lat' dir='ltr'>pro</span> <span class='ocrx_word' id='word_1_316' title='bbox 973 4869 1088 4938; x_wconf 86' lang='lat' dir='ltr'>futuro</span> <span class='ocrx_word' id='word_1_317' title='bbox 1122 4868 1246 4959; x_wconf 87' lang='lat' dir='ltr'>Magno</span> <span class='ocrx_word' id='word_1_318' title='bbox 1280 4867 1490 4940; x_wconf 89' lang='lat' dir='ltr'>Lithuaniae</span> <span class='ocrx_word' id='word_1_319' title='bbox 1524 4870 1618 4941; x_wconf 91' lang='lat' dir='ltr'>Duce</span> <span class='ocrx_word' id='word_1_320' title='bbox 1655 4890 1837 4960; x_wconf 88' lang='lat' dir='ltr'>personam</span> <span class='ocrx_word' id='word_1_321' title='bbox 1872 4869 1948 4940; x_wconf 89' lang='lat' dir='ltr'>illis</span> 
     </span>
     <span class='ocr_line' id='line_1_34' title="bbox 398 4987 1948 5080; baseline 0.001 -21"><span class='ocrx_word' id='word_1_322' title='bbox 398 4995 432 5059; x_wconf 89' lang='lat' dir='ltr'>et</span> <span class='ocrx_word' id='word_1_323' title='bbox 461 4987 614 5059; x_wconf 90' lang='lat' dir='ltr'>Ducatui</span> <span class='ocrx_word' id='word_1_324' title='bbox 642 4987 853 5060; x_wconf 87' lang='lat' dir='ltr'>Lithuaniae</span> <span class='ocrx_word' id='word_1_325' title='bbox 880 4989 1005 5060; x_wconf 92' lang='lat' dir='ltr'>utilem</span> <span class='ocrx_word' id='word_1_326' title='bbox 1034 4994 1068 5059; x_wconf 91' lang='lat' dir='ltr'>et</span> <span class='ocrx_word' id='word_1_327' title='bbox 1095 4997 1231 5078; x_wconf 90' lang='lat' dir='ltr'>gratam</span> <span class='ocrx_word' id='word_1_328' title='bbox 1259 4988 1403 5080; x_wconf 90' lang='lat' dir='ltr'>eligant.</span> <span class='ocrx_word' id='word_1_329' title='bbox 1433 4989 1495 5061; x_wconf 89' lang='lat' dir='ltr'>Sin</span> <span class='ocrx_word' id='word_1_330' title='bbox 1524 5011 1603 5061; x_wconf 90' lang='lat' dir='ltr'>vero</span> <span class='ocrx_word' id='word_1_331' title='bbox 1632 4994 1797 5080; x_wconf 91' lang='lat' dir='ltr'>reputant</span> <span class='ocrx_word' id='word_1_332' title='bbox 1816 4995 1948 5060; x_wconf 88' lang='lat' dir='ltr'>statum</span> 
     </span>
     <span class='ocr_line' id='line_1_35' title="bbox 399 5109 1947 5201; baseline 0.003 -23"><span class='ocrx_word' id='word_1_333' title='bbox 399 5128 501 5178; x_wconf 91' lang='lat' dir='ltr'>suum</span> <span class='ocrx_word' id='word_1_334' title='bbox 530 5113 565 5194; x_wconf 87' lang='lat' dir='ltr'>et</span> <span class='ocrx_word' id='word_1_335' title='bbox 592 5109 748 5180; x_wconf 86' lang='lat' dir='ltr'>Ducatus</span> <span class='ocrx_word' id='word_1_336' title='bbox 777 5109 988 5180; x_wconf 90' lang='lat' dir='ltr'>Lithuaniae</span> <span class='ocrx_word' id='word_1_337' title='bbox 1016 5109 1209 5180; x_wconf 90' lang='lat' dir='ltr'>mutatione</span> <span class='ocrx_word' id='word_1_338' title='bbox 1242 5109 1349 5180; x_wconf 86' lang='lat' dir='ltr'>Ducis</span> <span class='ocrx_word' id='word_1_339' title='bbox 1383 5109 1555 5181; x_wconf 88' lang='lat' dir='ltr'>Kaaimiri</span> <span class='ocrx_word' id='word_1_340' title='bbox 1588 5109 1781 5201; x_wconf 88' lang='lat' dir='ltr'>periclitari</span> <span class='ocrx_word' id='word_1_341' title='bbox 1811 5110 1947 5198; x_wconf 89' lang='lat' dir='ltr'>debere,</span> 
     </span>
    </p>
   </div>
   <div class='ocr_carea' id='block_1_5' title="bbox 399 5377 1951 5568">
    <p class='ocr_par' dir='ltr' id='par_1_5' title="bbox 399 5377 1951 5568">
     <span class='ocr_line' id='line_1_36' title="bbox 508 5377 1951 5465; baseline 0.001 -23"><span class='ocrx_word' id='word_1_342' title='bbox 508 5382 531 5462; x_wconf 89' lang='lat'>¹)</span> <span class='ocrx_word' id='word_1_343' title='bbox 554 5385 650 5460; x_wconf 86' lang='lat' dir='ltr'>magis</span> <span class='ocrx_word' id='word_1_344' title='bbox 674 5381 759 5444; x_wconf 81' lang='lat' dir='ltr'>deest</span> <span class='ocrx_word' id='word_1_345' title='bbox 782 5391 817 5443; x_wconf 76' lang='lat' dir='ltr'>&#39;aba</span> <span class='ocrx_word' id='word_1_346' title='bbox 842 5378 917 5445; x_wconf 74' lang='lat' dir='ltr'>Coc.</span> <span class='ocrx_word' id='word_1_347' title='bbox 944 5377 1032 5444; x_wconf 87' lang='lat' dir='ltr'>Calo.</span> <span class='ocrx_word' id='word_1_348' title='bbox 1058 5381 1083 5458; x_wconf 75' lang='lat'>⁹)</span> <span class='ocrx_word' id='word_1_349' title='bbox 1108 5387 1212 5459; x_wconf 89' lang='lat' dir='ltr'>sponte</span> <span class='ocrx_word' id='word_1_350' title='bbox 1234 5383 1307 5442; x_wconf 87' lang='lat' dir='ltr'>latet</span> <span class='ocrx_word' id='word_1_351' title='bbox 1329 5379 1391 5444; x_wconf 81' lang='lat' dir='ltr'>Ed.</span> <span class='ocrx_word' id='word_1_352' title='bbox 1410 5379 1499 5464; x_wconf 81' lang='lat' dir='ltr'>Lr&#39;ps.</span> <span class='ocrx_word' id='word_1_353' title='bbox 1518 5379 1544 5460; x_wconf 87' lang='lat'>³)</span> <span class='ocrx_word' id='word_1_354' title='bbox 1561 5387 1590 5442; x_wconf 93' lang='lat' dir='ltr'>et</span> <span class='ocrx_word' id='word_1_355' title='bbox 1607 5378 1682 5444; x_wconf 84' lang='lat' dir='ltr'>Cod.</span> <span class='ocrx_word' id='word_1_356' title='bbox 1700 5381 1808 5444; x_wconf 83' lang='lat' dir='ltr'>Przez.</span> <span class='ocrx_word' id='word_1_357' title='bbox 1827 5379 1854 5465; x_wconf 88' lang='lat'>⁴)</span> <span class='ocrx_word' id='word_1_358' title='bbox 1871 5385 1951 5460; x_wconf 94' lang='lat' dir='ltr'>quod</span> 
     </span>
     <span class='ocr_line' id='line_1_37' title="bbox 399 5481 1777 5568; baseline -0.001 -21"><span class='ocrx_word' id='word_1_359' title='bbox 399 5493 501 5568; x_wconf 86' lang='lat' dir='ltr'>posset</span> <span class='ocrx_word' id='word_1_360' title='bbox 523 5487 599 5548; x_wconf 87' lang='lat' dir='ltr'>alius</span> <span class='ocrx_word' id='word_1_361' title='bbox 622 5487 696 5546; x_wconf 87' lang='lat' dir='ltr'>forte</span> <span class='ocrx_word' id='word_1_362' title='bbox 720 5507 754 5548; x_wconf 91' lang='lat' dir='ltr'>eo</span> <span class='ocrx_word' id='word_1_363' title='bbox 776 5489 849 5546; x_wconf 83' lang='lat' dir='ltr'>vitio</span> <span class='ocrx_word' id='word_1_364' title='bbox 872 5487 1035 5546; x_wconf 88' lang='lat' dir='ltr'>habiturus.</span> <span class='ocrx_word' id='word_1_365' title='bbox 1066 5483 1141 5547; x_wconf 77' lang='lat' dir='ltr'>Coc.</span> <span class='ocrx_word' id='word_1_366' title='bbox 1164 5483 1273 5548; x_wconf 81' lang='lat' dir='ltr'>Przez.</span> <span class='ocrx_word' id='word_1_367' title='bbox 1299 5482 1326 5564; x_wconf 80' lang='lat'>⁵)</span> <span class='ocrx_word' id='word_1_368' title='bbox 1349 5487 1461 5546; x_wconf 85' lang='lat' dir='ltr'>Vitoldi</span> <span class='ocrx_word' id='word_1_369' title='bbox 1487 5481 1562 5548; x_wconf 75' lang='lat' dir='ltr'>Coc.</span> <span class='ocrx_word' id='word_1_370' title='bbox 1586 5483 1696 5549; x_wconf 82' lang='lat' dir='ltr'>Przez.</span> <span class='ocrx_word' id='word_1_371' title='bbox 1774 5489 1777 5496; x_wconf 87' lang='lat'>&#39;</span> 
     </span>
    </p>
   </div>
   <div class='ocr_carea' id='block_1_6' title="bbox 0 0 2152 6276">
    <p class='ocr_par' dir='ltr' id='par_1_6' title="bbox 0 0 2152 6276">
     <span class='ocr_line' id='line_1_38' title="bbox 0 0 2152 6276; baseline 0 0"><span class='ocrx_word' id='word_1_372' title='bbox 0 0 2152 6276; x_wconf 95' lang='lat' dir='ltr'> </span> 
     </span>
    </p>
   </div>
  </div>
 </body>
</html>
