<?xml version="1.0" encoding="UTF-8"?>
<!DOCTYPE html PUBLIC "-//W3C//DTD XHTML 1.0 Transitional//EN"
    "http://www.w3.org/TR/xhtml1/DTD/xhtml1-transitional.dtd">
<html xmlns="http://www.w3.org/1999/xhtml" xml:lang="en" lang="en">
 <head>
  <title>
</title>
<meta http-equiv="Content-Type" content="text/html;charset=utf-8" />
  <meta name='ocr-system' content='tesseract 3.04.00' />
  <meta name='ocr-capabilities' content='ocr_page ocr_carea ocr_par ocr_line ocrx_word'/>
</head>
<body>
  <div class='ocr_page' id='page_1' title='image "./operaomnia06paulgoog_0101.png"; bbox 0 0 4152 6270; ppageno 0'>
   <div class='ocr_carea' id='block_1_1' title="bbox 128 525 1678 627">
    <p class='ocr_par' dir='ltr' id='par_1_1' title="bbox 128 525 1678 627">
     <span class='ocr_line' id='line_1_1' title="bbox 128 525 1678 627; baseline 0.005 -25"><span class='ocrx_word' id='word_1_1' title='bbox 128 525 194 627; x_wconf 87' lang='grc' dir='ltr'><strong>(Α.</strong></span> <span class='ocrx_word' id='word_1_2' title='bbox 215 526 260 600; x_wconf 87' lang='lat' dir='ltr'><strong>D.</strong></span> <span class='ocrx_word' id='word_1_3' title='bbox 280 526 396 627; x_wconf 84' lang='grc'>1451.)</span> <span class='ocrx_word' id='word_1_4' title='bbox 643 552 756 606; x_wconf 79' lang='lat' dir='ltr'><strong>urana</strong></span> <span class='ocrx_word' id='word_1_5' title='bbox 782 555 1027 607; x_wconf 80' lang='lat' dir='ltr'><strong>mucuncmrus</strong></span> <span class='ocrx_word' id='word_1_6' title='bbox 1055 537 1169 627; x_wconf 84' lang='lat' dir='ltr'><strong>(xm).</strong></span> <span class='ocrx_word' id='word_1_7' title='bbox 1630 537 1678 610; x_wconf 85' lang='lat'><strong>89</strong></span> 
     </span>
    </p>
   </div>
   <div class='ocr_carea' id='block_1_2' title="bbox 127 735 1681 2130">
    <p class='ocr_par' dir='ltr' id='par_1_2' title="bbox 127 735 1681 2130">
     <span class='ocr_line' id='line_1_2' title="bbox 128 735 1680 833; baseline 0.006 -26"><span class='ocrx_word' id='word_1_8' title='bbox 128 756 233 827; x_wconf 90' lang='lat' dir='ltr'><strong>quam</strong></span> <span class='ocrx_word' id='word_1_9' title='bbox 261 735 350 809; x_wconf 90' lang='lat' dir='ltr'><strong>alias</strong></span> <span class='ocrx_word' id='word_1_10' title='bbox 377 735 455 808; x_wconf 82' lang='lat' dir='ltr'><strong>risa</strong></span> <span class='ocrx_word' id='word_1_11' title='bbox 482 735 550 808; x_wconf 89' lang='lat' dir='ltr'><strong>tuit</strong></span> <span class='ocrx_word' id='word_1_12' title='bbox 578 740 662 810; x_wconf 90' lang='lat' dir='ltr'><strong>tunc</strong></span> <span class='ocrx_word' id='word_1_13' title='bbox 689 738 778 811; x_wconf 91' lang='lat' dir='ltr'><strong>coeli</strong></span> <span class='ocrx_word' id='word_1_14' title='bbox 804 737 1041 831; x_wconf 91' lang='lat' dir='ltr'><strong>intemperies.</strong></span> <span class='ocrx_word' id='word_1_15' title='bbox 1071 739 1162 812; x_wconf 91' lang='lat' dir='ltr'><strong>Nam</strong></span> <span class='ocrx_word' id='word_1_16' title='bbox 1190 740 1313 813; x_wconf 89' lang='lat' dir='ltr'><strong>diebus</strong></span> <span class='ocrx_word' id='word_1_17' title='bbox 1343 741 1541 833; x_wconf 89' lang='lat' dir='ltr'><strong>quindecim</strong></span> <span class='ocrx_word' id='word_1_18' title='bbox 1565 744 1680 816; x_wconf 90' lang='lat' dir='ltr'><strong>conti·</strong></span> 
     </span>
     <span class='ocr_line' id='line_1_3' title="bbox 128 855 1677 956; baseline 0.006 -30"><span class='ocrx_word' id='word_1_19' title='bbox 128 855 209 928; x_wconf 89' lang='lat' dir='ltr'><strong>uuis</strong></span> <span class='ocrx_word' id='word_1_20' title='bbox 238 861 274 928; x_wconf 91' lang='lat' dir='ltr'><strong>et</strong></span> <span class='ocrx_word' id='word_1_21' title='bbox 301 856 447 930; x_wconf 89' lang='lat' dir='ltr'><strong>totidem</strong></span> <span class='ocrx_word' id='word_1_22' title='bbox 474 855 637 929; x_wconf 90' lang='lat' dir='ltr'><strong>noctibus</strong></span> <span class='ocrx_word' id='word_1_23' title='bbox 670 857 745 930; x_wconf 86' lang='lat' dir='ltr'><strong>siue</strong></span> <span class='ocrx_word' id='word_1_24' title='bbox 777 860 1022 950; x_wconf 78' lang='lat' dir='ltr'><strong>repausatione</strong></span> <span class='ocrx_word' id='word_1_25' title='bbox 1050 864 1085 934; x_wconf 91' lang='lat' dir='ltr'><strong>et</strong></span> <span class='ocrx_word' id='word_1_26' title='bbox 1114 860 1374 934; x_wconf 74' lang='lat' dir='ltr'>intermissione</span> <span class='ocrx_word' id='word_1_27' title='bbox 1400 863 1523 954; x_wconf 82' lang='lat' dir='ltr'><strong>pluvia</strong></span> <span class='ocrx_word' id='word_1_28' title='bbox 1554 863 1677 956; x_wconf 85' lang='lat' dir='ltr'><strong>ingens</strong></span> 
     </span>
     <span class='ocr_line' id='line_1_4' title="bbox 128 975 1680 1076; baseline 0.007 -30"><span class='ocrx_word' id='word_1_29' title='bbox 128 975 375 1066; x_wconf 77' lang='lat' dir='ltr'><strong>descendebat,</strong></span> <span class='ocrx_word' id='word_1_30' title='bbox 410 997 500 1069; x_wconf 91' lang='lat' dir='ltr'><strong>quae</strong></span> <span class='ocrx_word' id='word_1_31' title='bbox 527 983 607 1068; x_wconf 91' lang='lat' dir='ltr'><strong>post</strong></span> <span class='ocrx_word' id='word_1_32' title='bbox 639 977 838 1069; x_wconf 88' lang='lat' dir='ltr'><strong>quindecim</strong></span> <span class='ocrx_word' id='word_1_33' title='bbox 871 981 945 1054; x_wconf 88' lang='lat' dir='ltr'><strong>dies</strong></span> <span class='ocrx_word' id='word_1_34' title='bbox 978 981 1232 1073; x_wconf 86' lang='lat' dir='ltr'><strong>interpellatim</strong></span> <span class='ocrx_word' id='word_1_35' title='bbox 1266 983 1550 1073; x_wconf 79' lang='lat' dir='ltr'><strong>superveniebat,</strong></span> <span class='ocrx_word' id='word_1_36' title='bbox 1580 985 1680 1076; x_wconf 92' lang='lat' dir='ltr'><strong>quasi</strong></span> 
     </span>
     <span class='ocr_line' id='line_1_5' title="bbox 129 1095 1678 1194; baseline 0.007 -27"><span class='ocrx_word' id='word_1_37' title='bbox 129 1095 265 1170; x_wconf 82' lang='lat' dir='ltr'><strong>uideres</strong></span> <span class='ocrx_word' id='word_1_38' title='bbox 294 1100 407 1170; x_wconf 88' lang='lat' dir='ltr'><strong>fontes</strong></span> <span class='ocrx_word' id='word_1_39' title='bbox 435 1119 605 1189; x_wconf 91' lang='lat' dir='ltr'><strong>aquarum</strong></span> <span class='ocrx_word' id='word_1_40' title='bbox 633 1098 827 1190; x_wconf 89' lang='lat' dir='ltr'><strong>disruptos,</strong></span> <span class='ocrx_word' id='word_1_41' title='bbox 859 1105 893 1174; x_wconf 91' lang='lat' dir='ltr'><strong>et</strong></span> <span class='ocrx_word' id='word_1_42' title='bbox 920 1101 1030 1174; x_wconf 92' lang='lat' dir='ltr'><strong>maria</strong></span> <span class='ocrx_word' id='word_1_43' title='bbox 1057 1109 1092 1174; x_wconf 90' lang='lat' dir='ltr'><strong>et</strong></span> <span class='ocrx_word' id='word_1_44' title='bbox 1115 1101 1260 1173; x_wconf 87' lang='lat' dir='ltr'><strong>flumina</strong></span> <span class='ocrx_word' id='word_1_45' title='bbox 1278 1121 1356 1175; x_wconf 92' lang='lat' dir='ltr'><strong>cum</strong></span> <span class='ocrx_word' id='word_1_46' title='bbox 1375 1102 1541 1194; x_wconf 87' lang='lat' dir='ltr'><strong>Neptuno</strong></span> <span class='ocrx_word' id='word_1_47' title='bbox 1565 1105 1602 1178; x_wconf 94' lang='lat' dir='ltr'><strong>in</strong></span> <span class='ocrx_word' id='word_1_48' title='bbox 1621 1127 1678 1178; x_wconf 89' lang='lat' dir='ltr'><strong>ca·</strong></span> 
     </span>
     <span class='ocr_line' id='line_1_6' title="bbox 128 1217 1678 1316; baseline 0.006 -29"><span class='ocrx_word' id='word_1_49' title='bbox 128 1217 340 1309; x_wconf 80' lang='lat' dir='ltr'><strong>taolpsmum</strong></span> <span class='ocrx_word' id='word_1_50' title='bbox 367 1217 597 1311; x_wconf 77' lang='lat' dir='ltr'><strong>conspirasse.</strong></span> <span class='ocrx_word' id='word_1_51' title='bbox 626 1218 707 1291; x_wconf 92' lang='lat' dir='ltr'><strong>Non</strong></span> <span class='ocrx_word' id='word_1_52' title='bbox 735 1220 850 1292; x_wconf 92' lang='lat' dir='ltr'><strong>solum</strong></span> <span class='ocrx_word' id='word_1_53' title='bbox 877 1225 995 1294; x_wconf 90' lang='lat' dir='ltr'><strong>autem</strong></span> <span class='ocrx_word' id='word_1_54' title='bbox 1022 1221 1189 1294; x_wconf 91' lang='lat' dir='ltr'><strong>messium</strong></span> <span class='ocrx_word' id='word_1_55' title='bbox 1213 1222 1313 1294; x_wconf 91' lang='lat' dir='ltr'><strong>labor</strong></span> <span class='ocrx_word' id='word_1_56' title='bbox 1331 1223 1399 1295; x_wconf 88' lang='lat' dir='ltr'><strong>fuit</strong></span> <span class='ocrx_word' id='word_1_57' title='bbox 1418 1229 1502 1296; x_wconf 89' lang='lat' dir='ltr'><strong>tunc</strong></span> <span class='ocrx_word' id='word_1_58' title='bbox 1519 1245 1582 1316; x_wconf 94' lang='lat' dir='ltr'><strong>per</strong></span> <span class='ocrx_word' id='word_1_59' title='bbox 1599 1225 1678 1316; x_wconf 93' lang='lat' dir='ltr'><strong>plu·</strong></span> 
     </span>
     <span class='ocr_line' id='line_1_7' title="bbox 128 1336 1680 1434; baseline 0.005 -26"><span class='ocrx_word' id='word_1_60' title='bbox 128 1336 222 1410; x_wconf 83' lang='lat' dir='ltr'><strong>riam</strong></span> <span class='ocrx_word' id='word_1_61' title='bbox 251 1359 460 1431; x_wconf 89' lang='lat' dir='ltr'><strong>suspensus,</strong></span> <span class='ocrx_word' id='word_1_62' title='bbox 490 1339 550 1412; x_wconf 90' lang='lat' dir='ltr'><strong>sed</strong></span> <span class='ocrx_word' id='word_1_63' title='bbox 571 1340 597 1428; x_wconf 85' lang='lat'><strong>¹)</strong></span> <span class='ocrx_word' id='word_1_64' title='bbox 625 1339 808 1428; x_wconf 82' lang='lat' dir='ltr'><strong>uillarum,</strong></span> <span class='ocrx_word' id='word_1_65' title='bbox 842 1361 931 1431; x_wconf 90' lang='lat' dir='ltr'><strong>quae</strong></span> <span class='ocrx_word' id='word_1_66' title='bbox 958 1340 995 1413; x_wconf 90' lang='lat' dir='ltr'><strong>iu</strong></span> <span class='ocrx_word' id='word_1_67' title='bbox 1022 1340 1109 1413; x_wconf 89' lang='lat' dir='ltr'><strong>locis</strong></span> <span class='ocrx_word' id='word_1_68' title='bbox 1142 1341 1257 1414; x_wconf 91' lang='lat' dir='ltr'><strong>bassis</strong></span> <span class='ocrx_word' id='word_1_69' title='bbox 1273 1339 1304 1430; x_wconf 76' lang='grc'><strong>2)</strong></span> <span class='ocrx_word' id='word_1_70' title='bbox 1331 1362 1439 1434; x_wconf 86' lang='lat' dir='ltr'><strong>prope</strong></span> <span class='ocrx_word' id='word_1_71' title='bbox 1470 1343 1589 1416; x_wconf 85' lang='lat' dir='ltr'><strong>alveos</strong></span> <span class='ocrx_word' id='word_1_72' title='bbox 1616 1344 1680 1415; x_wconf 89' lang='lat' dir='ltr'><strong>flu·</strong></span> 
     </span>
     <span class='ocr_line' id='line_1_8' title="bbox 128 1456 1680 1553; baseline 0.005 -26"><span class='ocrx_word' id='word_1_73' title='bbox 128 1456 266 1530; x_wconf 81' lang='lat' dir='ltr'><strong>riorum</strong></span> <span class='ocrx_word' id='word_1_74' title='bbox 293 1459 548 1547; x_wconf 78' lang='lat' dir='ltr'><strong>consistebant,</strong></span> <span class='ocrx_word' id='word_1_75' title='bbox 578 1460 767 1547; x_wconf 84' lang='lat' dir='ltr'><strong>frumenta,</strong></span> <span class='ocrx_word' id='word_1_76' title='bbox 796 1462 854 1533; x_wconf 83' lang='lat' dir='ltr'><strong>rel</strong></span> <span class='ocrx_word' id='word_1_77' title='bbox 881 1461 1060 1553; x_wconf 89' lang='lat' dir='ltr'><strong>absorpta,</strong></span> <span class='ocrx_word' id='word_1_78' title='bbox 1095 1463 1154 1534; x_wconf 84' lang='lat' dir='ltr'><strong>uel</strong></span> <span class='ocrx_word' id='word_1_79' title='bbox 1185 1466 1289 1553; x_wconf 92' lang='lat' dir='ltr'><strong>raptu</strong></span> <span class='ocrx_word' id='word_1_80' title='bbox 1325 1462 1480 1535; x_wconf 91' lang='lat' dir='ltr'><strong>tluminis</strong></span> <span class='ocrx_word' id='word_1_81' title='bbox 1517 1463 1680 1536; x_wconf 90' lang='lat' dir='ltr'><strong>deorsum</strong></span> 
     </span>
     <span class='ocr_line' id='line_1_9' title="bbox 128 1577 1678 1674; baseline 0.004 -26"><span class='ocrx_word' id='word_1_82' title='bbox 128 1577 224 1651; x_wconf 83' lang='lat' dir='ltr'><strong>tuere</strong></span> <span class='ocrx_word' id='word_1_83' title='bbox 251 1583 501 1670; x_wconf 88' lang='lat' dir='ltr'><strong>transportata.</strong></span> <span class='ocrx_word' id='word_1_84' title='bbox 531 1578 630 1670; x_wconf 76' lang='lat' dir='ltr'><strong>Quod</strong></span> <span class='ocrx_word' id='word_1_85' title='bbox 659 1577 751 1651; x_wconf 90' lang='lat' dir='ltr'><strong>idem</strong></span> <span class='ocrx_word' id='word_1_86' title='bbox 779 1580 1004 1672; x_wconf 86' lang='lat' dir='ltr'><strong>contingebat</strong></span> <span class='ocrx_word' id='word_1_87' title='bbox 1030 1581 1068 1653; x_wconf 89' lang='lat' dir='ltr'><strong>iu</strong></span> <span class='ocrx_word' id='word_1_88' title='bbox 1096 1583 1208 1653; x_wconf 87' lang='lat' dir='ltr'><strong>foeno.</strong></span> <span class='ocrx_word' id='word_1_89' title='bbox 1236 1582 1385 1674; x_wconf 86' lang='lat' dir='ltr'><strong>Propter</strong></span> <span class='ocrx_word' id='word_1_90' title='bbox 1412 1584 1503 1674; x_wconf 91' lang='lat' dir='ltr'><strong>quod</strong></span> <span class='ocrx_word' id='word_1_91' title='bbox 1530 1583 1678 1656; x_wconf 89' lang='lat' dir='ltr'><strong>inunda-</strong></span> 
     </span>
     <span class='ocr_line' id='line_1_10' title="bbox 127 1696 1677 1795; baseline 0.005 -27"><span class='ocrx_word' id='word_1_92' title='bbox 127 1696 177 1768; x_wconf 89' lang='lat' dir='ltr'><strong>tio</strong></span> <span class='ocrx_word' id='word_1_93' title='bbox 205 1697 272 1770; x_wconf 91' lang='lat' dir='ltr'><strong>illa</strong></span> <span class='ocrx_word' id='word_1_94' title='bbox 298 1719 467 1790; x_wconf 87' lang='lat' dir='ltr'><strong>aquarum</strong></span> <span class='ocrx_word' id='word_1_95' title='bbox 485 1700 611 1772; x_wconf 91' lang='lat' dir='ltr'><strong>damna</strong></span> <span class='ocrx_word' id='word_1_96' title='bbox 629 1699 781 1789; x_wconf 92' lang='lat' dir='ltr'><strong>plurima</strong></span> <span class='ocrx_word' id='word_1_97' title='bbox 799 1700 1007 1772; x_wconf 88' lang='lat' dir='ltr'><strong>mortalibus</strong></span> <span class='ocrx_word' id='word_1_98' title='bbox 1027 1700 1167 1788; x_wconf 91' lang='lat' dir='ltr'><strong>intulit,</strong></span> <span class='ocrx_word' id='word_1_99' title='bbox 1198 1704 1234 1772; x_wconf 90' lang='lat' dir='ltr'><strong>ot</strong></span> <span class='ocrx_word' id='word_1_100' title='bbox 1260 1702 1501 1775; x_wconf 89' lang='lat' dir='ltr'><strong>collectionem</strong></span> <span class='ocrx_word' id='word_1_101' title='bbox 1527 1704 1677 1795; x_wconf 81' lang='lat' dir='ltr'><strong>frugum,</strong></span> 
     </span>
     <span class='ocr_line' id='line_1_11' title="bbox 129 1817 1675 1914; baseline 0.004 -26"><span class='ocrx_word' id='word_1_102' title='bbox 129 1817 463 1911; x_wconf 90' lang='lat' dir='ltr'><strong>seminationemque</strong></span> <span class='ocrx_word' id='word_1_103' title='bbox 492 1819 731 1892; x_wconf 86' lang='lat' dir='ltr'><strong>autumnalem</strong></span> <span class='ocrx_word' id='word_1_104' title='bbox 763 1819 954 1911; x_wconf 91' lang='lat' dir='ltr'><strong>plurimum</strong></span> <span class='ocrx_word' id='word_1_105' title='bbox 981 1821 1190 1909; x_wconf 81' lang='lat' dir='ltr'><strong>retardavit,</strong></span> <span class='ocrx_word' id='word_1_106' title='bbox 1220 1841 1438 1914; x_wconf 86' lang='lat' dir='ltr'><strong>sequensque</strong></span> <span class='ocrx_word' id='word_1_107' title='bbox 1461 1828 1599 1913; x_wconf 89' lang='lat' dir='ltr'><strong>tempus</strong></span> <span class='ocrx_word' id='word_1_108' title='bbox 1618 1843 1675 1894; x_wconf 89' lang='lat' dir='ltr'><strong>ae·</strong></span> 
     </span>
     <span class='ocr_line' id='line_1_12' title="bbox 128 1937 1681 2032; baseline 0.004 -25"><span class='ocrx_word' id='word_1_109' title='bbox 128 1937 233 2009; x_wconf 88' lang='lat' dir='ltr'><strong>statis</strong></span> <span class='ocrx_word' id='word_1_110' title='bbox 261 1943 296 2012; x_wconf 91' lang='lat' dir='ltr'><strong>et</strong></span> <span class='ocrx_word' id='word_1_111' title='bbox 323 1938 484 2012; x_wconf 87' lang='lat' dir='ltr'><strong>autumni</strong></span> <span class='ocrx_word' id='word_1_112' title='bbox 511 1940 593 2031; x_wconf 90' lang='lat' dir='ltr'><strong>plus</strong></span> <span class='ocrx_word' id='word_1_113' title='bbox 621 1939 663 2012; x_wconf 92' lang='lat' dir='ltr'><strong>de</strong></span> <span class='ocrx_word' id='word_1_114' title='bbox 690 1941 835 2013; x_wconf 92' lang='lat' dir='ltr'><strong>humore</strong></span> <span class='ocrx_word' id='word_1_115' title='bbox 862 1943 898 2012; x_wconf 90' lang='lat' dir='ltr'><strong>et</strong></span> <span class='ocrx_word' id='word_1_116' title='bbox 924 1941 1048 2030; x_wconf 82' lang='lat' dir='ltr'><strong>pluria</strong></span> <span class='ocrx_word' id='word_1_117' title='bbox 1073 1940 1214 2029; x_wconf 91' lang='lat' dir='ltr'><strong>habuit,</strong></span> <span class='ocrx_word' id='word_1_118' title='bbox 1244 1962 1348 2032; x_wconf 93' lang='lat' dir='ltr'><strong>quam</strong></span> <span class='ocrx_word' id='word_1_119' title='bbox 1375 1942 1417 2015; x_wconf 94' lang='lat' dir='ltr'><strong>de</strong></span> <span class='ocrx_word' id='word_1_120' title='bbox 1439 1941 1600 2016; x_wconf 89' lang='lat' dir='ltr'><strong>siccitate</strong></span> <span class='ocrx_word' id='word_1_121' title='bbox 1618 1946 1681 2014; x_wconf 91' lang='lat' dir='ltr'><strong>aut</strong></span> 
     </span>
     <span class='ocr_line' id='line_1_13' title="bbox 128 2057 1670 2130; baseline 0.005 -1"><span class='ocrx_word' id='word_1_122' title='bbox 128 2057 256 2130; x_wconf 90' lang='lat' dir='ltr'><strong>calore.</strong></span> <span class='ocrx_word' id='word_1_123' title='bbox 1666 2066 1670 2072; x_wconf 83' lang='lat'>&#39;</span> 
     </span>
    </p>
   </div>
   <div class='ocr_carea' id='block_1_3' title="bbox 127 2363 1679 2504">
    <p class='ocr_par' dir='ltr' id='par_1_3' title="bbox 127 2363 1679 2504">
     <span class='ocr_line' id='line_1_14' title="bbox 127 2363 1679 2504; baseline 0.003 -21"><span class='ocrx_word' id='word_1_124' title='bbox 127 2412 230 2484; x_wconf 77' lang='lat' dir='ltr'><strong>david</strong></span> <span class='ocrx_word' id='word_1_125' title='bbox 251 2412 340 2484; x_wconf 76' lang='lat' dir='ltr'><strong>runs</strong></span> <span class='ocrx_word' id='word_1_126' title='bbox 361 2411 568 2502; x_wconf 80' lang='lat' dir='ltr'><strong>luperrrorir</strong></span> <span class='ocrx_word' id='word_1_127' title='bbox 590 2411 760 2484; x_wconf 81' lang='lat' dir='ltr'><strong>lucorum</strong></span> <span class='ocrx_word' id='word_1_128' title='bbox 782 2413 817 2483; x_wconf 91' lang='lat' dir='ltr'><strong>tn</strong></span> <span class='ocrx_word' id='word_1_129' title='bbox 839 2411 1001 2484; x_wconf 81' lang='lat' dir='ltr'><strong>lolouicm</strong></span> <span class='ocrx_word' id='word_1_130' title='bbox 1023 2412 1152 2502; x_wconf 76' lang='lat' dir='ltr'><strong>apen</strong></span> <span class='ocrx_word' id='word_1_131' title='bbox 1168 2363 1212 2486; x_wconf 84' lang='lat' dir='ltr'><strong>ad</strong></span> <span class='ocrx_word' id='word_1_132' title='bbox 1225 2413 1420 2486; x_wconf 78' lang='lat' dir='ltr'><strong>Karlmirnn</strong></span> <span class='ocrx_word' id='word_1_133' title='bbox 1441 2414 1560 2504; x_wconf 71' lang='lat' dir='ltr'><strong>legem</strong></span> <span class='ocrx_word' id='word_1_134' title='bbox 1575 2416 1679 2489; x_wconf 78' lang='lat' dir='ltr'><strong>venit.</strong></span> 
     </span>
    </p>
   </div>
   <div class='ocr_carea' id='block_1_4' title="bbox 118 2657 1680 4920">
    <p class='ocr_par' dir='ltr' id='par_1_4' title="bbox 118 2657 1680 4920">
     <span class='ocr_line' id='line_1_15' title="bbox 231 2657 1676 2752; baseline 0.001 -19"><span class='ocrx_word' id='word_1_135' title='bbox 231 2661 356 2734; x_wconf 88' lang='lat' dir='ltr'><strong>Stante</strong></span> <span class='ocrx_word' id='word_1_136' title='bbox 382 2661 479 2752; x_wconf 84' lang='lat' dir='ltr'><strong>Rege</strong></span> <span class='ocrx_word' id='word_1_137' title='bbox 494 2657 524 2748; x_wconf 74' lang='grc'><strong>3)</strong></span> <span class='ocrx_word' id='word_1_138' title='bbox 553 2659 809 2749; x_wconf 86' lang='lat' dir='ltr'><strong>Sandomiriac,</strong></span> <span class='ocrx_word' id='word_1_139' title='bbox 839 2659 935 2732; x_wconf 87' lang='lat' dir='ltr'><strong>vonit</strong></span> <span class='ocrx_word' id='word_1_140' title='bbox 972 2661 1015 2731; x_wconf 90' lang='lat' dir='ltr'><strong>ad</strong></span> <span class='ocrx_word' id='word_1_141' title='bbox 1048 2681 1146 2732; x_wconf 91' lang='lat' dir='ltr'><strong>suam</strong></span> <span class='ocrx_word' id='word_1_142' title='bbox 1175 2660 1405 2734; x_wconf 82' lang='lat' dir='ltr'><strong>Serenitatom</strong></span> <span class='ocrx_word' id='word_1_143' title='bbox 1439 2661 1554 2735; x_wconf 86' lang='lat' dir='ltr'><strong>David</strong></span> <span class='ocrx_word' id='word_1_144' title='bbox 1591 2663 1676 2734; x_wconf 78' lang='lat' dir='ltr'><strong>Tur·</strong></span> 
     </span>
     <span class='ocr_line' id='line_1_16' title="bbox 127 2780 1679 2874; baseline 0.001 -21"><span class='ocrx_word' id='word_1_145' title='bbox 127 2802 247 2854; x_wconf 89' lang='lat' dir='ltr'><strong>corum</strong></span> <span class='ocrx_word' id='word_1_146' title='bbox 275 2780 503 2872; x_wconf 89' lang='lat' dir='ltr'><strong>Imperatoris</strong></span> <span class='ocrx_word' id='word_1_147' title='bbox 522 2780 630 2852; x_wconf 85' lang='lat' dir='ltr'><strong>lilius.</strong></span> <span class='ocrx_word' id='word_1_148' title='bbox 659 2781 766 2853; x_wconf 87' lang='lat' dir='ltr'><strong>Pater</strong></span> <span class='ocrx_word' id='word_1_149' title='bbox 784 2780 958 2871; x_wconf 85' lang='lat' dir='ltr'><strong>siquidem</strong></span> <span class='ocrx_word' id='word_1_150' title='bbox 977 2801 1063 2852; x_wconf 87' lang='lat' dir='ltr'><strong>suus</strong></span> <span class='ocrx_word' id='word_1_151' title='bbox 1087 2781 1291 2872; x_wconf 88' lang='lat' dir='ltr'><strong>llustapha,</strong></span> <span class='ocrx_word' id='word_1_152' title='bbox 1320 2781 1403 2853; x_wconf 91' lang='lat' dir='ltr'><strong>dum</strong></span> <span class='ocrx_word' id='word_1_153' title='bbox 1422 2787 1515 2855; x_wconf 87' lang='lat' dir='ltr'><strong>essct</strong></span> <span class='ocrx_word' id='word_1_154' title='bbox 1534 2803 1679 2874; x_wconf 82' lang='lat' dir='ltr'><strong>magnae</strong></span> 
     </span>
     <span class='ocr_line' id='line_1_17' title="bbox 124 2900 1679 2992; baseline 0 -19"><span class='ocrx_word' id='word_1_155' title='bbox 124 2901 363 2974; x_wconf 88' lang='lat' dir='ltr'><strong>animositatis</strong></span> <span class='ocrx_word' id='word_1_156' title='bbox 395 2907 430 2974; x_wconf 91' lang='lat' dir='ltr'><strong>et</strong></span> <span class='ocrx_word' id='word_1_157' title='bbox 456 2900 663 2992; x_wconf 90' lang='lat' dir='ltr'><strong>prudentiae</strong></span> <span class='ocrx_word' id='word_1_158' title='bbox 699 2901 769 2990; x_wconf 81' lang='lat' dir='ltr'><strong>uir,</strong></span> <span class='ocrx_word' id='word_1_159' title='bbox 809 2900 960 2989; x_wconf 85' lang='lat' dir='ltr'><strong>ueritus,</strong></span> <span class='ocrx_word' id='word_1_160' title='bbox 1002 2902 1109 2972; x_wconf 87' lang='lat' dir='ltr'><strong>trater</strong></span> <span class='ocrx_word' id='word_1_161' title='bbox 1137 2921 1223 2972; x_wconf 89' lang='lat' dir='ltr'><strong>suus</strong></span> <span class='ocrx_word' id='word_1_162' title='bbox 1250 2921 1437 2992; x_wconf 86' lang='lat' dir='ltr'><strong>germanus</strong></span> <span class='ocrx_word' id='word_1_163' title='bbox 1462 2901 1628 2974; x_wconf 89' lang='lat' dir='ltr'><strong>Omarath</strong></span> <span class='ocrx_word' id='word_1_164' title='bbox 1642 2902 1679 2992; x_wconf 81' lang='grc'><strong>4)</strong></span> 
     </span>
     <span class='ocr_line' id='line_1_18' title="bbox 129 3019 1680 3113; baseline -0.001 -18"><span class='ocrx_word' id='word_1_165' title='bbox 129 3043 173 3095; x_wconf 91' lang='lat' dir='ltr'><strong>ue</strong></span> <span class='ocrx_word' id='word_1_166' title='bbox 191 3021 386 3113; x_wconf 89' lang='lat' dir='ltr'><strong>Imperium</strong></span> <span class='ocrx_word' id='word_1_167' title='bbox 413 3020 627 3112; x_wconf 86' lang='lat' dir='ltr'><strong>subriperet,</strong></span> <span class='ocrx_word' id='word_1_168' title='bbox 657 3041 736 3092; x_wconf 90' lang='lat' dir='ltr'><strong>eum</strong></span> <span class='ocrx_word' id='word_1_169' title='bbox 763 3025 905 3112; x_wconf 88' lang='lat' dir='ltr'><strong>captum</strong></span> <span class='ocrx_word' id='word_1_170' title='bbox 933 3019 1146 3093; x_wconf 85' lang='lat' dir='ltr'><strong>exoculavit.</strong></span> <span class='ocrx_word' id='word_1_171' title='bbox 1178 3019 1245 3112; x_wconf 76' lang='lat' dir='ltr'><strong>Qui</strong></span> <span class='ocrx_word' id='word_1_172' title='bbox 1274 3040 1351 3092; x_wconf 93' lang='lat' dir='ltr'><strong>cum</strong></span> <span class='ocrx_word' id='word_1_173' title='bbox 1379 3043 1505 3110; x_wconf 92' lang='lat' dir='ltr'><strong>uxore,</strong></span> <span class='ocrx_word' id='word_1_174' title='bbox 1535 3021 1620 3094; x_wconf 88' lang='lat' dir='ltr'><strong>tiliis</strong></span> <span class='ocrx_word' id='word_1_175' title='bbox 1645 3027 1680 3094; x_wconf 93' lang='lat' dir='ltr'><strong>et</strong></span> 
     </span>
     <span class='ocr_line' id='line_1_19' title="bbox 124 3139 1679 3235; baseline -0.001 -21"><span class='ocrx_word' id='word_1_176' title='bbox 124 3141 270 3214; x_wconf 87' lang='lat' dir='ltr'><strong>filiabus</strong></span> <span class='ocrx_word' id='word_1_177' title='bbox 302 3141 345 3214; x_wconf 92' lang='lat' dir='ltr'><strong>de</strong></span> <span class='ocrx_word' id='word_1_178' title='bbox 377 3140 504 3213; x_wconf 81' lang='lat' dir='ltr'><strong>Turcia</strong></span> <span class='ocrx_word' id='word_1_179' title='bbox 535 3140 690 3233; x_wconf 85' lang='lat' dir='ltr'><strong>lugiens,</strong></span> <span class='ocrx_word' id='word_1_180' title='bbox 723 3141 761 3212; x_wconf 92' lang='lat' dir='ltr'><strong>in</strong></span> <span class='ocrx_word' id='word_1_181' title='bbox 792 3141 1011 3233; x_wconf 83' lang='lat' dir='ltr'><strong>Hungariam</strong></span> <span class='ocrx_word' id='word_1_182' title='bbox 1042 3140 1219 3233; x_wconf 88' lang='lat' dir='ltr'><strong>pervenit,</strong></span> <span class='ocrx_word' id='word_1_183' title='bbox 1252 3139 1371 3232; x_wconf 91' lang='lat' dir='ltr'><strong>ibique</strong></span> <span class='ocrx_word' id='word_1_184' title='bbox 1406 3163 1426 3214; x_wconf 93' lang='lat' dir='ltr'><strong>a</strong></span> <span class='ocrx_word' id='word_1_185' title='bbox 1454 3141 1679 3235; x_wconf 84' lang='lat' dir='ltr'><strong>Sigismundo</strong></span> 
     </span>
     <span class='ocr_line' id='line_1_20' title="bbox 125 3260 1678 3354; baseline -0.001 -19"><span class='ocrx_word' id='word_1_186' title='bbox 125 3263 224 3354; x_wconf 86' lang='lat' dir='ltr'><strong>Rege</strong></span> <span class='ocrx_word' id='word_1_187' title='bbox 250 3262 476 3350; x_wconf 91' lang='lat' dir='ltr'><strong>recollectus,</strong></span> <span class='ocrx_word' id='word_1_188' title='bbox 506 3260 616 3333; x_wconf 88' lang='lat' dir='ltr'><strong>vitam</strong></span> <span class='ocrx_word' id='word_1_189' title='bbox 644 3261 852 3353; x_wconf 90' lang='lat' dir='ltr'><strong>absumpsit.</strong></span> <span class='ocrx_word' id='word_1_190' title='bbox 881 3261 999 3334; x_wconf 81' lang='lat' dir='ltr'><strong>Filius</strong></span> <span class='ocrx_word' id='word_1_191' title='bbox 1027 3265 1145 3333; x_wconf 92' lang='lat' dir='ltr'><strong>autem</strong></span> <span class='ocrx_word' id='word_1_192' title='bbox 1173 3281 1258 3333; x_wconf 91' lang='lat' dir='ltr'><strong>suus</strong></span> <span class='ocrx_word' id='word_1_193' title='bbox 1286 3261 1503 3352; x_wconf 92' lang='lat' dir='ltr'><strong>praedictus,</strong></span> <span class='ocrx_word' id='word_1_194' title='bbox 1531 3261 1599 3334; x_wconf 88' lang='lat' dir='ltr'><strong>lide</strong></span> <span class='ocrx_word' id='word_1_195' title='bbox 1623 3282 1678 3334; x_wconf 92' lang='lat' dir='ltr'><strong>ca-</strong></span> 
     </span>
     <span class='ocr_line' id='line_1_21' title="bbox 124 3379 1678 3473; baseline -0.001 -17"><span class='ocrx_word' id='word_1_196' title='bbox 124 3383 261 3456; x_wconf 89' lang='lat' dir='ltr'><strong>tholica</strong></span> <span class='ocrx_word' id='word_1_197' title='bbox 288 3387 467 3473; x_wconf 90' lang='lat' dir='ltr'><strong>suscepta,</strong></span> <span class='ocrx_word' id='word_1_198' title='bbox 495 3381 533 3453; x_wconf 91' lang='lat' dir='ltr'><strong>in</strong></span> <span class='ocrx_word' id='word_1_199' title='bbox 561 3381 665 3454; x_wconf 90' lang='lat' dir='ltr'><strong>terris</strong></span> <span class='ocrx_word' id='word_1_200' title='bbox 694 3381 878 3454; x_wconf 89' lang='lat' dir='ltr'><strong>catholicis</strong></span> <span class='ocrx_word' id='word_1_201' title='bbox 906 3383 1017 3470; x_wconf 86' lang='lat' dir='ltr'><strong>fotus,</strong></span> <span class='ocrx_word' id='word_1_202' title='bbox 1046 3379 1204 3453; x_wconf 90' lang='lat' dir='ltr'><strong>nutritus</strong></span> <span class='ocrx_word' id='word_1_203' title='bbox 1232 3387 1268 3453; x_wconf 89' lang='lat' dir='ltr'><strong>et</strong></span> <span class='ocrx_word' id='word_1_204' title='bbox 1295 3387 1522 3455; x_wconf 79' lang='lat' dir='ltr'><strong>conversatus</strong></span> <span class='ocrx_word' id='word_1_205' title='bbox 1542 3386 1611 3472; x_wconf 89' lang='lat' dir='ltr'><strong>est,</strong></span> <span class='ocrx_word' id='word_1_206' title='bbox 1642 3388 1678 3455; x_wconf 92' lang='lat' dir='ltr'><strong>et</strong></span> 
     </span>
     <span class='ocr_line' id='line_1_22' title="bbox 124 3500 1676 3596; baseline -0.001 -20"><span class='ocrx_word' id='word_1_207' title='bbox 124 3503 404 3596; x_wconf 88' lang='lat' dir='ltr'><strong>quotiescunque</strong></span> <span class='ocrx_word' id='word_1_208' title='bbox 431 3501 655 3595; x_wconf 86' lang='lat' dir='ltr'><strong>contingebat</strong></span> <span class='ocrx_word' id='word_1_209' title='bbox 682 3503 797 3594; x_wconf 82' lang='lat' dir='ltr'><strong>Reges</strong></span> <span class='ocrx_word' id='word_1_210' title='bbox 824 3503 1027 3596; x_wconf 84' lang='lat' dir='ltr'><strong>Hungariae</strong></span> <span class='ocrx_word' id='word_1_211' title='bbox 1045 3500 1097 3574; x_wconf 90' lang='lat' dir='ltr'><strong>ire</strong></span> <span class='ocrx_word' id='word_1_212' title='bbox 1115 3500 1152 3572; x_wconf 92' lang='lat' dir='ltr'><strong>in</strong></span> <span class='ocrx_word' id='word_1_213' title='bbox 1172 3500 1430 3592; x_wconf 82' lang='lat' dir='ltr'><strong>expeditionem</strong></span> <span class='ocrx_word' id='word_1_214' title='bbox 1449 3505 1570 3574; x_wconf 91' lang='lat' dir='ltr'><strong>contra</strong></span> <span class='ocrx_word' id='word_1_215' title='bbox 1589 3503 1676 3574; x_wconf 80' lang='lat' dir='ltr'><strong>Tur-</strong></span> 
     </span>
     <span class='ocr_line' id='line_1_23' title="bbox 123 3621 1677 3714; baseline -0.002 -16"><span class='ocrx_word' id='word_1_216' title='bbox 123 3645 200 3713; x_wconf 87' lang='lat' dir='ltr'><strong>oos,</strong></span> <span class='ocrx_word' id='word_1_217' title='bbox 235 3623 342 3697; x_wconf 91' lang='lat' dir='ltr'><strong>toties</strong></span> <span class='ocrx_word' id='word_1_218' title='bbox 370 3628 405 3697; x_wconf 92' lang='lat' dir='ltr'><strong>et</strong></span> <span class='ocrx_word' id='word_1_219' title='bbox 432 3623 508 3714; x_wconf 91' lang='lat' dir='ltr'><strong>ipse</strong></span> <span class='ocrx_word' id='word_1_220' title='bbox 540 3623 692 3696; x_wconf 85' lang='lat' dir='ltr'><strong>fideliter</strong></span> <span class='ocrx_word' id='word_1_221' title='bbox 719 3627 754 3694; x_wconf 91' lang='lat' dir='ltr'><strong>ot</strong></span> <span class='ocrx_word' id='word_1_222' title='bbox 781 3628 983 3695; x_wconf 89' lang='lat' dir='ltr'><strong>constanter</strong></span> <span class='ocrx_word' id='word_1_223' title='bbox 1015 3642 1093 3693; x_wconf 90' lang='lat' dir='ltr'><strong>cum</strong></span> <span class='ocrx_word' id='word_1_224' title='bbox 1125 3621 1265 3709; x_wconf 82' lang='lat' dir='ltr'><strong>Turcis,</strong></span> <span class='ocrx_word' id='word_1_225' title='bbox 1301 3643 1388 3712; x_wconf 91' lang='lat' dir='ltr'><strong>quos</strong></span> <span class='ocrx_word' id='word_1_226' title='bbox 1420 3625 1587 3714; x_wconf 91' lang='lat' dir='ltr'><strong>tanquam</strong></span> <span class='ocrx_word' id='word_1_227' title='bbox 1615 3643 1677 3695; x_wconf 91' lang='lat' dir='ltr'><strong>ex·</strong></span> 
     </span>
     <span class='ocr_line' id='line_1_24' title="bbox 123 3740 1679 3838; baseline -0.001 -21"><span class='ocrx_word' id='word_1_228' title='bbox 123 3747 251 3838; x_wconf 90' lang='lat' dir='ltr'><strong>pulsos</strong></span> <span class='ocrx_word' id='word_1_229' title='bbox 271 3750 307 3819; x_wconf 90' lang='lat' dir='ltr'><strong>et</strong></span> <span class='ocrx_word' id='word_1_230' title='bbox 325 3743 490 3817; x_wconf 85' lang='lat' dir='ltr'><strong>exiliatos</strong></span> <span class='ocrx_word' id='word_1_231' title='bbox 514 3743 706 3836; x_wconf 90' lang='lat' dir='ltr'><strong>recipiebat</strong></span> <span class='ocrx_word' id='word_1_232' title='bbox 721 3743 763 3834; x_wconf 77' lang='grc'><strong>5),</strong></span> <span class='ocrx_word' id='word_1_233' title='bbox 791 3743 923 3816; x_wconf 92' lang='lat' dir='ltr'><strong>bellum</strong></span> <span class='ocrx_word' id='word_1_234' title='bbox 938 3764 1000 3834; x_wconf 92' lang='lat' dir='ltr'><strong>pro</strong></span> <span class='ocrx_word' id='word_1_235' title='bbox 1019 3741 1209 3814; x_wconf 78' lang='lat' dir='ltr'><strong>Catholicis</strong></span> <span class='ocrx_word' id='word_1_236' title='bbox 1228 3740 1508 3815; x_wconf 88' lang='lat' dir='ltr'><strong>administrabat.</strong></span> <span class='ocrx_word' id='word_1_237' title='bbox 1537 3743 1575 3814; x_wconf 93' lang='lat' dir='ltr'><strong>Is</strong></span> <span class='ocrx_word' id='word_1_238' title='bbox 1594 3747 1679 3815; x_wconf 89' lang='lat' dir='ltr'><strong>tunc</strong></span> 
     </span>
     <span class='ocr_line' id='line_1_25' title="bbox 122 3861 1678 3958; baseline -0.003 -20"><span class='ocrx_word' id='word_1_239' title='bbox 122 3865 242 3940; x_wconf 89' lang='lat' dir='ltr'><strong>literis</strong></span> <span class='ocrx_word' id='word_1_240' title='bbox 261 3864 491 3958; x_wconf 88' lang='lat' dir='ltr'><strong>Imperatoris</strong></span> <span class='ocrx_word' id='word_1_241' title='bbox 510 3863 891 3955; x_wconf 80' lang='lat' dir='ltr'><strong>constantinopolitani</strong></span> <span class='ocrx_word' id='word_1_242' title='bbox 915 3863 1041 3936; x_wconf 88' lang='lat' dir='ltr'><strong>certior</strong></span> <span class='ocrx_word' id='word_1_243' title='bbox 1059 3864 1189 3950; x_wconf 88' lang='lat' dir='ltr'><strong>factus,</strong></span> <span class='ocrx_word' id='word_1_244' title='bbox 1218 3861 1468 3952; x_wconf 90' lang='lat' dir='ltr'><strong>Imperatorem</strong></span> <span class='ocrx_word' id='word_1_245' title='bbox 1488 3863 1678 3934; x_wconf 81' lang='lat' dir='ltr'><strong>Turcorum</strong></span> 
     </span>
     <span class='ocr_line' id='line_1_26' title="bbox 123 3980 1676 4072; baseline -0.002 -14"><span class='ocrx_word' id='word_1_246' title='bbox 123 3984 295 4058; x_wconf 88' lang='lat' dir='ltr'><strong>Omaruth</strong></span> <span class='ocrx_word' id='word_1_247' title='bbox 323 3990 358 4058; x_wconf 92' lang='lat' dir='ltr'><strong>et</strong></span> <span class='ocrx_word' id='word_1_248' title='bbox 384 3983 499 4057; x_wconf 91' lang='lat' dir='ltr'><strong>filium</strong></span> <span class='ocrx_word' id='word_1_249' title='bbox 532 3983 606 4056; x_wconf 90' lang='lat' dir='ltr'><strong>eius</strong></span> <span class='ocrx_word' id='word_1_250' title='bbox 639 3983 731 4056; x_wconf 88' lang='lat' dir='ltr'><strong>diem</strong></span> <span class='ocrx_word' id='word_1_251' title='bbox 764 3983 908 4072; x_wconf 91' lang='lat' dir='ltr'><strong>obiisse,</strong></span> <span class='ocrx_word' id='word_1_252' title='bbox 942 3982 1085 4055; x_wconf 85' lang='lat' dir='ltr'><strong>induxit</strong></span> <span class='ocrx_word' id='word_1_253' title='bbox 1111 3981 1148 4053; x_wconf 91' lang='lat' dir='ltr'><strong>in</strong></span> <span class='ocrx_word' id='word_1_254' title='bbox 1176 3980 1331 4053; x_wconf 90' lang='lat' dir='ltr'><strong>animum</strong></span> <span class='ocrx_word' id='word_1_255' title='bbox 1359 3981 1519 4055; x_wconf 80' lang='lat' dir='ltr'><strong>Turciam</strong></span> <span class='ocrx_word' id='word_1_256' title='bbox 1547 3982 1676 4070; x_wconf 90' lang='lat' dir='ltr'><strong>redire,</strong></span> 
     </span>
     <span class='ocr_line' id='line_1_27' title="bbox 122 4101 1675 4196; baseline -0.003 -18"><span class='ocrx_word' id='word_1_257' title='bbox 122 4105 337 4178; x_wconf 89' lang='lat' dir='ltr'><strong>existimans</strong></span> <span class='ocrx_word' id='word_1_258' title='bbox 365 4103 492 4177; x_wconf 91' lang='lat' dir='ltr'><strong>solium</strong></span> <span class='ocrx_word' id='word_1_259' title='bbox 520 4103 655 4176; x_wconf 86' lang='lat' dir='ltr'><strong>avitum</strong></span> <span class='ocrx_word' id='word_1_260' title='bbox 679 4108 714 4176; x_wconf 90' lang='lat' dir='ltr'><strong>ct</strong></span> <span class='ocrx_word' id='word_1_261' title='bbox 732 4108 914 4196; x_wconf 90' lang='lat' dir='ltr'><strong>paternum</strong></span> <span class='ocrx_word' id='word_1_262' title='bbox 934 4123 1054 4195; x_wconf 89' lang='lat' dir='ltr'><strong>posse,</strong></span> <span class='ocrx_word' id='word_1_263' title='bbox 1084 4103 1194 4174; x_wconf 83' lang='lat' dir='ltr'><strong>fretus</strong></span> <span class='ocrx_word' id='word_1_264' title='bbox 1214 4101 1402 4174; x_wconf 90' lang='lat' dir='ltr'><strong>amicorum</strong></span> <span class='ocrx_word' id='word_1_265' title='bbox 1422 4101 1586 4190; x_wconf 90' lang='lat' dir='ltr'><strong>consilio,</strong></span> <span class='ocrx_word' id='word_1_266' title='bbox 1615 4124 1675 4194; x_wconf 93' lang='lat' dir='ltr'><strong>ap·</strong></span> 
     </span>
     <span class='ocr_line' id='line_1_28' title="bbox 119 4220 1676 4318; baseline -0.004 -19"><span class='ocrx_word' id='word_1_267' title='bbox 119 4225 350 4318; x_wconf 89' lang='lat' dir='ltr'><strong>prehendere.</strong></span> <span class='ocrx_word' id='word_1_268' title='bbox 378 4225 504 4316; x_wconf 91' lang='lat' dir='ltr'><strong>Itaque</strong></span> <span class='ocrx_word' id='word_1_269' title='bbox 531 4231 632 4316; x_wconf 85' lang='lat' dir='ltr'><strong>rogat</strong></span> <span class='ocrx_word' id='word_1_270' title='bbox 658 4222 876 4296; x_wconf 80' lang='lat' dir='ltr'><strong>Karimirum</strong></span> <span class='ocrx_word' id='word_1_271' title='bbox 903 4225 1034 4316; x_wconf 86' lang='lat' dir='ltr'><strong>Regem</strong></span> <span class='ocrx_word' id='word_1_272' title='bbox 1048 4224 1092 4313; x_wconf 66' lang='grc' dir='ltr'><strong>θ),</strong></span> <span class='ocrx_word' id='word_1_273' title='bbox 1121 4227 1162 4294; x_wconf 93' lang='lat' dir='ltr'><strong>ut</strong></span> <span class='ocrx_word' id='word_1_274' title='bbox 1190 4221 1222 4294; x_wconf 92' lang='lat' dir='ltr'><strong>ei</strong></span> <span class='ocrx_word' id='word_1_275' title='bbox 1248 4220 1354 4294; x_wconf 91' lang='lat' dir='ltr'><strong>liceat</strong></span> <span class='ocrx_word' id='word_1_276' title='bbox 1381 4241 1444 4313; x_wconf 90' lang='lat' dir='ltr'><strong>pcr</strong></span> <span class='ocrx_word' id='word_1_277' title='bbox 1462 4227 1574 4293; x_wconf 91' lang='lat' dir='ltr'><strong>terras</strong></span> <span class='ocrx_word' id='word_1_278' title='bbox 1593 4242 1676 4294; x_wconf 91' lang='lat' dir='ltr'><strong>suas</strong></span> 
     </span>
     <span class='ocr_line' id='line_1_29' title="bbox 119 4340 1678 4435; baseline -0.003 -17"><span class='ocrx_word' id='word_1_279' title='bbox 119 4368 250 4420; x_wconf 82' lang='lat' dir='ltr'><strong>versus</strong></span> <span class='ocrx_word' id='word_1_280' title='bbox 278 4343 617 4435; x_wconf 79' lang='lat' dir='ltr'><strong>constantinopolim</strong></span> <span class='ocrx_word' id='word_1_281' title='bbox 645 4344 807 4418; x_wconf 90' lang='lat' dir='ltr'><strong>transire.</strong></span> <span class='ocrx_word' id='word_1_282' title='bbox 836 4345 975 4417; x_wconf 84' lang='lat' dir='ltr'><strong>Annuit</strong></span> <span class='ocrx_word' id='word_1_283' title='bbox 1001 4343 1204 4415; x_wconf 82' lang='lat' dir='ltr'><strong>Karimirus</strong></span> <span class='ocrx_word' id='word_1_284' title='bbox 1228 4342 1306 4414; x_wconf 90' lang='lat' dir='ltr'><strong>Rex</strong></span> <span class='ocrx_word' id='word_1_285' title='bbox 1329 4340 1495 4432; x_wconf 91' lang='lat' dir='ltr'><strong>petitioni</strong></span> <span class='ocrx_word' id='word_1_286' title='bbox 1514 4362 1613 4428; x_wconf 89' lang='lat' dir='ltr'><strong>suaa,</strong></span> <span class='ocrx_word' id='word_1_287' title='bbox 1643 4346 1678 4414; x_wconf 93' lang='lat' dir='ltr'><strong>et</strong></span> 
     </span>
     <span class='ocr_line' id='line_1_30' title="bbox 118 4461 1677 4557; baseline -0.004 -17"><span class='ocrx_word' id='word_1_288' title='bbox 118 4471 385 4540; x_wconf 89' lang='lat' dir='ltr'><strong>remuneratum</strong></span> <span class='ocrx_word' id='word_1_289' title='bbox 412 4464 562 4556; x_wconf 90' lang='lat' dir='ltr'><strong>pecunia</strong></span> <span class='ocrx_word' id='word_1_290' title='bbox 589 4469 624 4538; x_wconf 90' lang='lat' dir='ltr'><strong>et</strong></span> <span class='ocrx_word' id='word_1_291' title='bbox 651 4468 749 4539; x_wconf 85' lang='lat' dir='ltr'><strong>vesto</strong></span> <span class='ocrx_word' id='word_1_292' title='bbox 781 4465 931 4557; x_wconf 89' lang='lat' dir='ltr'><strong>duplici,</strong></span> <span class='ocrx_word' id='word_1_293' title='bbox 965 4463 1071 4538; x_wconf 91' lang='lat' dir='ltr'><strong>etiam</strong></span> <span class='ocrx_word' id='word_1_294' title='bbox 1103 4461 1174 4555; x_wconf 92' lang='lat' dir='ltr'><strong>ipsi</strong></span> <span class='ocrx_word' id='word_1_295' title='bbox 1207 4462 1435 4534; x_wconf 92' lang='lat' dir='ltr'><strong>conductores</strong></span> <span class='ocrx_word' id='word_1_296' title='bbox 1468 4461 1677 4553; x_wconf 84' lang='lat' dir='ltr'><strong>assignavit.</strong></span> 
     </span>
     <span class='ocr_line' id='line_1_31' title="bbox 119 4581 1675 4672; baseline -0.004 -13"><span class='ocrx_word' id='word_1_297' title='bbox 119 4587 254 4660; x_wconf 81' lang='lat' dir='ltr'><strong>(lassus</strong></span> <span class='ocrx_word' id='word_1_298' title='bbox 282 4591 399 4660; x_wconf 90' lang='lat' dir='ltr'><strong>tamen</strong></span> <span class='ocrx_word' id='word_1_299' title='bbox 426 4586 494 4658; x_wconf 85' lang='lat' dir='ltr'><strong>tuit</strong></span> <span class='ocrx_word' id='word_1_300' title='bbox 520 4586 620 4658; x_wconf 91' lang='lat' dir='ltr'><strong>labor</strong></span> <span class='ocrx_word' id='word_1_301' title='bbox 648 4605 750 4658; x_wconf 89' lang='lat' dir='ltr'><strong>suus:</strong></span> <span class='ocrx_word' id='word_1_302' title='bbox 779 4585 884 4658; x_wconf 81' lang='lat' dir='ltr'><strong>Turci</strong></span> <span class='ocrx_word' id='word_1_303' title='bbox 911 4584 1004 4658; x_wconf 91' lang='lat' dir='ltr'><strong>enim</strong></span> <span class='ocrx_word' id='word_1_304' title='bbox 1031 4583 1102 4656; x_wconf 93' lang='lat' dir='ltr'><strong>iam</strong></span> <span class='ocrx_word' id='word_1_305' title='bbox 1124 4583 1167 4655; x_wconf 93' lang='lat' dir='ltr'><strong>de</strong></span> <span class='ocrx_word' id='word_1_306' title='bbox 1185 4582 1255 4654; x_wconf 89' lang='lat' dir='ltr'><strong>alio</strong></span> <span class='ocrx_word' id='word_1_307' title='bbox 1274 4581 1488 4672; x_wconf 91' lang='lat' dir='ltr'><strong>Imperatore</strong></span> <span class='ocrx_word' id='word_1_308' title='bbox 1508 4581 1578 4653; x_wconf 89' lang='lat' dir='ltr'><strong>sibi</strong></span> <span class='ocrx_word' id='word_1_309' title='bbox 1596 4602 1675 4672; x_wconf 93' lang='lat' dir='ltr'><strong>pro·</strong></span> 
     </span>
     <span class='ocr_line' id='line_1_32' title="bbox 118 4701 1676 4798; baseline -0.005 -18"><span class='ocrx_word' id='word_1_310' title='bbox 118 4708 299 4782; x_wconf 83' lang='lat' dir='ltr'><strong>uiderant.</strong></span> <span class='ocrx_word' id='word_1_311' title='bbox 329 4707 477 4798; x_wconf 93' lang='lat' dir='ltr'><strong>Propter</strong></span> <span class='ocrx_word' id='word_1_312' title='bbox 504 4706 596 4797; x_wconf 90' lang='lat' dir='ltr'><strong>quod</strong></span> <span class='ocrx_word' id='word_1_313' title='bbox 622 4705 698 4797; x_wconf 92' lang='lat' dir='ltr'><strong>ipse</strong></span> <span class='ocrx_word' id='word_1_314' title='bbox 726 4705 840 4777; x_wconf 79' lang='lat' dir='ltr'><strong>Dauid</strong></span> <span class='ocrx_word' id='word_1_315' title='bbox 867 4705 971 4778; x_wconf 91' lang='lat' dir='ltr'><strong>rebus</strong></span> <span class='ocrx_word' id='word_1_316' title='bbox 1000 4703 1075 4777; x_wconf 90' lang='lat' dir='ltr'><strong>suis</strong></span> <span class='ocrx_word' id='word_1_317' title='bbox 1103 4703 1309 4794; x_wconf 89' lang='lat' dir='ltr'><strong>desperans,</strong></span> <span class='ocrx_word' id='word_1_318' title='bbox 1337 4722 1400 4792; x_wconf 90' lang='lat' dir='ltr'><strong>per</strong></span> <span class='ocrx_word' id='word_1_319' title='bbox 1425 4701 1587 4793; x_wconf 84' lang='lat' dir='ltr'><strong>Regnum</strong></span> <span class='ocrx_word' id='word_1_320' title='bbox 1610 4701 1676 4773; x_wconf 94' lang='lat' dir='ltr'><strong>Po·</strong></span> 
     </span>
     <span class='ocr_line' id='line_1_33' title="bbox 118 4825 782 4920; baseline 0.003 -20"><span class='ocrx_word' id='word_1_321' title='bbox 118 4829 240 4902; x_wconf 89' lang='lat' dir='ltr'><strong>loniae</strong></span> <span class='ocrx_word' id='word_1_322' title='bbox 268 4829 306 4901; x_wconf 89' lang='lat' dir='ltr'><strong>in</strong></span> <span class='ocrx_word' id='word_1_323' title='bbox 334 4827 553 4920; x_wconf 88' lang='lat' dir='ltr'><strong>Hungariam</strong></span> <span class='ocrx_word' id='word_1_324' title='bbox 580 4825 698 4898; x_wconf 92' lang='lat' dir='ltr'><strong>rediit.</strong></span> <span class='ocrx_word' id='word_1_325' title='bbox 779 4895 782 4902; x_wconf 92' lang='lat'><strong>.</strong></span> 
     </span>
    </p>
   </div>
   <div class='ocr_carea' id='block_1_5' title="bbox 117 5106 1678 5309">
    <p class='ocr_par' dir='ltr' id='par_1_5' title="bbox 117 5106 1678 5309">
     <span class='ocr_line' id='line_1_34' title="bbox 231 5106 1678 5200; baseline -0.007 -19"><span class='ocrx_word' id='word_1_326' title='bbox 231 5119 257 5200; x_wconf 85' lang='grc'><strong>1)</strong></span> <span class='ocrx_word' id='word_1_327' title='bbox 281 5119 335 5181; x_wconf 85' lang='lat' dir='ltr'><strong>sed</strong></span> <span class='ocrx_word' id='word_1_328' title='bbox 364 5119 454 5180; x_wconf 86' lang='lat' dir='ltr'><strong>etiarn</strong></span> <span class='ocrx_word' id='word_1_329' title='bbox 482 5113 546 5178; x_wconf 81' lang='lat' dir='ltr'><strong>Ed.</strong></span> <span class='ocrx_word' id='word_1_330' title='bbox 577 5112 667 5198; x_wconf 77' lang='lat' dir='ltr'><strong>Dipo.</strong></span> <span class='ocrx_word' id='word_1_331' title='bbox 700 5111 729 5194; x_wconf 79' lang='lat'><strong>²)</strong></span> <span class='ocrx_word' id='word_1_332' title='bbox 752 5115 888 5176; x_wconf 86' lang='lat' dir='ltr'><strong>demissis</strong></span> <span class='ocrx_word' id='word_1_333' title='bbox 916 5110 981 5174; x_wconf 83' lang='lat' dir='ltr'><strong>Ed.</strong></span> <span class='ocrx_word' id='word_1_334' title='bbox 1004 5109 1095 5195; x_wconf 82' lang='lat' dir='ltr'><strong>Lips.</strong></span> <span class='ocrx_word' id='word_1_335' title='bbox 1128 5111 1316 5192; x_wconf 74' lang='lat' dir='ltr'><strong>³)Poloniae</strong></span> <span class='ocrx_word' id='word_1_336' title='bbox 1342 5112 1425 5189; x_wconf 85' lang='lat' dir='ltr'><strong>Rege</strong></span> <span class='ocrx_word' id='word_1_337' title='bbox 1448 5111 1592 5172; x_wconf 76' lang='lat' dir='ltr'><strong>(iasimiro</strong></span> <span class='ocrx_word' id='word_1_338' title='bbox 1614 5106 1678 5171; x_wconf 80' lang='lat' dir='ltr'><strong>Ed.</strong></span> 
     </span>
     <span class='ocr_line' id='line_1_35' title="bbox 117 5212 1677 5309; baseline -0.009 -23"><span class='ocrx_word' id='word_1_339' title='bbox 117 5221 213 5309; x_wconf 83' lang='lat' dir='ltr'><strong>Lips.</strong></span> <span class='ocrx_word' id='word_1_340' title='bbox 249 5221 277 5304; x_wconf 88' lang='lat'><strong>⁴)</strong></span> <span class='ocrx_word' id='word_1_341' title='bbox 308 5221 453 5284; x_wconf 83' lang='lat' dir='ltr'><strong>Amarath</strong></span> <span class='ocrx_word' id='word_1_342' title='bbox 486 5215 561 5282; x_wconf 84' lang='lat' dir='ltr'><strong>Cod.</strong></span> <span class='ocrx_word' id='word_1_343' title='bbox 591 5215 659 5281; x_wconf 84' lang='lat' dir='ltr'><strong>Lis.</strong></span> <span class='ocrx_word' id='word_1_344' title='bbox 696 5216 721 5299; x_wconf 70' lang='lat'><strong>⁵)</strong></span> <span class='ocrx_word' id='word_1_345' title='bbox 752 5223 781 5280; x_wconf 88' lang='lat' dir='ltr'><strong>et</strong></span> <span class='ocrx_word' id='word_1_346' title='bbox 811 5219 912 5279; x_wconf 86' lang='lat' dir='ltr'><strong>exules</strong></span> <span class='ocrx_word' id='word_1_347' title='bbox 941 5217 1088 5277; x_wconf 88' lang='lat' dir='ltr'><strong>retinebat</strong></span> <span class='ocrx_word' id='word_1_348' title='bbox 1116 5213 1180 5278; x_wconf 79' lang='lat' dir='ltr'><strong>Ed.</strong></span> <span class='ocrx_word' id='word_1_349' title='bbox 1211 5212 1303 5298; x_wconf 81' lang='lat' dir='ltr'><strong>Lips.</strong></span> <span class='ocrx_word' id='word_1_350' title='bbox 1338 5212 1365 5294; x_wconf 77' lang='lat'><strong>⁶)</strong></span> <span class='ocrx_word' id='word_1_351' title='bbox 1395 5214 1537 5274; x_wconf 88' lang='lat' dir='ltr'><strong>Poloniae</strong></span> <span class='ocrx_word' id='word_1_352' title='bbox 1565 5213 1677 5289; x_wconf 85' lang='lat' dir='ltr'><strong>Regem</strong></span> 
     </span>
    </p>
   </div>
   <div class='ocr_carea' id='block_1_6' title="bbox 117 5325 305 5410">
    <p class='ocr_par' dir='ltr' id='par_1_6' title="bbox 117 5325 305 5410">
     <span class='ocr_line' id='line_1_36' title="bbox 117 5325 305 5410; baseline -0.005 -20"><span class='ocrx_word' id='word_1_353' title='bbox 117 5325 182 5390; x_wconf 81' lang='lat' dir='ltr'><strong>Ed.</strong></span> <span class='ocrx_word' id='word_1_354' title='bbox 206 5326 305 5410; x_wconf 84' lang='lat' dir='ltr'><strong>La&#39;pe.</strong></span> 
     </span>
    </p>
   </div>
   <div class='ocr_carea' id='block_1_7' title="bbox 142 5570 1502 5650">
    <p class='ocr_par' dir='ltr' id='par_1_7' title="bbox 142 5570 1502 5650">
     <span class='ocr_line' id='line_1_37' title="bbox 142 5570 1502 5650; baseline -0.014 -9"><span class='ocrx_word' id='word_1_355' title='bbox 142 5599 166 5642; x_wconf 77' lang='lat' dir='ltr'><strong>J.</strong></span> <span class='ocrx_word' id='word_1_356' title='bbox 183 5599 288 5650; x_wconf 67' lang='lat' dir='ltr'><strong>almar.</strong></span> <span class='ocrx_word' id='word_1_357' title='bbox 300 5596 389 5638; x_wconf 72' lang='lat' dir='ltr'><strong>mucor.</strong></span> <span class='ocrx_word' id='word_1_358' title='bbox 403 5595 483 5638; x_wconf 76' lang='lat' dir='ltr'><strong>Polou.</strong></span> <span class='ocrx_word' id='word_1_359' title='bbox 496 5594 522 5637; x_wconf 79' lang='lat'><strong>⁴1¹.</strong></span> <span class='ocrx_word' id='word_1_360' title='bbox 536 5595 564 5636; x_wconf 80' lang='lat' dir='ltr'><strong>V.</strong></span> <span class='ocrx_word' id='word_1_361' title='bbox 1468 5570 1502 5622; x_wconf 76' lang='lat'><strong>12</strong></span> 
     </span>
    </p>
   </div>
   <div class='ocr_carea' id='block_1_8' title="bbox 0 0 2080 6262">
    <p class='ocr_par' dir='ltr' id='par_1_8' title="bbox 0 0 2080 6262">
     <span class='ocr_line' id='line_1_38' title="bbox 0 0 2080 6262; baseline 0 0"><span class='ocrx_word' id='word_1_362' title='bbox 0 0 2080 6262; x_wconf 95' lang='lat' dir='ltr'><strong> </strong></span> 
     </span>
    </p>
   </div>
  </div>
 </body>
</html>
