4152 6270
155 544 289 648 (ΑΛ).
309 544 436 646 1452.)
575 504 582 512 ‚
672 570 785 624 urana
810 569 1056 624 6666666166
1084 552 1197 643 (nur).
1347 519 1349 524 ¹
1632 549 1704 621 109

156 756 305 830 domiria
331 761 465 849 septem
493 756 583 830 dies:
617 756 710 830 infra
745 777 832 848 quos
863 755 1003 848 privata
1034 756 1140 830 habet
1166 756 1330 845 66661116,
1366 755 1518 848 qualiter
1545 755 1705 850 indigna·

156 877 265 950 tionis
293 898 376 950 suae
395 878 555 950 aculeum
583 885 703 950 contra
730 877 948 950 Cardinalem
968 877 995 966 ¹)
1024 881 1059 950 et
1082 876 1258 969 palatinos
1283 876 1546 951 cracoviensem
1566 881 1601 950 et
1619 876 1705 950 San·

157 998 403 1072 domiriansem
418 996 449 1086 2)
478 999 655 1072 extendat.
694 998 762 1072 Sed
794 999 877 1070 dum
908 997 1000 1070 nihil
1032 999 1156 1090 eulpae
1189 1019 1231 1072 ex
1261 1019 1378 1071 eorum
1415 997 1578 1090 operibus
1613 997 1735 1100 trahi

156 1123 293 1210 posset,
322 1139 366 1192 ex
386 1117 606 1192 Sandomiria
625 1119 776 1192 Sabbata
796 1120 1026 1192 6616166166
1046 1119 1194 1192 Sanctae
1214 1119 1400 1192 Trinitatis
1419 1118 1618 1207 discedens,
1647 1138 1710 1210 per

157 1237 517 1330 Κ6666166166663),
546 1239 580 1312 N
583 1261 683 1312 ovam
710 1239 897 1314 Civitatem
925 1240 1012 1314 16616
1040 1245 1165 1332 queste
1183 1240 1221 1312 in
1239 1239 1365 1333 vigilia
1388 1239 1548 1332 Corporis
1578 1239 1710 1312 Christi

157 1358 316 1446 advenit,
345 1359 607 1452 poenitentibus
634 1359 840 1450 baronibus,
869 1361 962 1452 quod
990 1382 1093 1452 opera
1109 1359 1265 1454 'Sbignei
1292 1359 1488 1434 Cardinalis
1515 1359 1707 1454 improbas·

159 1484 254 1569 sent,
283 1501 327 1554 ex
354 1480 456 1556 Nova
482 1481 634 1556 Ciuitate
662 1481 700 1553 in
727 1481 928 1560 Cracoviam
956 1481 1114 1555 divertit.

308 1836 468 1910 lebannes
491 1838 661 1929 episcopua
684 1838 882 1911 llhelmenrir
903 1839 1053 1926 moritur,
1075 1838 1236 1911 lohannes
1258 1838 1385 1910 Kraeka
1407 1838 1564 1911 raecedit.

169 2132 172 2138 ι
264 2089 439 2160 Iohannes
466 2087 651 2180 episcopus
679 2089 911 2176 Chelmensis,
941 2088 1071 2162 nobilis
1099 2088 1142 2161 de
1169 2088 1269 2161 domo
1296 2087 1470 2176 Choloua,
1500 2076 1724 2181 Theologiae'

159 2208 330 2301 Magister
352 2213 387 2280 et
410 2211 516 2283 frater
539 2209 672 2283 ordinis
695 2210 995 2298 Praedicatorum,
1025 2209 1177 2282 Sabbato
1202 2211 1282 2300 post
1309 2208 1524 2281 Conductum
1543 2209 1709 2298 Paschae,

159 2351 251 2422 quae
282 2329 351 2402 1611
387 2329 460 2402 1166
497 2329 664 2404 vicesima
700 2331 852 2404 secunda
883 2330 1014 2403 mensis
1040 2329 1202 2422 61661116,
1240 2328 1388 2402 moritur
1426 2329 1530 2402 etin
1563 2329 1711 2404 66616616

160 2451 360 2525 Chelmensi
388 2451 568 2544 sepelitur.
599 2453 685 2524 Post
713 2452 814 2525 66166
848 2455 994 2526 mortem
1026 2450 1176 2525 Iohanni
1208 2450 1364 2538 Krasha,
1396 2449 1508 2523 nobili
1539 2451 1711 2523 dedomo

160 2571 299 2660 Bibra,
336 2591 398 2663 par
425 2572 611 2646 Nicolaum
647 2574 779 2664 Papam
816 2573 978 2666 quintum
1014 2573 1195 2665 provisum
1234 2572 1317 2661 1611,
1355 2569 1536 2644 Karimiro
1569 2572 1712 2665 Rege⁴)

160 2692 330 2766 instante.

162 3049 322 3138 stigmam
345 3049 538 3136 1611166116,
561 3049 722 3123 lohannes
744 3051 785 3123 de
808 3051 970 3124 lhancain
987 3051 1211 3123 bracariensis
1227 3053 1262 3122 61
1276 3050 1436 3123 lolarrer
1451 3051 1492 3122 de
1506 3049 1715 3122 blerohnioaa

162 3169 448 3258 Sardomirlenrir,
464 3172 617 3260 palatini,
633 3171 825 3243 kazimirum
840 3171 958 3260 hegen
973 3171 1138 3258 roloniae,
1154 3171 1356 3261 approbante
1366 3171 1435 3242 lere
1447 3172 1566 3243 666616
1581 3169 1715 3256 Senatu,

770 3292 895 3380 6611166
918 3295 1108 3382 congrum.

236 3603 238 3608 .
269 3540 429 3632 Corporis
462 3540 593 3612 Christi
630 3541 757 3612 166166
789 3539 992 3629 Cracoviae,
1030 3545 1174 3632 propter
1205 3539 1314 3633 Regis
1331 3540 1362 3630 ⁵)
1393 3546 1428 3614 61
1460 3540 1713 3629 barcinonem,

163 3662 426 3752 multorumque
453 3662 712 3748 Praelatorum,
743 3661 878 3732 Ducum
908 3666 943 3733 et
970 3662 1155 3750 baronum,
1186 3661 1247 3753 qui
1274 3662 1317 3732 ad
1344 3661 1564 3734 Karimirum
1584 3662 1715 3753 Regem

163 3787 415 3869 convenerant,
443 3782 694 3873 praesentiam,
723 3803 801 3854 eum
829 3804 954 3874 magna
983 3782 1194 3855 solennitate
1221 3785 1401 3873 peractum
1421 3789 1486 3854 est.
1515 3783 1714 3874 11666666-

164 3901 257 3989 dito,
287 3902 460 3994 Sbigneus
487 3901 699 3990 Cardinalis,
731 3907 765 3974 et
793 3901 1715 3995 0666661666166166686616616166616,6616116171,

163 4023 204 4095 in
232 4022 419 4095 consilium
445 4021 580 4115 regium
608 4021 849 4112 advenientes,
888 4027 1082 4115 queruntur
1113 4021 1331 4095 amarissime
1363 4023 1405 4094 de
1432 4022 1717 4096 accusationibus

164 4162 231 4235 per
257 4144 389 4235 Regem
403 4141 435 4232 8)
468 4146 589 4214 contra
615 4143 697 4214 11166
724 4142 933 4234 propositis3
968 4143 1117 4217 offerunt
1147 4142 1391 4236 purgationem
1428 4147 1462 4216 61
1494 4143 1716 4216 iustificatio-
1771 4226 1774 4236 Ι

164 4285 247 4336 nem
276 4263 483 4355 quamlibet,
512 4263 666 4356 graviter
694 4284 732 4336 66
758 4263 872 4336 166666
899 4264 1101 4337 huiusmodi
1127 4262 1410 4337 accusationibus
1430 4267 1609 4336 asserunt:
1638 4285 1717 4335 cum

163 4383 261 4457 nihil
287 4387 530 4475 peccaverant,
559 4383 651 4455 nihil
679 4383 871 4473 severeri,
901 4385 1087 4476 quominus
1115 4383 1285 4457 iudicium
1312 4383 1354 4457 de
1383 4384 1433 4458 616
1461 4385 1534 4456 fiat.
1563 4384 1718 4456 11111661

164 4504 324 4577 omnium
351 4525 415 4595 par
441 4508 535 4577 esset
560 4502 771 4576 amaritudo:
801 4503 998 4577 Cardinalis
1026 4504 1184 4578 acerbius
1212 4508 1328 4576 tamon
1356 4509 1489 4576 contra·
1503 4505 1635 4596 Regem
1663 4503 1715 4576 in-

165 4624 327 4712 vehitur,
360 4624 452 4716 quod
479 4645 558 4696 eum
585 4624 774 4716 superbum
803 4629 838 4696 61
864 4625 1001 4698 hostem
1029 4646 1131 4698 suum
1160 4624 1348 4698 vocaverit.
1376 4623 1501 4714 11669)
1529 4623 1653 4698 videns
1681 4645 1719 4698 66

165 4749 428 4818 assentatorum
455 4744 613 4818 consiliis
642 4745 840 4834 seductum,
869 4745 1088 4818 Cardinalem
1116 4749 1152 4819 61
1178 4744 1360 4818 Ρ61611666
1389 4744 1465 4820 6166
1492 4766 1598 4819 66666
1617 4755 1718 4819 6666-

279 4967 303 5050 ι)
327 4973 429 5030 eontra
451 4969 612 5046 Shigneum
635 4968 822 5031 Cardinalem
844 4973 882 5030 et
896 4970 1067 5046 episcopum
1089 4969 1315 5032 Cracoviensem
1336 4965 1400 5032 Ed.
1423 4966 1514 5053 Lupe.
1542 4965 1565 5050 ¹)
1588 4972 1618 5030 61
1635 4968 1720 5030 Ρ616-

166 5075 249 5136 11666
278 5074 419 5134 Ioannem
441 5073 479 5134 de
500 5073 634 5151 Tharria
664 5073 890 5135 Cracoviensem
920 5079 950 5134 61
979 5074 1119 5134 Ioannem
1149 5073 1186 5134 de
1209 5072 1424 5150 Olyeschnicaa
1453 5072 1721 5134 Sandomiriensem

167 5173 234 5238 Ed.
259 5173 348 5258 Lipr.
374 5174 400 5251 ³)
422 5176 671 5237 Polrraiwnionam
693 5173 756 5238 Ed.
781 5173 872 5259 Lipe.
900 5172 926 5256 ⁴)
949 5177 1091 5238 Poloniae
1112 5177 1195 5253 Rege
1217 5173 1280 5239 Ed.
1305 5173 1395 5260 Lipe.
1427 5174 1454 5255 ⁶)
1477 5176 1614 5238 Casimiri
1635 5177 1720 5237 Polo-

166 5281 238 5342 niae
260 5280 353 5357 Regis
375 5277 438 5340 Ed.
461 5276 551 5362 Lipe.
576 5277 602 5359 ⁶)
626 5286 655 5341 61
677 5275 799 5357 Cbignei
822 5280 988 5341 Cardinalis
1011 5277 1076 5344 Ed.
1104 5277 1195 5363 Lipe.
1220 5278 1723 5360 7)66166116666161116666161166-

167 5383 333 5461 coviensie,
356 5384 533 5444 6116666666
557 5383 593 5443 de
617 5382 832 5460 Olyeschnicna
861 5383 1122 5463 Sandomiriensis,
1152 5385 1276 5461 palatini
1304 5381 1369 5445 Ed.
1391 5381 1482 5467 Lapa.
1515 5381 1722 5464 8166611661-

166 5487 413 5564 mirum'Regem
435 5483 497 5549 ud.
515 5483 613 5569 Ι1166.
638 5483 664 5566 2)
686 5488 750 5549 Rex
771 5505 843 5549 vero
865 5487 1027 5549 Casimirus
1048 5483 1112 5550 Ed.
1136 5485 1229 5571 Lipe.
