4152 6270
411 550 484 625 132
917 571 1030 624 urens
1056 571 1302 624 nuonncnrus
1330 552 1442 641 (nur).
1677 546 1745 646 (Α.
1766 547 1811 620 Ι).
1833 545 1956 644 1453.)

410 759 548 852 Syenno
580 757 840 851 protonotarius
876 757 1092 849 apostolicus
1120 762 1156 830 et
1183 757 1411 849 Praepositae
1453 756 1710 844 cracoviensis,
1745 761 1780 828 et
1812 756 1957 828 Iacobus

409 857 507 953 Koth
526 881 553 966 1)
580 880 740 952 Decanus
773 878 988 952 Gnesnensis
1016 879 1053 950 in
1079 877 1306 970 Lithuaniam
1333 879 1378 950 ad
1405 879 1534 970 Regem
1563 879 1671 970 legati
1694 877 1810 965 missi,
1839 881 1880 948 ut
1898 876 1956 949 Ga·

406 1000 521 1094 pitulo
541 1000 652 1073 libera
671 999 795 1073 electio
825 999 937 1072 futuri
968 999 1143 1090 praesulis
1162 999 1439 1090 permitteretur:
1469 999 1525 1070 his
1544 1020 1749 1090 responsum
1768 1005 1838 1086 est,
1867 999 1957 1070 ncllc

408 1122 539 1215 Regem
567 1121 604 1193 in
631 1121 695 1193 hac
721 1142 759 1194 re
787 1120 974 1213 quicquam
1001 1121 1230 1208 constituere,
1259 1121 1329 1194 nisi
1356 1120 1530 1193 Praelatis
1559 1123 1594 1192 et
1620 1119 1810 1193 baronibus
1844 1121 1881 1192 in
1907 1122 1956 1190 lu·

409 1246 490 1316 tura
520 1241 766 1316 Parenoriensi
798 1241 1042 1330 conventione,
1081 1241 1341 1332 quintadecima
1377 1241 1432 1314 die
1464 1246 1544 1332 post
1577 1242 1703 1313 festum
1736 1241 1958 1314 Pentecosten
2064 1323 2065 1332 ἶ

410 1362 577 1451 tenenda,
606 1361 790 1435 consultis.
820 1361 949 1435 Verum
977 1361 1157 1434 cumdius
1185 1361 1626 1434 constitutacomitiorum
1658 1362 1874 1450 advenisset,
1904 1384 1957 1432 su·

409 1503 597 1576 pervenere
624 1482 743 1555 nuntii
757 1481 800 1572 2),
829 1483 978 1556 Iacobus
1010 1483 1221 1556 Kobilenski
1237 1481 1267 1572 3)
1296 1488 1332 1556 et
1358 1484 1508 1555 Thomas
1537 1483 1842 1576 Sancnignyewslri
1858 1483 1891 1571 4)
1918 1504 1958 1555 ex

410 1603 601 1677 Lithnania
628 1626 649 1676 a
675 1605 772 1697 Rege
799 1603 915 1693 missi,
944 1608 1104 1696 petentes
1133 1605 1334 1696 Capitulum
1350 1603 1393 1694 5),
1422 1613 1462 1676 ut
1490 1603 1613 1676 dilatio
1643 1603 1826 1678 electionis
1850 1605 1956 1676 fieret.

411 1723 510 1818 Quod
537 1723 587 1798 ibi
614 1745 683 1796 non
710 1745 813 1817 poseo
841 1726 1040 1816 procedere,
1069 1747 1276 1816 responsum
1304 1730 1372 1814 est,
1402 1731 1544 1816 propter
1569 1725 1779 1798 brevitatem
1798 1725 1958 1817 exiguam

409 1845 542 1920 residui
558 1845 589 1935 6)
618 1845 801 1938 temporis;
831 1868 898 1937 quo
927 1847 1042 1938 lapso,
1072 1851 1106 1918 et
1133 1847 1312 1920 mensibus
1337 1846 1452 1920 tribus
1480 1845 1579 1918 adie
1605 1845 1729 1918 mortis
1758 1845 1956 1934 transactio,

410 1970 566 2059 potestas
595 1964 748 2059 eligendi
775 1966 1000 2058 eripiebatur.
1033 1966 1219 2059 Regebant
1245 1967 1363 2040 nuntii
1389 1966 1478 2059 regii
1501 1971 1536 2038 et
1554 1966 1795 2058 requirebant,
1824 1971 1866 2038 ut
1883 1966 1957 2038 nul·

410 2089 468 2162 lus
496 2086 604 2176 alius,
634 2086 705 2159 nisi
732 2087 907 2161 Iohannes
936 2087 1113 2180 Sprouslri
1139 2088 1367 2180 Praepositus
1396 2087 1689 2160 Sandomiriensis
1714 2093 1750 2160 ot
1768 2087 1957 2160 canonicus
2064 2117 2065 2130 ¹

411 2206 640 2295 Gnesnensir,
669 2207 827 2280 notarius
854 2207 988 2300 regius,
1019 2207 1222 2300 eligeretur;
1251 2209 1464 2299 adibantque
1492 2207 1684 2300 quemlibet
1704 2228 1862 2281 seorsum
1881 2229 1955 2280 cunr
2064 2299 2065 2302 Ἴ

412 2327 684 2402 credentialibus
712 2328 843 2418 literis,
873 2327 1097 2416 solieitando,
1127 2333 1167 2400 ut
1195 2328 1232 2400 in
1259 2328 1531 2402 nominationem
1558 2329 1668 2420 Regis
1688 2329 1901 2402 consentiret
1931 2334 1954 2418 ).
2064 2315 2065 2330 ’

412 2449 592 2522 Electione
623 2449 835 2538 instaurata,
875 2471 979 2542 quam
1009 2449 1145 2542 placuit
1181 2471 1242 2541 per
1270 2451 1409 2522 modum
1443 2450 1606 2522 scrutinii
1638 2450 1763 2538 teneri,
1797 2449 1961 2524 tredecim
2064 2527 2065 2532 ,

413 2569 647 2662 Capitulum,
677 2569 852 2662 sequendo
880 2574 1001 2642 uotum
1028 2569 1135 2662 Regis
1151 2569 1194 2659 ⁸),
1228 2570 1420 2644 Iohannem
1453 2570 1629 2662 Sprowslri
1656 2572 1698 2644 de
1725 2573 1826 2644 domo
1855 2572 1959 2643 Odrc·

413 2692 553 2764 nansch
580 2691 771 2784 elegerunt.
799 2690 948 2764 Residui
975 2711 1057 2763 rere
1085 2690 1263 2779 undecim,
1292 2691 1362 2764 uiri
1389 2691 1546 2764 timorati
1570 2697 1604 2764 et
1623 2693 1794 2766 celatores
1824 2692 1960 2764 divinoe

412 2811 519 2905 logis,
549 2811 780 2904 nequicquam
807 2810 1039 2902 petitionibus
1062 2811 1170 2904 regiis
1194 2812 1295 2901 moti,
1325 2811 1533 2905 Magistrum
1561 2813 1726 2884 Thomam
1746 2813 1959 2904 Strnampin·
2064 2847 2065 2882 r

413 2931 470 3005 ski
497 2931 706 3025 theologiae
733 2936 768 3004 et
792 2931 968 3004 Canonum
987 2933 1187 3021 Doctorem,
1217 2932 1428 3006 Canonicum
1448 2933 1685 3007 Gnesnensem
1704 2939 1738 3007 et
1757 2933 1959 3006 Gracorien·
2064 2971 2065 2990 r

414 3073 503 3141 earn,
529 3053 571 3125 de
590 3052 690 3125 domo
709 3051 835 3126 Pruesi
853 3052 1022 3140 nobilem,
1043 3054 1240 3145 elegerunt;
1269 3055 1435 3126 conclaue
1454 3075 1591 3145 quoquc
1610 3054 1760 3146 egressi,
1789 3059 1959 3126 monstro·
2064 3047 2065 3068 ¹

415 3194 490 3246 sam
518 3171 723 3246 electionem
750 3173 896 3245 duorum
929 3172 1112 3266 publicant
1127 3173 1171 3262 ⁹),
1204 3178 1239 3247 ot
1265 3195 1347 3266 pars
1374 3179 1510 3266 partem
1542 3175 1680 3266 probris
1708 3174 1903 3247 insectatur
1929 3178 1963 3247 ot
2064 3213 2065 3228 κ

415 3293 516 3366 odiis.
555 3293 721 3385 Adeoque
757 3295 854 3366 furor
885 3293 1027 3386 quidcrn
1055 3293 1272 3386 Capitulares
1300 3295 1408 3387 cepit,
1437 3300 1478 3367 ut
1504 3316 1566 3385 per
1593 3316 1666 3382 ece,
1696 3295 1758 3386 qui
1786 3294 1964 3386 Sprouski
2064 3275 2065 3278 ¹

413 3414 606 3506 clegerunt,
635 3413 727 3488 alius
756 3413 1020 3488 administrator
1051 3415 1296 3508 Prneduogius
1324 3415 1500 3490 Grandclri
1520 3416 1564 3504 10)
1596 3415 1824 3507 Praepositae
1852 3415 1962 3489 Gnes-

413 3533 534 3608 nensis
565 3534 769 3628 eligeretur:
799 3556 842 3608 ne
860 3535 905 3624 ¹¹)
934 3555 1037 3608 uerus
1066 3534 1343 3625 administrator,
1374 3537 1603 3609 communiter
1630 3537 1672 3608 ab
1692 3537 1854 3609 omnibus
1874 3537 1963 3610 elec·

414 3659 486 3742 tus,
516 3655 691 3728 Iohannes
718 3655 917 3728 Luthkonis
946 3656 988 3728 de
1016 3657 1145 3728 Brneno
1165 3654 1221 3745 ¹²),
1256 3657 1420 3748 quoniam
1451 3657 1660 3749 Magistrum
1693 3658 1861 3730 Thomam
1895 3658 1965 3731 sle-

413 3779 527 3868 gerct,
555 3775 721 3867 prodesse
747 3781 867 3868 posset
894 3776 1046 3868 amplius
1074 3777 1167 3868 parti
1195 3797 1290 3850 suae.

478 4130 619 4202 lobbias
643 4132 792 4221 episcopo
815 4130 958 4204 lilnensi
981 4133 1128 4204 succedit
1150 4133 1299 4204 llicoluus
1321 4134 1361 4205 dc
1385 4135 1477 4206 dono
1500 4135 1717 4224 braurone,
1741 4139 1776 4207 ot
1799 4136 1896 4207 Paulo

875 4252 1132 4342 Kaupcnaoonsi
1155 4254 1315 4327 latenrer
1338 4256 1507 4328 lebuczlri.

518 4498 739 4590 Absumptus
767 4503 820 4572 est
846 4521 909 4591 pro
937 4501 1056 4574 eodem
1086 4507 1255 4594 tempore,
1290 4525 1381 4576 nona
1408 4504 1574 4577 videlicet
1601 4505 1731 4577 mensis
1760 4504 1864 4593 Maii,
1895 4507 1973 4578 dla-

415 4619 509 4692 thias
537 4618 721 4710 opiscopus
749 4618 944 4710 Vilnensis,
974 4627 1009 4693 et
1035 4622 1072 4694 in
1100 4623 1246 4696 ecclesia
1274 4624 1451 4712 Vilnensi‚
1481 4625 1678 4716 praesentia
1706 4627 1814 4718 Regis
1835 4625 1880 4714 13)
1915 4629 1972 4698 fu-

415 4759 482 4811 nus
511 4759 613 4810 suum
640 4739 905 4830 cohonestante,
935 4743 1112 4834 sepultus,
1142 4743 1204 4834 qui
1230 4744 1381 4835 primum
1402 4745 1647 4837 Samagittiae‚
1676 4746 1799 4820 deindo
1819 4747 1974 4821 Vilnen-

415 4857 465 4932 sis
493 4857 693 4950 episcopus,
721 4859 816 4932 ultra
844 4862 1075 4955 quadraginta
1102 4884 1210 4936 annos
1238 4863 1275 4936 in
1302 4865 1508 4956 pontificatu
1536 4871 1714 4959 exegerat:
1744 4867 1799 4939 uir
1827 4867 1866 4940 in
1897 4891 1975 4941 am·

523 5165 545 5244 ¹)
575 5166 654 5228 Roth
685 5161 761 5229 Coo.
791 5165 901 5230 Proca.
933 5167 958 5248 ⁹)
989 5171 1107 5250 Nuntii,
1137 5171 1276 5233 videlicet
1304 5169 1378 5236 Ea:
1394 5171 1482 5255 Lr'pc.
1515 5173 1540 5252 ³)
1564 5175 1753 5236 Kobilienski
1785 5171 1849 5238 Ed.
1875 5175 1977 5262 Lipc.

416 5268 442 5349 ⁴)
466 5269 679 5346 Secigniewslri
700 5267 764 5333 Ed.
787 5268 878 5354 Lipr.
911 5271 935 5352 5)
960 5273 1143 5350 capitulares
1168 5271 1244 5337 Coc.
1270 5271 1358 5338 Calc.
1391 5275 1417 5356 θ)
1441 5278 1588 5338 residuam
1614 5273 1689 5340 Coc.
1713 5277 1823 5343 Przcz.
1851 5279 1880 5360 ⁷)
1908 5304 1977 5346 con-

416 5373 567 5436 sentirent.
595 5370 658 5434 Ed.
682 5371 773 5456 Lipr.
806 5374 831 5454 Β)
855 5375 990 5436 Oasimiri
1012 5377 1103 5454 Regis
1125 5375 1189 5438 Ed.
1214 5376 1304 5460 Lips.
1336 5377 1362 5459 9)
1386 5381 1559 5456 praedicant
1583 5376 1658 5444 Cod.
1682 5379 1791 5446 Praez.
1829 5382 1871 5463 ¹⁰)
1902 5389 1977 5448 Gra-

415 5477 496 5539 niclri
521 5471 596 5539 Coc.
619 5473 730 5539 Przca.
760 5477 794 5557 ¹¹)
817 5479 881 5539 Nec
903 5477 966 5540 Ec.
982 5477 1073 5563 Lipc.
1094 5480 1132 5559 ¹²)
1148 5482 1278 5558 Brnezye
1293 5477 1355 5544 Ed.
1371 5480 1461 5566 Lipa.
1485 5483 1518 5564 ¹³)
1535 5485 1672 5547 Gasimiri
1686 5485 1778 5565 Regis
1793 5485 1862 5550 Ed.
1881 5487 1978 5574 Lips.
