4046 6278
383 559 459 636 380
893 575 1007 626 66666
1033 572 1278 626 6666666666
1306 556 1420 642 (666).
1655 545 1724 646 (Α.
1746 547 1792 620 D.
1811 547 1935 645 14113.)

383 764 492 836 666116
519 762 607 835 16616
637 761 834 852 assignata,
864 762 899 834 et
917 781 961 833 ne
979 760 1044 832 1116
1062 762 1182 850 666661
1202 761 1382 846 excutere,
1411 756 1613 846 Polonoque
1639 755 1815 827 auxilium
1836 757 1934 845 ferre,

382 905 404 956 6
440 883 562 957 166616
600 881 841 973 666666166166
879 879 915 952 11
948 879 1215 972 prohibentibus
1258 877 1452 964 custodita,
1492 876 1604 968 magis
1641 875 1805 948 vincendi
1845 897 1935 966 suos,

387 1027 491 1098 quam
515 1003 715 1076 Pannonios
734 1001 944 1090 crediderat,
974 1021 1078 1092 quam
1097 999 1134 1072 in
1158 1020 1219 1091 spe
1239 997 1399 1072 solvendi
1417 998 1602 1071 tabefacta.
1631 997 1788 1068 Pelorus
1808 995 1936 1088 itaque,

381 1147 424 1198 no
454 1125 612 1216 undique
640 1145 660 1194 6
687 1124 798 1196 Turoo
826 1121 1153 1209 circumveniretur,
1183 1119 1275 1192 nihil
1302 1118 1537 1192 cunctandum
1564 1121 1680 1204 ratus,
1709 1121 1854 1188 666166
1880 1139 1937 1209 pa·

384 1245 758 1319 166666116616666
786 1263 926 1331 666666,
955 1241 1126 1333 precando
1155 1239 1508 1314 60161616166166
1541 1237 1713 1331 praestari
1742 1238 1937 1324 victoriam,

386 1365 545 1440 sustulit.
579 1366 667 1449 Tum
700 1384 837 1455 quoque
865 1363 1018 1455 primum
1050 1364 1212 1453 frequens
1240 1361 1384 1433 illorum
1412 1361 1632 1452 captivorum
1659 1380 1846 1446 numerus,
1876 1381 1939 1430 non

387 1489 610 1579 Hungarum,
640 1485 700 1558 sed
727 1485 899 1556 Pelorum
927 1483 1003 1556 illic
1030 1483 1153 1556 adesse
1179 1481 1401 1574 intelligens,
1436 1479 1688 1553 deliberatione
1721 1501 1788 1550 sua
1816 1479 1940 1552 melius

388 1628 527 1700 sperare
545 1605 670 1698 coepit.
701 1605 848 1678 Sublato
869 1609 903 1677 61
922 1626 942 1676 6
961 1605 1152 1676 ’16666666
1178 1602 1335 1676 exercitu
1354 1600 1471 1677 valido
1491 1601 1657 1688 clamore,
1687 1621 1756 1691 quo
1776 1605 1940 1672 666166

388 1727 532 1800 166661
561 1727 787 1800 1661666666
820 1745 925 1798 6666
953 1724 1092 1798 defendi
1124 1723 1348 1815 precabatur,
1381 1727 1529 1813 uterque
1557 1721 1784 1812 congreditur
1812 1720 1939 1794 exerci-

389 1855 464 1922 tus:
494 1853 529 1922 et
557 1847 746 1920 durissima
779 1846 881 1920 caede
910 1847 1082 1932 fervente,
1110 1847 1284 1932 Polonus,
1314 1843 1478 1936 quoniam
1506 1843 1627 1915 hastas
1646 1842 1683 1914 in
1703 1841 1941 1933 superioribus

283 1969 284 1972 ’
392 1968 677 2042 dimicationibus
697 1967 883 2040 obtriverat
902 1966 941 2056 ¹),
962 1965 1091 2058 gladiis
1111 1969 1146 2038 61
1159 1964 1355 2038 missilibus
1374 1963 1584 2056 sagittarum
1602 1963 1786 2050 utebatur,
1807 1983 1853 2034 ex
1872 1963 1941 2054 qui·

389 2091 456 2163 bus
490 2089 595 2160 multi
621 2089 812 2160 lurcorum
841 2087 943 2159 facile
973 2087 1138 2175 emortui,
1168 2084 1297 2158 caeteri
1320 2104 1449 2176 pavore
1467 2083 1638 2174 perculsi,
1667 2083 1802 2155 omissa
1819 2104 1942 2176 pugna,

392 2210 436 2282 61
463 2229 587 2297 naves,
617 2229 704 2300 quas
732 2207 981 2280 advenissem
1010 2206 1065 2278 sui
1093 2205 1408 2279 transmutationem
1436 2209 1709 2295 conspexerant,
1740 2202 1940 2296 diffugiunt.

391 2331 438 2402 111
465 2329 629 2421 quoniam
652 2329 689 2400 in
709 2329 859 2400 Polonos
887 2349 957 2399 non
984 2332 1164 2420 poterant,
1194 2326 1230 2398 in
1250 2325 1409 2417 captivos
1429 2325 1614 2398 saeviendo
1633 2324 1732 2396 rabie
1751 2324 1941 2412 barbarica,

391 2451 511 2542 plures
540 2450 760 2523 6116666661.
790 2448 1009 2539 Sequebatur
1036 2448 1191 2520 Polonus
1219 2447 1411 2539 fugientes,
1440 2451 1476 2518 61
1503 2444 1666 2518 16616616
1691 2451 1790 2517 6616
1812 2446 1942 2537 percul-

394 2571 444 2644 sis
477 2571 616 2643 caedem
646 2568 827 2656 maiorem,
865 2589 969 2660 qurum
1001 2586 1063 2660 pro
1099 2587 1242 2640 numero
1282 2566 1404 2640 edidit.
1438 2565 1509 2640 Ubi
1542 2586 1624 2639 vero
1655 2567 1943 2639 6166666666·

394 2699 470 2763 tum
485 2695 568 2778 661,
598 2689 698 2781 equis
726 2689 893 2776 desertis,
922 2709 1029 2762 naves
1056 2687 1294 2780 glomeratim,
1323 2686 1456 2759 Polono
1484 2685 1520 2758 16
1545 2686 1654 2778 tergis
1682 2688 1869 2774 16666616,
1895 2687 1943 2759 in-

395 2812 536 2884 siliunt:
565 2831 655 2902 quae
682 2829 760 2882 cum
787 2831 807 2881 6
834 2808 913 2900 6166
939 2829 1168 2900 praepropere
1200 2808 1407 2895 solvissent,
1436 2807 1598 2900 singulae
1617 2809 1704 2897 fere,
1723 2808 1880 2899 pondere
1896 2809 1943 2880 ni·

395 2933 464 3007 mio
483 2933 748 3024 praegravatae,
768 2930 832 3002 sub
854 2934 1043 3020 conspectu
1062 2929 1185 3002 Poloni
1206 2929 1243 3002 in
1262 2929 1408 3002 fundum
1426 2929 1606 3020 perierunt
1624 2929 1816 3003 demersae.
1848 2929 1945 3002 Solus

397 3056 524 3140 Bassa,
553 3053 743 3125 Turdorum
770 3050 946 3124 exercitus
973 3051 1062 3138 dux,
1092 3049 1257 3142 quoniam
1283 3050 1379 3143 prior
1405 3071 1513 3124 naves
1541 3049 1705 3142 fugiendo
1738 3049 1943 3138 intraverat,

397 3173 521 3249 evasit.
552 3172 739 3264 Spectabat
766 3191 809 3244 ex
837 3173 913 3244 loco
940 3172 1165 3263 paludinoso,
1195 3169 1352 3244 silvestri
1380 3174 1416 3245 et
1443 3170 1581 3262 iniquo,
1610 3170 1869 3244 Roscianorum
1895 3193 1944 3243 co·

396 3297 478 3368 hors
506 3313 674 3385 pugnam,
704 3293 912 3379 61166666,
942 3292 1034 3383 quod
1062 3313 1310 3383 saepenumero
1338 3291 1427 3364 alias
1456 3291 1656 3384 contingere
1686 3291 1844 3379 solebat,
1875 3291 1944 3363 vin·

397 3435 473 3488 oere
499 3419 591 3500 6616,
618 3413 762 3505 iungere
780 3433 817 3484 se
837 3412 975 3501 166616,
1004 3413 1227 3503 praedarum,
1256 3411 1447 3502 spoliorum
1476 3417 1511 3484 et
1540 3411 1759 3503 captivorum
1788 3411 1947 3503 potiundi

397 3534 527 3629 gratia,
555 3533 712 3624 6666161.
743 3533 871 3605 Verum
899 3532 1044 3606 Polonis
1072 3532 1222 3606 66661666
1248 3531 1432 3604 616166166
1459 3532 1598 3621 611666,
1632 3531 1782 3604 16666116
1818 3533 1945 3620 uncis,

398 3656 436 3728 in
464 3675 610 3745 quorum
637 3656 773 3745 partem
800 3658 1007 3741 secesserat,
1040 3652 1201 3740 Pedonis,
1235 3651 1328 3726 circo
1360 3673 1447 3743 quos
1480 3652 1580 3726 stetit
1611 3651 1778 3739 victoria,
1808 3673 1848 3723 se
1875 3652 1946 3724 iun·

399 3776 470 3863 xit,
501 3777 535 3847 et
563 3773 736 3865 fugientes
764 3773 894 3845 Turcos
921 3773 1099 3864 persequi,
1129 3777 1351 3864 stragemque
1379 3773 1556 3865 ingentem
1585 3773 1687 3844 edere
1711 3773 1846 3863 coepit:
1876 3771 1945 3864 qui·

400 3898 467 3970 bus
494 3899 612 3966 tamen
639 3913 708 3964 non
736 3913 853 3981 secus,
883 3915 986 3984 quam
1013 3895 1056 3968 ab
1075 3894 1177 3966 initio
1197 3894 1234 3965 in
1254 3895 1448 3985 periculum
1464 3892 1494 3981 ²)
1523 3893 1768 3981 advenissent,
1799 3894 1946 3966 Polonus

402 4017 444 4088 de
471 4015 609 4106 praedis
637 4018 671 4086 et
699 4013 823 4104 spoliis
852 4017 887 4086 et
914 4013 1065 4104 66611616
1093 4014 1311 4106 participare
1332 4013 1504 4104 permisit.
1539 4012 1742 4105 Hungariae
1771 4014 1852 4086 Rex
1880 4015 1944 4086 lla·

402 4135 512 4220 thiae,
541 4134 624 4206 dum
650 4133 861 4206 Polonorum
890 4133 1082 4208 exercitum
1110 4135 1147 4206 16
1175 4135 1307 4206 6161166
1335 4156 1398 4206 666
1425 4141 1460 4206 61
1486 4133 1696 4206 166616666
1716 4142 1752 4206 61
1772 4135 1946 4222 61616666,

403 4258 570 4330 16666166
586 4252 617 4344 ³)
645 4253 859 4345 multiplicia
881 4255 1061 4344 manubia,
1091 4255 1342 4328 6166661666
1370 4255 1560 4326 lurcorum
1588 4254 1826 4345 captivorum,
1856 4256 1945 4326 Hun-

403 4397 565 4469 garorum
586 4395 739 4466 quoque,
769 4395 855 4467 quos
874 4375 916 4448 de
935 4377 1123 4448 Turcornm
1144 4375 1351 4467 captivitate
1370 4376 1540 4462 solverat,
1570 4374 1855 4463 multitudinem,
1876 4397 1945 4448 con·

402 4502 459 4569 tra
486 4516 620 4568 omnem
649 4516 745 4586 6666
774 4515 873 4568 6666
901 4496 1064 4587 (66611666
1101 4498 1193 4569 6616
1220 4497 1388 4584 Ρ616666,
1418 4495 1526 4568 61661
1557 4500 1592 4568 61
1618 4496 1741 4569 16666
1770 4497 1946 4590 Hungoro·

403 4638 481 4690 rnm
510 4615 745 4706 Sokolipeter,
775 4621 810 4687 61
837 4637 857 4688 6
885 4617 1075 4690 Turcorum
1103 4617 1255 4688 maximo
1285 4621 1320 4690 et
1347 4615 1429 4688 forti
1457 4617 1614 4689 exercitu
1645 4616 1820 4688 contritos
1849 4617 1946 4689 fuisse

405 4740 564 4811 extrema
590 4734 822 4808 internicione
854 4735 1063 4824 crediderat)
1096 4758 1274 4810 reversum
1308 4737 1458 4825 videret,
1490 4736 1619 4828 gaudio
1652 4737 1876 4810 exhilaratus
1901 4743 1946 4808 est

405 4858 592 4944 immenso,
622 4863 657 4928 61
683 4856 721 4928 16
748 4856 887 4929 166166
915 4859 1125 4930 Ρ61666666
1145 4863 1179 4931 61
1199 4857 1420 4949 Sokolipeter
1438 4856 1600 4949 Huugari
1618 4857 1865 4945 concionatus,
1883 4857 1945 4930 sin·

405 4978 508 5072 gulos
529 4977 742 5069 specialibus
762 4977 926 5068 praemiis
951 4977 1111 5066 donavit;
1140 4979 1327 5071 Hungaros
1347 4982 1481 5067 66166,
1495 5055 1497 5061 ,
1511 4977 1572 5068 qui
1592 4976 1706 5049 socios
1731 4978 1946 5052 deseruerant

406 5097 556 5191 periculi
584 5102 695 5184 metu,
724 5095 915 5187 plurimum
944 5097 1163 5191 obiurgatos,
1192 5098 1356 5170 universo
1385 5097 1586 5190 Hungarico
1615 5096 1839 5189 inspectante
1858 5118 1945 5171 exer·

406 5218 495 5307 citu,
526 5216 700 5310 capitibus
728 5236 846 5288 eorum
873 5217 1007 5292 braccis
1039 5217 1231 5310 impositis,
1266 5223 1300 5291 et
1327 5218 1487 5291 vultibus
1521 5217 1664 5306 velatis,
1701 5223 1804 5291 extra
1832 5223 1945 5302 666166,

518 5475 541 5557 ¹)
563 5475 741 5537 contriverat
764 5463 840 5538 Coe.
863 5471 973 5536 Przez.
997 5472 1024 5554 ²)
1047 5475 1073 5535 si
1096 5477 1125 5534 in
1147 5475 1309 5552 periculum
1333 5470 1395 5535 Ed.
1425 5471 1517 5557 Lips.
1542 5467 1570 5554 ³)
1586 5472 1771 5550 frequentem
1786 5470 1946 5555 611666
