4040 6290
377 525 451 600 194
884 546 996 600 urana
1022 546 1267 600 nuonncnrus
1295 530 1409 617 (xm).
1645 527 1714 625 (A
1734 525 1783 600 D.
1801 525 1930 623 1473.)

380 733 500 804 11111
520 730 853 819 Sandomiricnsem,
877 751 939 821 pro
963 731 1232 803 Bartholomaeo
1252 732 1374 819 111111,
1403 736 1518 822 spreto
1538 737 1574 805 et
1591 733 1752 825 neglecto
1771 732 1930 819 Nicolao,

376 855 563 938 coemerat,
593 856 628 925 11
655 849 824 923 Nicolaus
852 849 1086 922 Kosohmidar
1113 871 1153 922 oa
1180 850 1414 942 surripuerat,
1442 871 1589 944 aequam
1609 853 1676 925 sibi
1698 873 1841 938 eornm,
1866 873 1931 923 non

376 991 477 1044 secus
515 991 619 1062 qnam
645 969 864 1062 patrimonii,
904 974 1025 1042 contra
1057 970 1135 1042 iura
1165 971 1281 1062 Regni
1308 971 1483 1060 Polonici,
1517 972 1771 1045 vendicaturus
1800 971 1930 1063 portic

374 1111 465 1162 nem.
494 1092 616 1162 Funus
645 1089 956 1181 archiepiscopale,
985 1095 1216 1182 prosequente
1243 1091 1334 1162 illud
1362 1096 1463 1164 extra
1485 1092 1607 1165 urbem
1630 1091 1817 1164 Kauimiro
1838 1091 1931 1183 Rege

375 1216 411 1284 ot
436 1210 611 1282 universis
638 1210 920 1301 processionibus
947 1210 1061 1297 urbis,
1091 1231 1111 1281 a
1138 1209 1320 1282 nonnullis
1348 1211 1581 1285 familiaribus
1610 1211 1702 1297 suis,
1731 1211 1863 1304 paucis
1881 1217 1928 1283 11-

375 1351 454 1404 111
481 1330 680 1417 admodum,
710 1329 885 1402 cnesnam
913 1331 1068 1402 delatum
1096 1335 1165 1402 est:
1197 1331 1373 1402 Praelatio
1397 1337 1432 1404 et
1450 1331 1633 1405 canonicis
1661 1331 1930 1406 coeanensibus

375 1449 608 1542 processionis
635 1450 800 1522 honoram
819 1450 876 1522 illi
894 1450 1091 1541 impendere
1110 1449 1398 1543 dedignantibus,
1428 1451 1464 1523 in
1483 1451 1680 1524 cuesnensi
1698 1451 1856 1524 ecclesia
1874 1472 1929 1542 pa·

375 1591 454 1641 rum
482 1569 589 1641 iustis
618 1569 764 1642 funeriis
792 1575 826 1642 et
854 1570 1036 1661 sepultura
1062 1571 1257 1642 humatum.
1286 1569 1360 1645 Nec
1378 1571 1568 1659 immerito,
1587 1571 1763 1664 plurimas
1784 1571 1931 1643 enimet

377 1710 551 1777 enormes,
580 1689 704 1761 vivens
733 1689 899 1763 eeclesiae
927 1689 1098 1763 intulerat
1125 1690 1321 1764 caesnansi
1341 1691 1587 1780 alienationes,
1617 1671 1930 1778 111111111111,

376 1830 480 1900 quam
508 1809 544 1880 11
573 1809 682 1881 111111.
712 1808 1006 1882 administratore
1034 1810 1077 1880 ad
1105 1811 1222 1882 sedem
1251 1817 1432 1884 paeantem
1459 1812 1580 1884 Uriele
1607 1813 1649 1885 dc
1672 1813 1797 1886 corlra
1828 1812 1931 1883 Prae·

376 1929 493 2021 poelto
522 1927 717 2002 Gnesnensi
745 1935 779 2002 et
806 1930 921 2021 Regni
952 1930 1119 2004 Poloniaa
1152 1931 1383 2019 Cancellario,
1419 1932 1545 2020 electo,
1579 1932 1807 2004 comitiorum
1835 1931 1930 2002 insn-

376 2070 438 2141 per
465 2049 537 2138 die,
565 2050 655 2122 festo
683 2049 849 2122 videlicet
877 2049 998 2122 Sancti
1026 2046 1194 2122 iohannis
1223 2051 1487 2143 Evangelistae,
1517 2050 1560 2122 ad
1579 2051 1782 2144 eligendum
1802 2071 1931 2122 novum

377 2168 578 2260 pontificem
604 2169 788 2257 instituto,
823 2168 1047 2257 adveniente,
1081 2170 1231 2243 Iacobus
1258 2171 1301 2243 de
1328 2171 1443 2242 Sanno
1462 2171 1489 2260 ¹)
1522 2170 1707 2262 episcopus
1735 2171 1930 2245 Wladisla

376 2289 510 2362 viensis
538 2288 760 2361 uniformiter
787 2309 807 2360 a
834 2288 1009 2362 Praelatis
1038 2293 1072 2362 11
1100 2289 1281 2362 canonicis
1309 2290 1590 2379 cncsnensibus,
1624 2312 1728 2382 quem
1756 2291 1840 2363 Rex
1869 2289 1931 2362 Po

376 2409 492 2482 leniae
507 2407 538 2499 ²)
572 2409 703 2480 dudum
735 2397 995 2500 designaverat,
1029 2413 1065 2481 ot
1092 2431 1195 2500 quem
1223 2410 1337 2482 Lucas
1366 2411 1408 2482 de
1435 2410 1552 2484 corle
1582 2411 1764 2502 palatinus
1799 2411 1931 2482 Poena

376 2529 526 2618 niensis,
563 2530 738 2601 Iohannes
771 2529 812 2600 do
844 2529 1047 2620 Rithvyani
1080 2530 1194 2621 Regni
1226 2529 1393 2603 Poloniae
1430 2531 1639 2618 marsalcus‚
1679 2531 1863 2622 Sbignens
1893 2531 1934 2602 de

378 2648 608 2722 Oleschnicua
635 2648 749 2740 Regni
775 2648 943 2721 Poloniae
975 2649 1300 2736 vicecancellarius,
1336 2650 1576 2723 Scholasticus
1608 2650 1873 2738 cracoviensis,
1900 2657 1933 2722 11

379 2769 532 2840 Mathias
552 2767 743 2840 Messinski
761 2768 964 2858 capitaneus
984 2769 1127 2840 Maioris
1147 2769 1330 2858 Poloniae,
1350 2770 1489 2842 nominc
1507 2771 1603 2862 regio
1622 2770 1805 2843 cnesnarn
1820 2770 1931 2856 missi,

379 2889 489 2982 deligi
517 2889 744 2980 expetebant,
773 2888 973 2978 postulatus
1002 2893 1067 2960 ost.
1096 2889 1147 2960 aa
1174 2894 1290 2961 tamen
1314 2890 1506 2980 postulatio
1530 2909 1652 2980 parum
1673 2891 1732 2962 111
1751 2891 1848 2962 nihil
1867 2890 1932 2962 sibi

379 3009 532 3080 contulit
558 3009 647 3080 11111
675 3009 732 3078 111
760 3009 937 3079 momenti.
972 3008 1136 3080 Summus
1169 3009 1260 3080 enim
1292 3009 1458 3082 Pontifex
1492 3010 1616 3082 Sixtus
1643 3011 1744 3102 Papa
1771 3017 1931 3101 quartus,

378 3128 493 3200 literis
521 3128 628 3220 regiis
655 3132 815 3219 rogatus,
844 3127 1009 3199 Iacobum
1034 3129 1076 3200 de
1095 3129 1210 3200 Sanno
1226 3126 1269 3217 ³),
1299 3129 1523 3220 anticipando
1550 3129 1797 3202 Praelatorum
1818 3135 1855 3201 et
1872 3130 1931 3202 ca

380 3249 583 3321 nonicorum
617 3248 872 3322 coeanensium
906 3247 1111 3320 electionem
1145 3247 1262 3320 decom
1291 3255 1326 3320 11
1353 3255 1486 3339 septem
1514 3249 1653 3337 diebus,
1685 3251 1744 3322 111
1773 3250 1929 3338 Veneris,

381 3367 899 3455 11111111111111111111111,
920 3368 956 3439 in
977 3367 1214 3441 cnesnensem
1235 3368 1551 3459 archiepiscopum
1576 3369 1771 3461 Sbigneum
1791 3391 1876 3442 vero
1893 3371 1931 3442 da

381 3487 609 3561 Oloschnicna
636 3488 750 3580 Regni
778 3488 945 3560 Poloniae
972 3487 1313 3576 vicecancellarium,
1337 3509 1399 3578 pro
1419 3509 1487 3579 quo
1507 3488 1613 3560 otiam
1632 3490 1711 3562 Rex
1726 3490 1761 3578 ⁴)
1790 3490 1931 3580 scriptis

381 3609 456 3680 suis
483 3608 734 3696 intercedebat,
764 3607 820 3679 die
847 3607 1011 3680 Mercurii
1038 3607 1222 3680 undecima
1249 3607 1467 3696 Decembris,
1497 3609 1534 3680 in
1552 3609 1758 3700 episcopum
1777 3609 1928 3681 Wladis·

380 3728 591 3816 laviensem,
625 3729 855 3819 capitularem
889 3728 1092 3800 electionem
1120 3728 1309 3819 prohibens
1342 3732 1448 3818 utque
1475 3728 1635 3816 irritans,
1672 3729 1928 3819 pronuntiavit,

381 3868 449 3919 non
470 3849 545 3920 sine
563 3846 816 3938 capitularium
841 3846 1097 3920 cnesnensium
1116 3847 1216 3938 gravi
1235 3847 1491 3938 indignatione:
1521 3849 1583 3938 qui
1606 3849 1928 3938 pronuntiationem

380 3967 508 4058 ipsam,
538 3989 559 4039 a
585 3968 711 4040 Iacobo
740 3967 1029 4039 Wladislaviensi
1053 3967 1215 4058 episcopo
1234 3967 1363 4038 111111
1383 3967 1578 4067 fautoribus
1597 3967 1798 4056 obtentam,
1819 3968 1927 4059 prius·

381 4108 485 4178 quam
513 4087 556 4158 ad
574 4087 846 4178 postulationem
866 4087 941 4159 eius
961 4087 1219 4178 procederetur,
1239 4091 1516 4178 praesenserant.
1546 4087 1647 4159 Sedit
1664 4093 1787 4160 autem
1806 4089 1927 4161 Iohan-

381 4227 443 4278 nes
472 4206 698 4278 Gruscninski
726 4205 762 4277 in
791 4207 871 4278 sede
898 4205 1167 4296 metropolitana
1198 4207 1300 4278 annis
1328 4227 1468 4294 novom,
1503 4206 1619 4278 minus
1647 4207 1770 4280 decem
1798 4207 1927 4280 diebus.

383 4326 426 4398 In
456 4326 581 4400 fratres
608 4347 806 4418 germanos,
844 4325 880 4396 in
914 4325 1220 4398 Bartholomaeum
1252 4330 1369 4399 tamen
1406 4326 1638 4398 castellanum
1671 4327 1928 4413 Galissianecm,

382 4445 522 4518 enixius
550 4446 721 4533 lascivus,
752 4445 879 4536 quibus
908 4445 1024 4516 studio
1053 4446 1189 4518 ardenti
1217 4445 1457 4518 ecclesiastica
1489 4450 1524 4518 11
1543 4447 1739 4518 saecularia
1768 4447 1927 4532 dominia,

382 4566 610 4658 magistratus
635 4570 669 4638 et
687 4565 855 4638 beneficia
881 4566 1101 4656 procurabat.
1139 4565 1207 4637 Hic
1239 4566 1275 4636 in
1309 4566 1461 4638 levorem
1486 4565 1728 4638 cracoviensis
1753 4567 1927 4654 ecclesiae,

382 4685 419 4758 in
438 4687 526 4758 villa
549 4685 737 4777 capitulari
757 4687 885 4776 Rugow
905 4685 1086 4757 ecclesiam
1105 4685 1339 4775 parochialem
1359 4686 1424 4757 sub
1443 4685 1550 4758 titulo
1570 4685 1692 4757 Sancti
1712 4685 1888 4758 Stanislai
1902 4685 1928 4772 ⁵)

382 4806 512 4895 erexit,
548 4807 648 4897 eique
681 4806 870 4877 demensa
902 4804 1208 4896 archiepiscopali,
1242 4825 1413 4878 consensu
1445 4805 1701 4897 capitularium
1736 4807 1926 4892 accedente,

382 4927 551 4999 decimam
578 4926 830 5016 manipularem
858 4925 895 4997 in
923 4924 1011 4996 villa
1038 4925 1234 4997 1111111111
1260 4924 1403 5015 Wolpa,
1432 4925 1470 4996 in
1496 4925 1612 4998 dotem
1639 4931 1849 5017 perpetuam
1875 4926 1926 4995 do·

381 5046 493 5120 navit.
531 5046 706 5151 Fratrum
732 5043 906 5116 Minorem
942 5045 985 5116 de
1022 5043 1244 5116 observantia
1282 5043 1319 5116 in
1351 5045 1477 5134 oppido
1510 5044 1646 5117 Lonicu
1684 5045 1927 5119 monasterium

697 5225 798 5239 nnn—dd

491 5323 511 5404 ¹)
535 5323 655 5401 Syenno
677 5321 740 5386 Ed.
767 5319 856 5407 Lipo.
880 5321 905 5404 ²)
928 5319 992 5384 Rex
1014 5319 1155 5385 Poloniac
1178 5318 1339 5386 casimirus
1361 5315 1425 5386 Ed.
1451 5317 1539 5407 Lips.
1565 5315 1592 5402 ³)
1616 5319 1737 5401 Syenno
1759 5317 1822 5384 Ed.
1842 5316 1922 5405 aaa

384 5421 411 5507 ⁴)
434 5425 594 5488 Oasimirus
617 5429 680 5489 Rex
703 5425 765 5489 Ed.
790 5425 881 5510 La'ps.
907 5426 932 5508 ⁵)
957 5429 1057 5488 Sancti
1079 5429 1219 5489 Stanislui
1241 5429 1380 5504 Martyris
1403 5425 1464 5487 Ed.
1488 5424 1580 5508 La’pa.
