4052 6286
415 525 490 597 512
924 543 1037 600 nrm
1062 543 1307 598 anennonrus
1333 525 1447 616 (xm).
1678 519 1746 623 (Α.
1765 521 1928 629 naor.)

414 733 485 818 set,
517 727 755 820 allegantibus
786 727 1047 816 Gdanensibns,
1080 748 1118 800 se
1149 747 1228 802 uere
1260 727 1375 801 alieno
1402 727 1440 800 in
1465 725 1692 821 noningentis
1718 729 1868 805 millibus
1888 740 1928 810 te

413 847 507 937 neri,
536 847 655 921 Orissa
676 847 714 921 in
739 867 847 920 anuos
872 851 949 920 ooto
972 865 1033 939 per
1050 847 1233 920 uniuersas
1265 852 1377 922 terras
1404 853 1439 922 et
1465 848 1628 922 ciuitates
1655 848 1799 922 ditionis
1822 853 1929 944 regiae

416 967 461 1039 ad
480 967 685 1041 soluendum
712 966 830 1040 debita
848 966 956 1059 Regis
975 967 1003 1056 ¹)
1030 969 1066 1040 et
1092 965 1297 1056 unitatum,
1316 985 1489 1041 eonsensn
1507 968 1682 1042 oomrnnni
1700 969 1860 1044 instituta
1874 981 1929 1062 ost,

414 1108 456 1160 eo
482 1085 698 1176 uenditions,
734 1091 775 1158 nt
801 1105 863 1177 per
894 1105 1003 1159 annos
1034 1090 1185 1180 quatuor
1211 1085 1343 1177 primos
1375 1085 1499 1176 Rev)
1527 1087 1627 1160 illins
1654 1093 1726 1162 tres
1752 1094 1863 1181 partes
1884 1093 1930 1165 ta

413 1207 509 1295 beat,
539 1209 698 1298 quartam
726 1204 932 1278 eivitatibne
959 1205 1073 1278 tubus
1099 1204 1373 1297 prinoipalibus,
1402 1204 1563 1296 ddansk,
1593 1208 1733 1281 Thornn
1760 1213 1796 1282 et
1816 1209 1932 1304 Elting,

419 1325 615 1418 relinquat;
642 1325 681 1398 in
705 1323 860 1397 residuis
886 1345 968 1398 vero
992 1329 1141 1417 quatuor
1163 1325 1265 1396 annis
1293 1330 1363 1398 tres
1391 1325 1602 1417 prinoipales
1624 1325 1788 1400 divitates
1804 1329 1933 1419 praedio

416 1450 474 1518 tae
507 1465 641 1518 omnem
676 1443 877 1534 paeoniam,
911 1443 948 1516 in
981 1463 1099 1516 eornm
1132 1443 1337 1517 civitatibus
1370 1463 1413 1517 ox
1441 1443 1561 1518 Orissa
1591 1446 1864 1538 provenientem,
1886 1469 1935 1540 pro

418 1584 456 1636 se
482 1564 627 1636 tollant:
657 1561 811 1635 omnium
831 1563 979 1636 aliarum
998 1563 1184 1636 civitatum
1203 1567 1238 1636 et
1256 1563 1462 1655 oppidorum
1480 1563 1619 1639 (triesas
1636 1565 1786 1658 peonnia
1803 1565 1838 1639 in
1854 1587 1936 1640 usam

418 1683 553 1775 regium
580 1683 734 1756 dedente.
764 1681 931 1754 Reddidit
958 1688 993 1756 et
1019 1686 1104 1754 tuno
1122 1681 1249 1755 divitas
1268 1681 1463 1756 Gdanensis
1483 1683 1572 1777 Regi
1591 1684 1773 1759 Karimiro
1799 1689 1866 1759 tres
1883 1685 1937 1759 dia·

416 1801 558 1891 triotas,
586 1800 746 1891 Gdansk,
774 1802 906 1874 Pnoati
934 1797 978 1875 et
995 1803 1151 1875 iseros:
1180 1801 1329 1875 liberum
1356 1795 1487 1876 boiens
1514 1803 1644 1896 Regem
1671 1805 1716 1878 de
1732 1805 1939 1891 summinio

417 1919 545 2013 quibus
572 1917 663 1992 illos
681 1921 811 1994 ieoerat
838 1915 1082 1995 dianensibrs
1108 1921 1296 2010 obnoxios,
1326 1941 1363 1996 oo
1390 1941 1528 2014 quoqne
1555 1923 1756 1996 absolutam
1782 1923 1827 1996 iri
1850 1923 1937 2014 impe

417 2045 515 2113 trans
543 2039 585 2113 de
613 2039 760 2133 triginta
786 2041 995 2114 florenorum
1021 2041 1198 2129 millibus,
1228 2041 1271 2114 ad
1298 2059 1388 2132 qnae
1410 2062 1600 2134 perennes
1619 2042 1836 2136 quindecim,
1860 2061 1940 2135 gnor-

418 2156 504 2248 η’)
532 2158 695 2248 durante,
729 2159 879 2253 singulis
911 2160 1013 2232 annis
1048 2159 1117 2231 dno
1148 2159 1329 2234 retinendo
1360 2159 1491 2251 millia,
1525 2162 1694 2235 solvenda
1728 2161 1940 2254 obligabatur.

418 2277 521 2350 Ponit
547 2282 582 2352 et
604 2283 764 2351 mutuum
791 2277 882 2370 Regi
896 2279 929 2367 ⁴)
956 2280 998 2351 de
1025 2278 1180 2371 quinque
1206 2278 1384 2369 millibus,
1412 2281 1450 2353 in
1471 2281 1652 2353 solutione
1669 2280 1811 2354 criseas
1827 2279 1941 2353 illare-

416 2397 585 2489 petitnra:
614 2397 714 2470 onius
740 2419 876 2472 samma
902 2419 964 2490 pro
991 2403 1089 2490 parto
1116 2398 1211 2490 rugia
1237 2399 1281 2472 ad
1308 2399 1506 2491 quindeoim
1533 2399 1742 2473 florenorum
1769 2400 1878 2472 millia
1899 2419 1939 2470 aa·

419 2536 569 2595 renem
595 2515 811 2590 credebatur.

421 2867 573 2940 hetin
595 2867 744 2940 tutatae
766 2867 865 2956 toda
885 2884 963 2940 arra
984 2883 1041 2958 pro
1063 2866 1232 2940 adventia
1252 2867 1410 2940 nordbur
1432 2867 1649 2940 domanam
1670 2885 1729 2958 per
1751 2869 1895 2958 urtone
1908 2883 1944 2941 aa
1996 2953 1997 2968 Ν

423 2987 570 3077 asparis,
593 2989 628 3059 et
649 2987 793 3060 ebutium
815 3003 873 3076 pro
893 2986 1128 3076 eremperto
1150 2985 1233 3058 talto
1254 2985 1342 3058 tator
1362 2987 1573 3060 lautiorem
1594 2987 1946 3077 murman-a
1995 2991 1997 3084 t

420 3107 536 3179 breem
558 3107 761 3197 trabomen
784 3108 909 3180 raom
931 3105 1070 3196 littera
1090 3106 1241 3196 oppidu
1255 3105 1436 3178 unnim
1449 3105 1520 3178 lter
1534 3107 1706 3182 enodem
1720 3107 1880 3181 murno
1897 3107 1946 3180 bro
1995 3137 1997 3178 o

420 3227 572 3299 matra
590 3229 758 3318 appareat.
783 3225 962 3299 habim
984 3225 1053 3300 tter
1076 3226 1243 3300 bonitum
1265 3225 1493 3298 medorum
1515 3226 1556 3298 to
1578 3226 1947 3318 adoptandorum

1008 3375 1010 3378 ·
1050 3345 1161 3436 narro
1183 3345 1336 3436 munit

526 3591 700 3664 Fervebat
727 3595 763 3663 st
789 3596 873 3664 tune
900 3591 992 3665 inter
1019 3591 1231 3664 cristianum
1245 3589 1277 3678 ⁸)
1305 3589 1450 3680 Duriae,
1471 3595 1506 3664 et
1523 3590 1684 3664 carolum
1705 3592 1872 3680 Suebiae,
1896 3592 1946 3664 ne

420 3731 483 3804 gos
506 3731 613 3804 grave
640 3709 788 3782 bollum:
817 3711 1024 3803 mntagione
1050 3731 1115 3782 sna
1141 3709 1247 3784 etiam
1275 3708 1453 3783 Gdanensi
1479 3710 1617 3783 diritati
1639 3711 1761 3804 regiae
1781 3711 1945 3784 inoomno

422 3830 504 3902 dum
531 3828 690 3902 afferens.
718 3827 915 3902 cristianus
943 3830 1035 3902 eninr
1062 3829 1189 3903 Daoiae
1206 3829 1304 3916 Rex,
1332 3829 1473 3920 propria
1490 3829 1535 3900 ed
1553 3829 1780 3922 largiendum
1800 3829 1948 3903 militetur

421 3971 491 4022 non
517 3947 666 4036 ludens,
695 3947 923 4040 Anglieornm
949 3949 1091 4042 norigb
1116 3969 1194 4021 oum
1221 3946 1394 4021 meroibus
1425 3948 1469 4020 ad
1494 3947 1645 4021 duoeuta
1671 3949 1794 4022 millia
1825 3950 1945 4022 floreno

422 4090 500 4141 rum
527 4065 738 4155 aestimatis,
766 4067 804 4140 in
832 4067 974 4140 odmen
1000 4067 1196 4155 tendentia,
1223 4067 1358 4158 rapuit,
1391 4067 1534 4159 illisque
1560 4067 1772 4140 domorum
1800 4067 1949 4140 militibus

423 4187 611 4280 persolvit3
639 4186 782 4280 Anglioi
807 4207 906 4276 uero,
934 4207 1013 4261 oum
1039 4187 1077 4260 in
1104 4187 1231 4260 Daoiae
1249 4187 1380 4279 Regem
1399 4185 1532 4260 saevire
1550 4207 1620 4259 non
1637 4191 1808 4277 possent,
1828 4187 1865 4260 in
1880 4184 1948 4261 ea

324 4355 327 4361 -
422 4325 549 4382 nenses
576 4307 760 4380 saeuitiam
787 4311 945 4395 vertunt,
974 4311 1009 4380 et
1035 4327 1154 4380 omnen
1181 4325 1312 4380 meroes
1340 4327 1458 4380 eorum
1484 4306 1577 4397 apnd
1604 4325 1643 4378 se
1659 4305 1896 4380 eonsisteatos
1910 4324 1949 4376 oo·

426 4433 556 4520 oupant
587 4433 623 4500 et
654 4430 826 4500 mesmnt:
868 4427 912 4499 ad
944 4447 1030 4519 quas
1063 4426 1247 4500 solvendus
1279 4425 1452 4498 Karimiri
1482 4423 1649 4498 Potoniae
1680 4425 1799 4518 Regis
1831 4423 1951 4498 sudabat

424 4547 524 4620 labor
549 4551 586 4620 at
611 4546 774 4620 intentio.
803 4546 983 4639 Agebatur
1009 4549 1044 4618 et
1070 4545 1163 4618 inter
1189 4543 1406 4618 Friderieum
1428 4544 1662 4618 iterationem
1681 4546 1950 4638 Brundebnrgan·

427 4688 499 4741 sem
526 4671 563 4738 et
588 4665 781 4739 Henrioum
809 4665 1030 4764 Stolpamsem
1047 4666 1177 4738 Dueem
1195 4663 1348 4758 rigidum
1375 4685 1580 4757 guerrarum
1594 4664 1626 4754 Β)
1653 4663 1865 4754 dissidium,
1891 4683 1950 4752 sup

424 4785 648 4880 plieatatque
675 4784 849 4859 Henrieus
876 4783 1074 4876 Stolpensis
1101 4785 1183 4857 Dux
1209 4784 1389 4857 haimino
1416 4783 1584 4858 Potoniae
1609 4783 1702 4876 negt
1730 4785 1887 4876 primum
1908 4801 1950 4874 pn

426 4905 586 4994 nuntios,
609 4904 739 4979 deinde
762 4924 825 4995 per
850 4907 1044 5016 epnaorteur
1072 4925 1169 4976 snam
1197 4903 1379 4994 Sophium,
1409 4923 1521 4994 nsque
1544 4903 1581 4976 in
1600 4902 1749 4977 Gdansir
1769 4903 1951 4988 mimosnt

534 5177 559 5256 ¹)
579 5179 672 5255 regn
694 5177 829 5240 eumue
851 5173 914 5238 nd
937 5127 1030 5260 ops
1055 5175 1081 5255 ²)
1102 5175 1265 5238 onmem
1284 5174 1350 5236 aa
1365 5171 1427 5234 nr.
1443 5169 1533 5256 nepe.
1550 5171 1577 5252 ⁸)
1592 5175 1670 5236 aero
1686 5171 1756 5237 na.
1773 5173 1868 5258 nepe.
1882 5173 1951 5252 oo·-

426 5282 527 5342 atmiro
548 5281 624 5356 negt
646 5277 710 5342 Ed.
734 5275 824 5360 Lipo.
849 5277 877 5357 ³)
901 5278 1059 5340 Ortmann
1083 5275 1145 5340 Ed.
1164 5274 1255 5360 Lipr.
1279 5274 1306 5356 ⁰)
1328 5277 1471 5338 bdloram
1492 5273 1555 5340 Ed
1579 5273 1670 5358 Lapa.
