4040 6290
359 484 432 557 568
865 503 977 559 amna
1003 505 1248 559 nuonncrmus
1275 489 1389 578 (11111).
1626 479 1915 586 (Α.ῠ.1472.)

354 689 416 762 tit:
445 689 510 762 sub
538 689 652 762 tribus
680 690 782 763 annis
810 690 1009 764 immediate
1037 711 1074 764 se
1102 691 1329 783 sequentibus
1366 692 1510 766 effectus
1542 714 1625 765 suos
1656 690 1914 784 producturus.

351 810 556 903 Prodigium
587 811 718 882 malum
750 811 922 903 Regibus,
955 811 1179 904 Principibus
1216 816 1250 884 et
1282 812 1363 884 aliis
1395 813 1597 885 illustribus
1634 819 1671 886 et
1703 809 1912 903 magnificis

356 931 531 1023 personis,
560 930 706 1004 caeteris
733 952 816 1004 vero
843 931 1050 1004 mortalibus
1079 931 1255 1004 inferioris
1276 932 1502 1021 conditionis,
1531 933 1756 1019 anxietates,
1788 935 1916 1016 meins,

354 1050 620 1140 commotiones,
649 1051 883 1140 turbationes,
913 1052 1069 1138 fraudes,
1099 1052 1337 1144 deceptiones,
1361 1053 1638 1144 combustiones,
1658 1049 1918 1146 populationes

355 1175 390 1244 et
417 1169 693 1258 devastationes,
722 1175 965 1262 tempestates,
993 1171 1197 1264 grandines,
1225 1172 1397 1261 tonitrua,
1427 1173 1567 1265 fulgura
1585 1178 1621 1246 et
1638 1179 1760 1246 terrae
1780 1173 1916 1243 motum

354 1292 391 1363 in
419 1291 597 1383 aliquibus
624 1291 800 1383 partibus,
830 1291 1066 1384 aegritudines
1094 1293 1233 1384 longas,
1262 1293 1459 1380 chronicas,
1490 1293 1599 1367 siccas
1623 1298 1658 1366 et
1677 1297 1831 1380 acutae,
1862 1310 1917 1362 vo-

355 1411 463 1484 mitus
492 1413 613 1500 fortes,
643 1411 822 1499 frenesim,
852 1411 1037 1503 epidimiae
1065 1417 1214 1503 pestem,
1243 1413 1379 1485 dolores
1400 1418 1435 1486 et
1453 1417 1619 1486 tremores
1647 1413 1828 1500 febrium,
1860 1410 1916 1482 ab·

357 1549 475 1604 orsum
502 1533 688 1604 mulierum
716 1531 1225 1624 praegnantiumsignificans.
1255 1533 1371 1606 Motus
1399 1533 1475 1606 eins
1503 1534 1571 1606 fuit
1598 1535 1702 1607 valde
1731 1529 1917 1606 inordina-

356 1657 415 1725 tus
435 1658 469 1724 et
488 1651 675 1740 mirabilis,
704 1652 880 1724 interdum
901 1673 921 1723 a
939 1652 1083 1724 Meridie
1111 1674 1233 1725 versus
1258 1653 1563 1745 Septentrionem,
1584 1654 1766 1727 interdum
1786 1675 1810 1724 a
1833 1651 1917 1742 Sep·

357 1773 544 1845 tentrione
571 1773 608 1844 in
637 1771 856 1844 Occidentem
881 1776 916 1844 et
935 1772 1114 1844 Meridiem
1142 1774 1383 1865 progrediens,
1412 1775 1521 1846 cauda
1539 1775 1645 1846 etiam
1664 1797 1730 1846 sua
1751 1774 1918 1846 diversas

358 1893 480 1965 mundi
506 1892 698 1984 respiciens
725 1897 854 1982 partes.
884 1892 978 1982 Quae
997 1891 1140 1964 effectus
1159 1914 1241 1964 snos
1261 1893 1389 1965 sensim
1409 1893 1617 1985 producens,
1648 1899 1683 1965 et
1707 1895 1916 1978 immature,

359 2012 511 2105 primum
538 2013 574 2084 in
602 2012 757 2084 Moravia
784 2017 819 2083 et
846 2013 1044 2104 Hungaria,
1083 2013 1206 2085 deinde
1238 2013 1274 2085 in
1307 2012 1527 2086 cracoviensi
1558 2015 1643 2087 urbe
1675 2021 1713 2086 et
1741 2015 1837 2086 locis
1867 2021 1916 2083 at-

362 2154 429 2225 que
457 2133 594 2225 oppidis
623 2131 897 2220 circumvicinis,
927 2131 1112 2223 epidimiae
1140 2133 1297 2204 morbum
1325 2133 1481 2205 diffudit:
1511 2153 1595 2224 quo,
1625 2134 1687 2226 qni
1705 2133 1917 2206 inficieban-

361 2257 420 2325 tur
438 2253 477 2344 ¹)‚
505 2253 604 2324 nullo
632 2253 789 2325 antidoto
808 2252 1008 2324 medicinali
1028 2251 1255 2343 suffragante,
1281 2253 1504 2344 paucissimis
1524 2255 1698 2346 exceptis,
1728 2255 1916 2327 cadebant.

362 2373 499 2465 Serpsit
536 2378 571 2446 et
602 2377 729 2465 expost
765 2373 802 2444 in
834 2369 1054 2461 Bohemiam,
1092 2372 1293 2462 Austriam,
1333 2373 1567 2464 Corinthiam,
1603 2375 1842 2466 Stiriamqne,
1885 2377 1919 2446 et

360 2493 508 2565 multam
535 2493 770 2585 Pragensibus
798 2513 837 2565 ac
864 2493 1122 2566 Viennensibus
1148 2492 1303 2582 civibus,
1333 2494 1590 2587 Bobemiaeque
1617 2495 1740 2587 Regno
1777 2499 1815 2566 et
1843 2493 1917 2565 Au-

363 2615 470 2688 striae
497 2613 650 2686 Ducatui
677 2613 819 2686 induxit
847 2613 1044 2686 orbitatem.

686 2969 765 3041 lilia
786 2968 950 3040 Elisabeth
972 2967 1133 3040 kazimiro
1154 2967 1233 3058 argi
1255 2968 1406 3041 Poloniac
1427 2969 1585 3041 nascitur.

469 3217 534 3291 Die
562 3218 654 3291 Solis
682 3217 870 3291 tredecima
891 3216 1021 3290 mensis
1040 3215 1125 3289 Maii
1144 3217 1181 3290 in
1199 3215 1358 3306 meridie,
1388 3215 1481 3308 apud
1507 3214 1771 3288 cracoviensem
1801 3236 1917 3288 arcem

366 3338 549 3412 Elisabeth
580 3338 746 3412 Poloniac
778 3337 914 3431 Regina
946 3337 1105 3429 quintam
1136 3337 1263 3426 filiam,
1297 3336 1466 3410 decimam
1498 3357 1579 3410 vero
1610 3337 1746 3428 prolem
1779 3335 1916 3408 effudit.

366 3459 461 3551 Quae
488 3479 508 3531 a
534 3459 690 3533 Iohanne
717 3456 961 3532 Rneschoushi
988 3457 1209 3531 cracoviensi
1236 3457 1397 3550 episcopo
1425 3456 1618 3549 baptisata,
1647 3455 1839 3529 Elisabeth
1857 3477 1917 3528 no·

366 3599 446 3653 men
473 3579 618 3671 accepit.

653 3933 776 4024 lrcnga
796 3934 886 4005 inter
906 3933 1086 4023 Hungariae
1109 3936 1144 4005 et
1166 3932 1315 4004 roloniae
1337 3933 1443 4022 hegen
1465 3931 1627 4042 conclusa.

472 4181 671 4254 stanislaus
700 4181 917 4274 Wantropha
935 4181 966 4272 ²)
998 4182 1211 4255 castellanus
1244 4180 1491 4268 Sandeceneis,
1525 4178 1665 4252 nomine
1696 4178 1918 4251 consiliario·

230 4367 239 4383 .
369 4325 448 4375 rum
474 4303 589 4395 Regni
615 4301 797 4391 Poloniae,
830 4325 892 4394 pro
921 4303 1136 4394 quietatione
1166 4301 1254 4374 belli
1284 4302 1377 4374 inter
1409 4302 1530 4393 Regna
1556 4299 1724 4372 Poloniae
1753 4303 1792 4372 et
1819 4301 1917 4370 Hun-

370 4422 487 4517 gariae
515 4423 644 4511 exorti,
673 4423 716 4494 ad
744 4423 962 4496 consiliarios
991 4423 1105 4515 Regni
1129 4422 1331 4514 Hungariae
1362 4421 1575 4510 destinatus,
1604 4421 1762 4512 quinque
1789 4419 1917 4492 hebdo-

371 4543 483 4616 madis
509 4565 572 4635 per
598 4543 767 4615 Mathiam
794 4543 996 4637 Hungariae
1024 4544 1170 4636 Regem,
1202 4542 1263 4634 qni
1281 4542 1323 4615 de
1342 4563 1404 4614 sno
1432 4541 1583 4614 adventu
1610 4540 1782 4632 privatim
1801 4543 1838 4612 et
1856 4559 1917 4630 pu-

371 4664 463 4737 blice
495 4663 727 4757 gloriabatur,
762 4669 798 4736 et
824 4663 1042 4737 consiliarios
1075 4663 1188 4755 Regni
1219 4661 1422 4754 Hungariae
1449 4661 1542 4752 apud
1569 4660 1721 4748 Budam,
1756 4659 1917 4751 quamvis

370 4784 596 4874 reniteretur,
626 4783 694 4856 fuit
720 4787 889 4856 retentus,
918 4783 1088 4856 conclusa
1115 4787 1231 4855 autem
1258 4781 1377 4854 annali
1395 4786 1519 4873 treuga
1534 4779 1577 4870 ³),
1605 4801 1684 4852 cum
1701 4800 1775 4852 uno
1796 4800 1840 4852 ex
1860 4780 1916 4852 ha-

370 4904 515 4978 ronibus
543 4903 760 4998 Hungariae,
789 4903 962 4995 Nimphor
988 4903 1143 4991 nomine,
1173 4901 1406 4992 sciscitatum,
1441 4923 1486 4973 an
1513 4899 1714 4972 Kanimirus
1743 4901 1826 4972 Rex
1853 4901 1915 4972 Po-

375 5025 490 5099 loniac
519 5029 554 5100 et
581 5025 776 5099 consiliarii
804 5025 860 5098 sui
886 5027 1045 5118 treugam
1060 5023 1091 5113 ⁴)
1119 5021 1232 5116 ipsam
1259 5023 1441 5096 observare
1472 5022 1619 5112 vellent,
1648 5020 1774 5111 misso,
1803 5041 1915 5093 rever-

482 5301 504 5385 ¹)
526 5303 730 5365 afficiebantur
751 5295 814 5366 Ed.
839 5299 930 5385 Dipo.
962 5299 987 5382 ²)
1016 5299 1170 5380 Vatroblra
1198 5295 1261 5361 Ec.
1292 5294 1383 5381 Lips.
1416 5295 1440 5380 ³)
1466 5315 1541 5376 paee
1563 5295 1627 5360 Ec.
1651 5293 1741 5381 Lips.
1765 5294 1794 5377 ⁴)
1816 5313 1915 5374 pacem

374 5403 438 5470 Ec.
460 5403 550 5492 laps.
