4126 6280
119 493 177 604 (Αι
193 497 241 576 i).
260 487 389 601 abab.)
479 491 483 502 ’
623 507 737 576 erosa
763 510 1007 576 nubunblmbs
1035 503 1149 595 (xrrr).
1582 501 1656 575 263

116 824 248 914 hungari
278 824 432 896 16166616
462 824 611 896 ladislao
640 823 741 914 hege,
771 813 937 911 1611166,
967 818 1121 896 lobannis
1144 824 1185 895 16
1207 823 1335 896 1166161
1356 823 1472 910 11166,
1503 822 1659 895 decimum

115 946 243 1018 tertium
265 963 384 1016 annam
407 945 531 1016 astatis
554 961 634 1016 rnac
657 947 826 1034 agentem,
855 945 890 1016 ia
919 945 1118 1035 captivitate
1148 946 1363 1031 tristantem,
1393 944 1428 1015 ln
1457 943 1576 1034 hegen
1597 945 1659 1016 sibl

817 1065 954 1154 eligunt.

212 1311 278 1386 llic
305 1312 486 1385 1166616166
516 1310 637 1384 Sancti
665 1309 859 1400 vincentii,
889 1312 1092 1404 Huugariae
1112 1310 1139 1400 ι)
1168 1305 1338 1401 Praelati,
1366 1311 1515 1386 barones
1545 1317 1579 1385 st
1598 1335 1658 1385 nc·

115 1437 215 1524 biles,
245 1434 418 1506 celebrato
445 1433 539 1525 apud
568 1431 702 1504 Rodum
723 1453 784 1524 pro
803 1431 963 1524 eligendo
984 1431 1079 1525 Rege
1107 1437 1297 1520 conhentu,
1318 1433 1360 1504 ad
1381 1454 1482 1524 quem
1503 1434 1660 1506 exomni

114 1557 230 1628 ordine
259 1559 422 1647 frequens
449 1575 615 1625 uumerus
644 1554 890 1644 Huugarorum
919 1559 1144 1642 convenerat,
1174 1551 1342 1625 blachiam
1367 1554 1478 1626 lilium
1500 1555 1582 1626 olim
1602 1555 1658 1626 Io·

114 1677 237 1750 hannis
264 1677 306 1747 de
334 1674 477 1747 Huniad
504 1674 747 1766 gubernatoris
775 1674 994 1766 Huugariae,
1023 1675 1060 1746 in
1088 1673 1275 1746 tredecimo
1304 1674 1431 1746 aetatis
1460 1695 1550 1746 anuo
1578 1696 1658 1746 con·

113 1799 292 1883 stitutum,
328 1796 480 1866 nondum
513 1815 557 1866 ex
586 1794 809 1885 captivitate,
843 1813 912 1884 qua
939 1793 1045 1885 per²l
1073 1794 1261 1885 Georgium
1300 1795 1341 1866 de
1373 1794 1660 1884 Ρ66616616613)

112 1919 377 2010 gubernatorem
398 1915 602 2002 Bohemiae,
631 1914 869 2002 detinebatur,
890 1915 1063 2002 solutum,
1084 1916 1183 1986 nullo
1202 1910 1440 2006 discrepante,
1459 1915 1494 1987 16
1516 1915 1659 2008 Regem,

113 2045 146 2112 et
172 2039 379 2110 Michaelem
408 2036 635 2125 Sauladinl),
669 2037 882 2108 avunculum
917 2058 1018 2107 suum
1051 2051 1271 2127 germanum,
1307 2036 1367 2126 qui
1399 2057 1477 2107 cum
1506 2036 1660 2128 quinque

113 2161 271 2232 millibus
303 2157 460 2250 gentium
498 2155 674 2248 stipendio
706 2157 973 2244 conductarum,
1007 2175 1154 2248 quarum
1186 2155 1296 2228 maier
1331 2177 1411 2248 pars
1444 2177 1486 2229 ex
1516 2157 1660 2228 Polonis

113 2285 201 2367 erat,
223 2281 427 2365 advenerat,
456 2283 589 2366 metus,
612 2277 721 2370 siqui
741 2299 802 2368 pro
822 2277 985 2365 alterius,
1014 2297 1117 2368 quam
1146 2277 1284 2368 nepotis
1304 2277 1359 2348 sui
1379 2275 1548 2364 Mathiae,
1570 2277 1659 2350 elec-

112 2402 205 2473 tione
235 2406 498 2490 consurgerent,
532 2399 638 2475 aruris
671 2417 919 2491 oppressurus,
953 2398 990 2469 in
1016 2399 1284 2489 gubernatorem
1317 2397 1431 2490 Regni
1459 2397 1661 2490 Huugariae

111 2523 261 2615 eligunt.
291 2521 336 2591 Et
364 2539 431 2611 quc
460 2519 608 2592 solidius
636 2519 759 2593 electio
778 2519 980 2592 huiusmodi
998 2519 1215 2610 procederet,
1245 2535 1307 2610 pro
1331 2517 1538 2591 liberatione
1558 2518 1662 2591 electi

112 2642 218 2735 Regis
248 2645 484 2733 congeruntur
512 2639 768 2733 quinquaginta
795 2650 976 2713 aureorum
1006 2640 1135 2728 millia,
1168 2643 1203 2712 et
1231 2645 1383 2712 castrum
1412 2639 1573 2712 Budense
1600 2659 1662 2730 per

111 2762 315 2835 ladislaum
353 2761 394 2834 de
432 2759 523 2832 Gara
558 2761 755 2852 palatinum
792 2749 1012 2852 Huugariae,
1046 2765 1200 2832 castrum
1233 2779 1314 2832 vcro
1346 2759 1572 2852 Wischegrcd
1600 2779 1663 2851 per

111 2884 299 2957 Nicolaum
331 2881 529 2953 Fristacnlrl
550 2881 580 2970 5)
613 2881 809 2972 palatinum
842 2881 1133 2973 Transplrauiae,
1167 2881 1204 2953 iu
1236 2886 1445 2971 potestatem
1478 2879 1661 2953 Michaelis

112 3005 281 3077 Sauladiu
308 3003 523 3094 resignatum
552 3002 595 3073 ad
623 3001 753 3074 fluenta
773 3023 910 3093 quoque
929 3002 1083 3073 Danubii
1107 2999 1258 3092 patibuli
1278 3008 1404 3089 terror,
1435 3001 1598 3090 166661)
1626 3007 1661 3074 61

111 3126 242 3198 asciam
270 3123 469 3210 continens,
499 3127 649 3209 erectus,
680 3121 827 3213 eosqui
854 3121 1007 3195 Mathiae
1035 3122 1070 3194 iu
1100 3123 1245 3214 Regem,
1275 3127 1309 3194 et
1329 3121 1510 3194 Michaelis
1539 3122 1661 3194 Saula-

111 3247 170 3318 din
190 3247 225 3318 iu
248 3246 531 3338 gubernatorem,
561 3242 724 3315 electioni
752 3243 1049 3331 contravenirent,
1079 3243 1280 3334 puniturus
1314 3242 1515 3316 Fridericus
1535 3243 1661 3316 Roma·

110 3389 236 3439 uorum
265 3367 459 3456 Imperator
486 3371 522 3435 et
549 3363 715 3436 Austriae
742 3364 840 3450 Dua,
870 3370 931 3434 aut
958 3363 1168 3453 discordem,
1197 3369 1258 3435 661
1282 3362 1436 3454 ineptam
1456 3363 1661 3436 electionem

111 3488 266 3574 veritus,
294 3484 503 3577 persuadere
531 3485 710 3576 Huugaris
740 3488 774 3556 ct
801 3483 916 3557 literis
944 3493 978 3557 et
1006 3485 1142 3557 namtlis
1170 3490 1315 3557 conatus
1335 3491 1404 3558 est:
1434 3489 1606 3576 quatenus
1625 3484 1661 3556 in

111 3608 275 3701 eligendo
303 3608 420 3678 futuro
449 3606 560 3697 Rege,
589 3624 724 3677 emnem
753 3605 790 3676 in
818 3605 1037 3678 Karimirum
1066 3605 1232 3679 Polouiac
1259 3605 1408 3697 Regem,
1441 3605 1498 3676 cui
1520 3610 1663 3696 prepter

109 3749 257 3802 uxerem
290 3725 404 3818 Regni
436 3726 637 3818 Huugariae
670 3725 815 3798 debetur
847 3726 1037 3813 successio,
1071 3734 1268 3818 respectum
1301 3730 1492 3814 verterent,
1526 3746 1661 3798 omuem

110 3851 218 3923 aliam
248 3847 470 3935 electionem,
500 3846 605 3918 etiam
635 3846 666 3918 61
693 3847 791 3919 illam
821 3848 862 3920 de
891 3869 943 3936 sc,
972 3854 1033 3919 aut
1062 3849 1168 3920 fratre
1200 3867 1262 3919 suo
1291 3847 1437 3918 Alberto
1465 3847 1660 3919 1166616-

110 3971 238 4059 striae,
266 3975 302 4041 ct
330 3987 537 4060 quecunque
565 3967 634 4039 alie
663 3967 843 4060 Principe,
872 3968 1041 4041 celebrari
1068 3968 1302 4061 contingeret,
1336 3967 1379 4040 ad
1407 3967 1563 4056 irritum,
1592 3987 1661 4038 uon

110 4093 186 4164 siue
221 4088 394 4182 profluvio
427 4087 610 4180 sanguinis
642 4088 843 4177 christiani,
878 4095 912 4161 et
943 4087 1058 4182 Regni
1091 4089 1199 4160 totius
1232 4087 1434 4181 Huugariae
1466 4087 1660 4175 collisione,

109 4213 317 4286 recisuram.
357 4207 517 4300 Huugari
550 4214 667 4280 tamen
699 4209 790 4280 nihil
822 4229 960 4297 eorum,
999 4209 1041 4282 de
1074 4209 1202 4301 quibus
1235 4209 1463 4282 saluberrime
1500 4208 1661 4281 admone·

107 4336 256 4420 bantur,
286 4329 386 4422 pensi
412 4329 596 4417 habentcS,
626 4351 695 4401 non
724 4331 837 4402 solum
865 4330 1050 4416 iniustam,
1080 4330 1140 4402 ssd
1168 4329 1273 4403 etiam
1301 4329 1465 4402 infamem
1485 4328 1553 4402 sibi
1572 4329 1661 4402 elec·

108 4456 244 4528 tionem
272 4452 438 4524 conficere
464 4471 533 4522 nou
562 4457 645 4522 sunt
672 4451 793 4539 veriti,
823 4455 862 4522 ut
890 4450 978 4522 satis
1006 4451 1202 4522 mirandum
1231 4451 1294 4539 sit,
1326 4451 1512 4542 Huugaros
1540 4469 1579 4521 ec
1603 4449 1661 4522 de·

108 4575 266 4648 montiae
293 4588 510 4664 progressos,
539 4572 713 4644 homiuem
742 4573 908 4644 obscurae
936 4571 1075 4663 stirpis,
1104 4572 1203 4644 nulla
1230 4571 1343 4643 adhuc
1370 4569 1557 4662 probitatis
1576 4569 1660 4641 dau·

108 4703 181 4769 tem
212 4694 331 4786 signa,
360 4697 395 4764 61
422 4690 617 4782 captivum,
648 4713 871 4784 servumque,
901 4691 1055 4764 noudum
1075 4691 1281 4765 liberatione
1300 4691 1375 4763 eius
1395 4691 1573 4778 ordinata,
1602 4709 1661 4762 cu·

109 4818 167 4890 ius
196 4833 403 4908 germanum
431 4812 651 4901 ladislaum,
686 4813 747 4885 via
780 4833 849 4884 666
882 4833 971 4884 6666
1000 4818 1138 4900 exacto,
1168 4812 1382 4904 parentando
1412 4811 1524 4884 Ulrici
1553 4809 1663 4884 Oiliae

109 4936 261 5010 domitis
289 4933 468 5027 sanguini,
497 4933 535 5005 in
562 4933 663 5006 66166
691 4955 808 5006 66666
838 4953 875 5007 66
902 4933 1137 5025 conspirasse,
1158 4953 1219 5025 per
1237 4931 1438 5005 huiusmodi
1458 4929 1663 5005 electionem

222 5227 247 5307 ¹)
273 5227 372 5304 chrrl
400 5229 573 5303 Huugariae
603 5225 666 5288 Ed.
698 5225 788 5310 [ripe.
820 5227 845 5308 2)
875 5227 954 5305 aplrd
984 5223 1046 5292 lod.
1072 5223 1164 5312 urps.
1192 5223 1218 5310 ³)
1241 5229 1463 5306 Posdzyebrath
1486 5225 1549 5292 Ed.
1573 5224 1665 5314 Lips.

109 5333 136 5408 ⁴)
160 5331 337 5394 Schulodini
362 5327 437 5392 Coo.
461 5329 570 5393 Przez.
592 5330 718 5391 anodin
744 5329 806 5393 ud.
831 5329 923 5414 Lips.
948 5333 1114 5414 (Szilagyi).
1138 5333 1163 5414 ⁵)
1185 5334 1381 5412 Frysthaczlri
1405 5331 1578 5417 6616166.
1599 5333 1662 5412 (Nl-

110 5439 215 5500 colaus
233 5435 269 5495 de
284 5434 375 5512 Ujlak
391 5435 454 5494 sive
469 5435 544 5494 lllolr
560 5435 665 5496 haeres
681 5436 780 5515 oppidi
795 5437 927 5496 Rreistet
942 5440 992 5496 cot
1007 5436 1160 5518 (balgocz).
1177 5434 1205 5524 1)
1221 5439 1320 5498 brnem
1335 5435 1419 5499 deest
1433 5437 1470 5503 ia
1483 5433 1560 5502 Coc.
1574 5433 1662 5517 0616,
