4046 6278
371 543 447 622 418
881 567 995 623 1111111
1021 567 1266 623 1110110111υο
1294 551 1408 641 (xm).
1641 547 1709 649 (Α.
1731 549 1776 624 D.
1798 549 1919 648 1465.)

373 754 555 848 aequiores
583 755 699 847 eoepit
726 776 932 847 proponere,
962 755 1126 830 efferrens
1154 757 1306 849 primum
1334 761 1445 829 terras
1473 757 1713 830 Obelmeusom
1738 759 1920 832 011110110-

371 875 563 949 lorieusem
591 897 670 950 oum
698 876 904 949 civitatibus
932 875 1111 950 Gdaueusi
1139 883 1174 950 et
1201 877 1419 969 Mlbingsusi.
1449 876 1524 969 Qua
1551 878 1750 952 conditione
1778 900 1848 951 non
1868 901 1922 952 ao·

372 1001 488 1089 cepta,
523 997 746 1070 medietatem
779 1002 891 1071 terrae
924 999 1167 1086 Pomeraniae,
1201 998 1238 1070 in
1271 998 1421 1071 seouuda
1453 998 1646 1088 oblatione,
1680 999 1924 1073 intereavero

372 1122 482 1191 totam
510 1118 735 1192 Pomeraniae
768 1127 896 1191 terram
928 1118 1117 1212 integram,
1152 1125 1187 1192 et
1215 1119 1465 1192 subieetiouom
1499 1120 1664 1193 Prussiae
1692 1126 1727 1194 01
1753 1120 1926 1194 Lironiae

371 1237 552 1326 offerebat,
581 1247 721 1330 petens,
752 1245 792 1312 ut
820 1251 854 1312 st
882 1246 1034 1312 oestrum
1062 1239 1286 1332 Marienburg
1305 1245 1339 1312 et
1359 1245 1434 1312 tota
1452 1246 1546 1312 terra
1568 1241 1751 1330 Prussiao,
1780 1241 1925 1313 001001-

371 1361 482 1433 ritate
509 1360 718 1452 Elbiugensi
746 1379 823 1432 oum
853 1382 915 1432 suo
943 1361 1054 1433 ueteri
1081 1360 1244 1433 districtu
1273 1368 1434 1452 exeepta,
1463 1360 1556 1434 oiroa
1574 1362 1783 1454 Magistrum
1803 1369 1840 1434 01
1861 1361 1923 1433 Or·

371 1481 486 1554 dinem
514 1486 724 1569 remaneret,
754 1481 922 1554 exhibens
951 1502 987 1554 se
1012 1481 1586 1572 11111011111101010(1101101100,
1616 1483 1808 1556 notabilem
1828 1503 1926 1554 sum·

371 1623 479 1688 mam,
509 1622 577 1673 non
604 1623 666 1692 pro
695 1601 771 1674 vioe
804 1623 889 1688 una,
924 1602 1048 1674 sedin
1077 1622 1185 1674 annos
1219 1602 1355 1694 aliquot
1377 1583 1681 1693 distribuendam,
1715 1605 1928 1676 soluturam.

373 1722 440 1795 Sed
468 1743 546 1794 oum
574 1723 660 1794 haee
689 1743 826 1814 quoque
854 1722 985 1793 oblatio
1014 1722 1140 1794 multis
1165 1722 1399 1810 sermonibus,
1429 1729 1576 1814 aparte
1604 1723 1701 1817 regia
1726 1725 1929 1817 repudiata,

372 1844 643 1935 improbaretur,
672 1845 848 1936 allegante
875 1848 974 1934 parte
1001 1843 1113 1936 regia,
1149 1844 1241 1934 quod
1269 1843 1347 1916 Rex
1380 1844 1556 1916 sexcentis
1588 1845 1748 1918 millibus
1778 1865 1930 1936 sexage-

372 1986 496 2036 narum
523 1965 674 2036 latorum
701 1985 902 2056 grossorum
934 1969 1087 2036 nastrum
1118 1964 1343 2056 Marienburg
1370 1970 1405 2036 et
1433 1965 1633 2037 universam
1661 1971 1789 2038 terram
1817 1966 1930 2037 Prus-

373 2084 445 2158 siae
473 2107 493 2156 a
521 2084 760 2176 stipendiariis
794 2083 1030 2173 Orneiferiois,
1066 2085 1268 2156 mandatum
1302 2085 1479 2158 0111101010
1512 2086 1554 2158 10
1586 2087 1766 2158 vendendo
1805 2086 1931 2157 aMa·

372 2205 484 2298 gistro
512 2210 546 2278 et
575 2203 702 2277 Ordine
731 2226 793 2296 per
824 2211 985 2297 patentes
1019 2206 1141 2278 literas
1173 2205 1400 2292 habentibus,
1435 2207 1636 2296 coemisset,
1666 2227 1730 2280 nee
1757 2212 1832 2278 tarn
1863 2207 1931 2278 im-

372 2347 527 2399 mensam
555 2347 725 2398 summam
753 2326 954 2400 conveniret
981 2325 1190 2418 simpliciter
1216 2327 1410 2400 remittere:
1439 2348 1476 2399 ro
1504 2327 1649 2416 1110010,
1669 2333 1751 2420 post
1769 2327 1933 2420 quinque

373 2447 448 2520 dies
475 2447 511 2520 in
540 2447 750 2519 tractatibus
771 2447 990 2538 absumptos,
1021 2468 1063 2520 01(
1083 2447 1200 2540 Nerga
1219 2447 1412 2520 dissessum
1432 2453 1497 2520 est.
1526 2449 1674 2522 Petente
1692 2448 1821 2521 deinde
1840 2446 1931 2521 Ger·

372 2569 480 2641 bardo
507 2569 677 2641 Marsaloo
705 2568 890 2656 Lironiae,
920 2569 991 2674 alia
1018 2567 1134 2641 diaeta
1161 2569 1198 2640 in
1217 2589 1370 2642 mensem
1398 2590 1522 2658 unum,
1551 2569 1729 2642 Ludovioo
1748 2589 1833 2641 rero
1855 2568 1931 2640 Ma-

372 2689 483 2782 gistro
511 2688 690 2777 Proetiae,
720 2689 912 2781 longiorem
932 2690 959 2778 ¹)
987 2693 1190 2781 expetente,
1219 2691 1256 2761 11
1284 2691 1433 2762 altorum
1461 2711 1616 2762 mensem
1644 2689 1682 2761 11
1700 2689 1837 2782 Nerga,
1870 2695 1933 2760 aut

372 2811 466 2883 inter
493 2809 716 2902 Marienburg
744 2815 779 2882 et
807 2809 933 2883 Sthnm
960 2810 998 2883 11
1026 2809 1280 2902 oampestribus
1309 2811 1472 2898 tenenda,
1507 2831 1547 2882 ea
1574 2813 1691 2884 tamon
1725 2810 1933 2883 conditione

373 2953 437 3023 per
462 2931 577 3023 regios
610 2930 753 3002 nuntios
780 2952 842 3021 per
869 2952 1074 3022 expressum
1107 2931 1332 3023 interposita,
1366 2934 1548 3022 assumpta
1579 2936 1650 3019 ost,
1684 2937 1725 3002 ut
1757 2931 1934 3024 Magister

375 3071 511 3124 omnem
539 3071 635 3142 spem
664 3051 705 3123 10
732 3051 927 3124 rehabendo
961 3055 1075 3124 000110
1109 3051 1332 3142 Marienburg
1365 3052 1516 3122 omittat.
1554 3051 1627 3123 Sub
1660 3073 1728 3143 quo
1757 3057 1931 3143 temporo,

374 3173 457 3244 dum
484 3170 601 3243 nuntii
628 3171 732 3264 regii,
763 3171 906 3245 Gabriel
933 3173 975 3245 10
994 3173 1150 3264 Bapsen,
1179 3172 1328 3245 Iacobus
1348 3172 1390 3244 10
1410 3171 1569 3244 Sohadelr
1589 3176 1623 3244 01
1642 3172 1821 3244 Iohannes
1841 3173 1931 3244 1111-

374 3294 498 3385 gosoh,
533 3291 570 3364 in
597 3290 822 3384 Marienburg
856 3291 1083 3364 ooustitutam
1118 3291 1209 3364 diem
1242 3291 1420 3364 mensibus
1448 3291 1583 3364 duobus
1611 3293 1930 3384 praestolarentur,

375 3412 543 3506 Magister
573 3411 789 3500 notorious,
825 3418 999 3486 eonventu
1032 3433 1173 3484 suorum
1206 3412 1360 3484 omnium
1393 3413 1574 3502 Fratrum,
1604 3413 1834 3500 militarium,
1866 3413 1931 3484 sti-

375 3532 633 3626 pendiariorum
653 3537 687 3605 ot
706 3532 852 3621 uirium,
882 3533 919 3606 in
938 3533 1117 3626 Kinsberg
1134 3532 1270 3620 habito,
1292 3553 1370 3604 enm
1389 3531 1581 3622 requisitae
1601 3533 1752 3606 luissent
1770 3533 1932 3604 omnium

375 3655 593 3742 1011110100,
614 3658 649 3726 01
669 3674 787 3726 omnes
807 3654 1022 3726 eonoorditer
1041 3654 1244 3741 suaderent,
1270 3658 1380 3725 terras
1401 3652 1540 3744 quidem
1559 3653 1804 3742 Pomerauiao,
1827 3653 1931 3726 01101-

376 3795 544 3862 mensom,
575 3773 885 3847 Miohaloviensem
913 3779 948 3848 et
975 3773 1224 3867 Mlbingensem
1252 3773 1341 3866 Regi
1370 3777 1404 3846 et
1431 3775 1552 3867 Regno
1579 3775 1747 3848 Poloniae
1771 3775 1928 3866 integra·

375 3895 459 3968 liter
485 3894 685 3982 restituere,
715 3899 868 3966 oestrum
896 3915 977 3968 uero
1007 3893 1232 3986 Marienburg
1259 3899 1294 3967 ot
1311 3893 1513 3966 universam
1532 3900 1659 3967 torrem
1679 3895 1848 3968 Prussiae
1868 3915 1930 3986 pro

377 4015 504 4089 Ordine
530 4014 697 4088 retinere:
727 4015 894 4107 Magister
921 4015 1087 4087 Prussiae
1115 4013 1322 4086 militarium
1350 4015 1392 4086 10
1420 4013 1650 4104 Zemlanth2)
1678 4021 1712 4088 et
1731 4015 1866 4088 oinium
1888 4015 1929 4088 10

376 4136 555 4228 Kinsberg
581 4135 712 4207 habens
740 4136 843 4208 fidem
870 4136 1116 4228 multiplieiter
1144 4139 1341 4226 suspeotam
1370 4134 1515 4226 (iniseto
1544 4135 1635 4207 enim
1653 4135 1752 4227 paois
1771 4137 1926 4228 negotio,

378 4257 469 4349 quod
497 4277 533 4329 00
561 4256 653 4344 illis,
683 4257 906 4330 afflietionem
934 4279 1033 4329 suam
1061 4257 1153 4348 apud
1172 4255 1274 4328 illum
1294 4256 1575 4348 deplorantibus,
1595 4256 1736 4329 etiamsi
1755 4257 1798 4330 (10
1818 4258 1926 4330 omni·

376 4380 442 4451 bus
462 4377 651 4450 sedendum
671 4378 775 4465 foret,
805 4379 1043 4452 oonleoturum
1061 4377 1343 4469 repromittebat,
1373 4397 1494 4468 oapore
1514 4377 1617 4450 illum
1636 4383 1672 4450 et
1691 4397 1812 4449 omnes
1832 4399 1925 4466 suos,

377 4505 483 4591 atque
511 4499 553 4571 10
581 4498 706 4570 eastris
735 4505 770 4572 01
797 4498 1004 4571 civitatibus
1033 4499 1219 4572 excludere
1246 4519 1308 4590 per
1331 4497 1924 4589 111101001011101101011001011·

379 4622 524 4708 serant),
554 4618 723 4692 aooersito
747 4619 784 4691 in
803 4619 982 4713 Kinsberg
1008 4619 1317 4712 stipendiariorum
1344 4619 1456 4710 partis
1476 4639 1559 4691 suas
1578 4619 1754 4710 frequenti
1772 4641 1923 4706 numero,

378 4741 550 4813 militares
583 4745 618 4812 et
650 4738 745 4811 oiues
782 4740 1078 4834 Kinsbergenses,
1116 4739 1312 4813 subsidium
1348 4738 1588 4830 pecuniarium
1622 4739 1691 4812 sibi
1724 4740 1837 4812 100010
1869 4739 1922 4812 10·

378 4865 584 4948 1100111100,
614 4859 657 4932 01
685 4880 721 4932 00
749 4860 786 4932 11
813 4881 926 4933 aroem
954 4861 1073 4933 venire
1100 4860 1232 4948 iussos,
1262 4861 1318 4932 110
1337 4858 1500 4948 Veneris,
1529 4863 1655 4950 quarta
1673 4859 1805 4932 mensis
1825 4858 1921 4932 Onto-

377 4983 466 5070 bris,
495 4981 539 5054 ad
567 4980 777 5052 solutionem
806 4981 931 5053 tributi
959 4982 1152 5073 oompellit,
1183 4986 1218 5052 01
1245 4980 1374 5073 viginti
1402 4999 1464 5052 ser
1493 4999 1536 5051 01
1565 4979 1615 5052 010
1642 4979 1798 5072 potiores
1817 4979 1920 5071 eapti-

377 5109 453 5191 rat,
483 5101 791 5194 stipendiariisque
819 5101 893 5173 suis
921 5123 983 5193 per
1010 5101 1185 5194 praesidia
1212 5101 1400 5174 servandos
1420 5105 1454 5173 01
1473 5101 1707 5191 depaotandos
1727 5101 1919 5173 distribuit:

378 5245 524 5317 quornm
553 5243 615 5295 sex
642 5222 796 5314 potiores
824 5222 861 5294 11
888 5243 1054 5314 prooessu
1083 5222 1218 5295 dierum
1245 5221 1363 5314 gladio
1383 5221 1540 5304 damnat,
1562 5241 1599 5293 se
1618 5241 1758 5313 quoque
1776 5221 1921 5294 diaetam

487 5480 510 5562 ¹)
534 5481 667 5560 longiore
690 5478 753 5542 Ed.
777 5478 867 5564 Lapa.
893 5478 920 5560 ²)
943 5480 980 5542 10
1003 5480 1169 5558 Zemlyand
1190 5476 1254 5541 Ed.
1278 5475 1369 5562 Lips.
1393 5475 1566 5556 (Samland).
