4090 6290
123 564 192 664 (Aa
213 565 257 640 D.
278 567 404 665 1474.)
639 592 752 645 ursan
777 593 1022 647 uuonncnrus
1049 577 1163 666 (xm).
1601 581 1673 652 dl?

126 771 329 866 episcopum
364 774 554 848 Albensom
591 779 626 847 et
661 777 880 850 Zdenlronom
916 778 1175 870 Konopnioulri,
1213 779 1250 850 in
1286 780 1449 852 vultuum
1476 781 1676 874 hilaritate;

125 894 238 966 altera
266 915 346 968 vero
375 895 430 968 dic
459 916 576 968 omnes
609 901 679 970 tres
712 897 826 990 Reges
854 905 1101 972 convenerunt.
1131 901 1175 972 In
1203 901 1355 973 secunda
1382 905 1500 974 autern
1527 924 1674 978 conuen-

124 1013 221 1087 tione
250 1015 394 1087 offensio
423 1015 618 1089 animorum
646 1017 739 1089 inter
766 1017 993 1091 Bohemicum
1018 1024 1053 1091 ot
1071 1019 1313 1112 Hungaricum
1331 1021 1447 1112 Reges
1467 1029 1587 1095 secuta
1605 1028 1675 1097 est:

124 1133 209 1206 dum
237 1134 455 1208 alteralteri
483 1137 621 1208 vultum
649 1137 816 1211 hostilem
844 1143 879 1211 et
905 1137 1090 1228 infestum,
1119 1139 1254 1212 dextris
1282 1139 1404 1230 otiam,
1432 1142 1566 1215 aversis
1594 1163 1674 1216 ocu·

124 1254 189 1341 lis,
219 1255 308 1327 alter
327 1256 369 1326 ab
389 1256 498 1329 altero
519 1257 557 1345 ¹),
588 1257 803 1329 ostendebat.
835 1257 968 1330 Positis
1001 1263 1118 1331 autern
1146 1259 1399 1348 tabernaculis,
1428 1260 1579 1352 quilibet
1606 1262 1674 1337 Ro·

123 1394 207 1465 gum
236 1395 313 1446 cnm
342 1375 416 1447 suis
445 1397 599 1449 seorsum
628 1376 860 1449 consultabat.
888 1377 1018 1450 Verum
1046 1399 1124 1451 cum
1143 1400 1182 1452 eo
1201 1379 1274 1470 die,
1303 1387 1445 1472 proptor
1466 1381 1675 1455 brevitatem

126 1495 309 1585 temporis,
345 1496 486 1588 negotia
516 1496 662 1589 grandia
693 1497 820 1568 nodum
854 1497 1021 1570 calculari
1049 1503 1085 1570 et
1112 1497 1228 1572 debite
1261 1500 1388 1592 digeri,
1417 1500 1479 1573 sod
1506 1501 1568 1572 uir
1596 1523 1674 1592 per·

125 1615 298 1687 functorie
330 1617 590 1688 commemorari
621 1622 781 1707 possent,
818 1617 954 1708 placuit
990 1602 1210 1691 consiliarios
1244 1620 1281 1691 in
1314 1618 1596 1711 Wratislariam,
1631 1621 1675 1694 ad

124 1735 346 1806 tractandum
379 1735 420 1807 de
452 1736 711 1809 conditionibus
744 1741 946 1828 treugarum
965 1735 1008 1827 ²),
1047 1739 1251 1813 transmitti.
1289 1739 1390 1812 Missi
1427 1745 1511 1814 sunt
1543 1741 1674 1834 itaque,

125 1853 207 1926 aliis
226 1855 488 1942 recusantibus,
517 1856 666 1928 Iacobus
685 1857 922 1948 Dambyenslri
946 1857 1256 1948 Sandomiriensis‚
1286 1859 1486 1933 Stanislans
1510 1859 1677 1954 Ostrorog

126 1974 367 2064 Galissiensis,
388 1975 556 2048 Nicolaus
577 1977 618 2049 de
633 1977 779 2048 Kuthno
798 1976 1052 2066 Lancicieusis,
1072 1979 1238 2070 palatini,
1259 1979 1417 2054 Andreas
1436 1982 1552 2053 Rosua
1570 1982 1674 2054 Prae·

124 2093 264 2186 positus
297 2095 537 2174 Lancicieusis
578 2108 612 2168 et
645 2097 816 2170 dolleotor
848 2099 1081 2188 apostolicus,
1116 2120 1194 2171 oum
1225 2100 1362 2172 nuntiis
1390 2100 1578 2174 Bohemiae
1606 2103 1675 2175 Re·

124 2215 180 2306 gis
197 2213 239 2304 ³),
269 2215 434 2288 uidelicet
461 2215 654 2288 Wilhelmo
682 2216 789 2305 Rabi,
819 2217 1034 2310 Byenyassio
1053 2219 1274 2308 Libstsuski‚
1303 2220 1407 2294 Petro
1427 2221 1620 2312 Dulinyecu
1640 2226 1676 2294 et

126 2333 289 2407 Samuele
317 2335 567 2408 succamorario
595 2336 798 2425 Bohemiae,
830 2337 890 2428 qui
917 2338 1054 2429 aliquot
1081 2339 1204 2412 diebus
1237 2359 1315 2412 cum
1349 2340 1535 2432 Rudolpho
1572 2341 1674 2415 Wra-

125 2454 343 2544 tislauiensi,
372 2455 533 2528 Gabriele
563 2456 724 2544 Albensi,
754 2455 944 2548 episcopis,
978 2459 1161 2532 Zdenlrono
1189 2459 1444 2551 Konopnicnki,
1484 2461 1675 2534 Wilhclmo

126 2574 394 2662 Ouarnoborski,
429 2575 561 2648 habitis
597 2576 821 2666 tractatibus,
856 2581 1015 2670 treugam
1030 2578 1062 2667 1)
1094 2578 1131 2650 in
1158 2601 1288 2652 annum
1320 2601 1398 2654 cunr
1431 2579 1575 2653 dimidio
1611 2582 1674 2654 du·

126 2701 282 2767 caturam
317 2696 564 2768 concluserunt
593 2697 657 2768 sub
683 2697 741 2769 his
761 2697 1035 2770 conditionibus:
1064 2704 1105 2770 ut
1132 2703 1247 2772 castra
1274 2705 1309 2772 et
1338 2699 1465 2792 oppida
1487 2701 1570 2774 hinc
1592 2701 1675 2774 inde

126 2815 267 2888 sivein
294 2815 458 2903 Polonia,
487 2817 561 2888 sire
591 2817 627 2887 in
657 2817 771 2890 Sleaia
799 2823 982 2910 occupata,
1013 2818 1238 2892 dimittantur
1266 2821 1341 2894 suis
1361 2821 1517 2913 antiquis
1536 2842 1674 2914 posses-

127 2935 283 3022 soribus3
310 2941 351 3008 ut
378 2937 510 3027 captiui
544 2959 662 3010 omnes
693 2937 775 3010 hinc
806 2938 887 3010 inde
920 2939 1114 3011 solvantur.
1148 2939 1318 3014 Nicolaus
1345 2941 1490 3032 insuper
1516 2943 1672 3035 Tunger,

126 3057 164 3129 in
184 3061 283 3148 parte
311 3057 419 3149 Regis
448 3057 651 3149 Hungoriae
683 3059 726 3130 ad
754 3063 895 3150 treugas
912 3058 942 3148 ⁵)
970 3059 1172 3133 huiusmodi
1195 3060 1370 3150 inclusus,
1399 3083 1466 3153 quo
1485 3062 1673 3136 tradimen-

125 3183 202 3248 tum
230 3198 331 3248 suum
360 3183 394 3248 et
421 3179 567 3269 perfidia
595 3178 632 3249 in
659 3178 838 3268 proprium
872 3180 1004 3272 Regem
1032 3184 1067 3252 et
1093 3181 1289 3254 naturalem
1316 3181 1443 3270 latius,
1473 3183 1565 3273 quod
1592 3183 1673 3255 hac·

126 3301 229 3369 tenus
248 3297 370 3385 latuit,
401 3297 554 3370 emicuit.
584 3298 789 3371 Merebatur
807 3299 1010 3392 Hungariac
1028 3300 1106 3373 Rex
1121 3302 1166 3389 6),
1196 3300 1410 3375 sufferentiis
1427 3301 1457 3391 ⁷)
1486 3302 1673 3390 conclusis,

125 3439 147 3488 a
173 3417 361 3489 baronibus
389 3418 572 3507 Poloniao,
603 3424 643 3490 ut
669 3418 855 3510 treugasss)
884 3419 959 3510 ipse
987 3420 1179 3494 custodiret
1207 3421 1466 3513 scrupulosius,
1494 3443 1564 3494 non
1583 3421 1674 3514 Regi

126 3537 351 3628 algentibus
383 3537 549 3611 Poloniae
581 3538 773 3629 imponeret
805 3539 1052 3613 necessitatem
1083 3540 1179 3612 iusta
1212 3562 1307 3613 arma
1335 3541 1520 3628 induendi,
1549 3541 1592 3614 ad
1618 3543 1673 3614 nl·

126 3657 327 3730 ciscendum
348 3657 558 3729 uiolatorum
577 3665 759 3749 pactorum
777 3659 954 3732 iniuriam.
984 3661 1080 3734 Haec
1099 3665 1216 3733 autem
1235 3667 1359 3754 treuga
1373 3660 1405 3750 ⁹)
1433 3661 1549 3734 minus
1569 3681 1672 3735 cunc·

126 3782 244 3850 tenter
271 3799 291 3848 a
318 3777 484 3850 Poloniae
513 3783 547 3852 ot
575 3779 763 3852 Bohemiae
796 3779 952 3871 Regibus
972 3781 1015 3869 ¹⁰)
1044 3785 1187 3872 accepta
1214 3786 1269 3854 est
1289 3781 1346 3870 ¹¹),
1375 3781 1577 3855 verentibus
1605 3782 1674 3856 Re·

125 3897 246 3990 gibus,
266 3918 309 3970 ne
328 3897 469 3970 nivibus
485 3903 520 3971 et
535 3898 723 3990 frigoribus
743 3900 1088 3990 superuenientibus,
1106 3901 1200 3974 bello
1220 3922 1289 3973 non
1308 3921 1494 3993 suspenso,
1514 3900 1673 3976 recedere

126 4039 171 4090 er
199 4017 323 4090 hostili
346 4022 439 4090 terra
458 4025 637 4109 premente
665 4018 874 4092 necessitato
893 4025 1109 4112 cogerentur.
1139 4023 1275 4114 Treuga
1293 4021 1413 4113 itaquo
1433 4022 1597 4094 conclusa
1615 4019 1673 4112 11),

126 4143 162 4211 et
190 4138 304 4211 Slosia
332 4139 437 4210 ferme
464 4139 630 4211 uniuersa
657 4144 783 4212 crusta
810 4144 845 4212 et
872 4141 1097 4232 depopulata,
1128 4141 1293 4214 Poloniae
1321 4147 1357 4214 et
1383 4141 1572 4214 Bohemiae
1604 4141 1671 4216 Re·

125 4279 206 4351 ges,
235 4259 327 4330 datis
356 4258 448 4331 inter
476 4280 513 4331 se
540 4258 676 4332 deutris
705 4265 739 4332 et
766 4260 985 4348 muneribus,
1014 4261 1057 4332 ad
1084 4261 1242 4352 propria,
1271 4261 1371 4332 nulla
1398 4281 1435 4334 re
1455 4261 1672 4336 memorabili

125 4383 245 4470 gesta,
275 4378 471 4450 discedunt.
504 4379 578 4451 Neo
606 4379 748 4468 mirum,
779 4379 861 4451 dum
890 4380 981 4452 enim
1010 4380 1142 4474 singuli
1169 4381 1356 4472 imperare,
1389 4387 1574 4454 uteorum
1602 4386 1673 4454 sta-

125 4504 224 4572 retur
251 4499 426 4586 consiliis,
460 4499 634 4590 gestiunt:
669 4500 874 4574 documento
904 4501 1015 4590 luere,
1047 4500 1202 4591 plurium
1229 4500 1415 4593 imperium
1443 4501 1571 4575 inutile
1597 4521 1674 4576 esse

125 4620 231 4692 bello.
261 4619 445 4692 Tendendo
465 4617 509 4708 ¹³)
538 4620 686 4710 quisque
714 4620 756 4690 ad
785 4641 849 4692 sua
876 4620 1039 4709 consilia,
1069 4641 1147 4692 cum
1175 4619 1463 4694 cracoviensibus
1482 4619 1672 4700 baronibus

125 4739 241 4828 aliud,
269 4740 366 4813 aliud
393 4761 475 4812 roro
503 4740 645 4812 Maioris
673 4740 839 4814 Poloniae
867 4741 1061 4832 rideretur,
1090 4745 1303 4833 aperuerunt
1331 4741 1544 4816 occasionem
1575 4739 1672 4814 hosti

235 5067 258 5148 1)
281 5067 394 5128 aversis
418 5068 525 5148 oeulis,
548 5067 656 5128 innotis
677 5063 740 5128 Ed.
765 5063 855 5149 Lips.
880 5065 906 5147 1)
930 5067 1081 5127 foederum
1104 5063 1167 5129 Ed.
1190 5063 1281 5150 Lipo.
1299 5063 1325 5147 ³)
1342 5059 1499 5130 wladislai
1514 5041 1674 5130 Bohemiae

126 5171 219 5248 Regis
243 5167 306 5234 Ed.
330 5167 423 5253 Lipa.
449 5167 474 5247 1)
498 5171 602 5231 foedus
624 5166 687 5232 Ed.
711 5166 801 5252 Lipa.
836 5165 863 5250 1)
888 5169 926 5230 ad
948 5170 1069 5231 foedera
1091 5167 1154 5233 Ed.
1178 5168 1269 5255 Lips.
1301 5168 1477 5250 ⁶)lllatl1ias
1503 5171 1675 5248 Hungariac

126 5277 191 5336 Rex
212 5267 277 5337 Ed.
303 5269 392 5357 [ripa.
425 5272 510 5353 ⁷)ox
532 5274 658 5334 induciis
681 5270 745 5336 Ed.
769 5270 860 5354 Lipa.
893 5270 918 5351 ⁸)
950 5273 1070 5334 foedera
1099 5271 1163 5336 Ed.
1192 5271 1283 5358 La'pa
1314 5271 1340 5353 ⁹)
1363 5275 1428 5336 Hoc
1449 5278 1547 5335 antam
1569 5273 1675 5335 foedus

126 5376 191 5441 Ed.
215 5374 307 5460 Lipa.
343 5375 383 5456 ¹⁰)
406 5397 424 5438 a
447 5377 590 5438 Oasimiro
612 5377 753 5437 Poloniae
776 5381 806 5436 et
827 5375 992 5436 Wladislao
1014 5377 1173 5438 Bohemiae
1194 5378 1326 5455 Regibus
1351 5374 1415 5440 Ed.
1437 5375 1527 5458 Lipo.
1564 5375 1604 5456 ¹¹)
1626 5395 1675 5438 ac·

127 5487 244 5559 coptum
260 5486 305 5542 cst
321 5477 383 5542 Ed.
400 5478 493 5563 Lipo.
515 5479 549 5561 11)
566 5480 699 5540 Foedere
714 5479 814 5556 itaque
830 5480 967 5542 concluso
984 5476 1048 5542 Ed.
1065 5477 1157 5563 Lips.
1179 5479 1218 5560 ¹³)
1233 5480 1397 5542 Tundendo
1414 5475 1492 5542 enim
1506 5475 1571 5541 Ed.
1583 5475 1676 5566 Dipo.

154 5631 453 5683 commaneamus.
467 5631 492 5676 r.
506 5631 534 5674 v.
1467 5613 1501 5670 78
