4152 6270
107 571 171 674 (Α.
191 571 236 648 D.
258 571 386 672 14⁵2.)
613 597 727 650 uraca
752 597 997 652 uuonncrmus
1026 577 1141 668 (1111).
1516 687 1519 692 Δ
1576 578 1653 653 113

106 780 266 872 quirunt,
296 785 331 854 et
357 781 510 854 nobilem
543 782 734 876 Stogneum
768 785 843 876 Rev
875 785 1044 858 dedomo
1077 783 1191 858 Oksua
1222 805 1300 858 oum
1332 803 1442 858 urere
1469 788 1505 856 et
1531 786 1653 861 liberis

106 901 142 972 in
170 901 234 973 illo
261 903 459 993 captivant;
492 903 702 996 terrigenam
735 905 975 978 Mrooukonem
1010 925 1087 978 cum
1115 904 1198 978 aliis
1225 905 1410 998 terrigenis
1438 906 1655 980 interficiunt

106 1026 140 1094 et
166 1021 324 1096 homines
352 1022 442 1094 alios
471 1022 507 1094 in
536 1045 675 1096 saevam
705 1025 947 1116 captivitatem
976 1027 1165 1098 abducunt.
1194 1026 1293 1117 Quod
1312 1028 1442 1100 malum
1462 1027 1538 1100 ideo
1559 1049 1653 1102 asso·

103 1142 245 1215 rebatur
273 1142 458 1230 accidisse,
488 1145 651 1234 quoniam
680 1146 885 1236 capitaneus
908 1145 1075 1218 Peteliae
1100 1146 1335 1219 Theodericus
1354 1148 1396 1222 de
1415 1149 1571 1222 Bucnaer
1589 1149 1654 1221 fin·

102 1263 207 1354 gebat
235 1285 272 1336 se
299 1263 496 1336 eusteniam
523 1265 560 1336 in
588 1266 721 1356 campis
749 1267 926 1358 posuisse,
961 1289 1050 1359 qnae
1082 1267 1235 1340 subitam
1262 1268 1480 1344 invasionem
1508 1271 1653 1342 Tharta-

102 1403 220 1456 rorum
247 1384 525 1476 pronuntiasset:
555 1387 647 1476 quod
675 1408 853 1478 nunquam
881 1389 994 1481 egisse
1021 1392 1219 1480 compertus
1247 1393 1332 1461 cst.-

100 1740 175 1812 tum
197 1741 268 1814 Rex
290 1741 470 1814 kazimirus
493 1743 653 1816 conviviis
675 1760 805 1833 operam
828 1742 901 1829 dat,
932 1743 1064 1814 dimano
1086 1742 1201 1814 recum
1224 1761 1295 1818 oum
1317 1743 1466 1816 Proetiae
1489 1744 1649 1833 legistae

99 1860 269 1934 boleslaus
299 1863 481 1952 bpolicnsis
511 1865 581 1934 ltux
611 1867 719 1935 terras
748 1863 1045 1953 Sohcvpcn'cnacm
1077 1868 1112 1936 et
1133 1864 1384 1953 Wpctunensom
1412 1882 1531 1954 magna
1560 1864 1653 1936 clade

99 1981 215 2055 afficit.
246 1983 344 2059 duam
367 1985 406 2055 ot
429 2001 495 2054 rem
518 1983 700 2055 kazimirus
723 1985 792 2056 Rex
815 1985 857 2056 cd
880 1985 1120 2074 opprimendum
1142 1985 1270 2056 hostem
1292 1986 1459 2058 cunienses
1482 2003 1560 2056 sans
1581 1985 1653 2056 mit·

438 2109 529 2193 tens,
553 2105 795 2195 expeditionem
818 2106 1003 2196 generalem
1025 2105 1173 2178 beticam
1195 2106 1321 2178 indicit.
1669 2085 1696 2124 ⁵

203 2351 268 2424 Die
296 2351 477 2425 Dominico
510 2359 590 2426 anto
619 2355 747 2426 festum
776 2353 924 2427 Sanctae
951 2353 1207 2446 Margarothae,
1245 2353 1448 2426 Kauimirus
1482 2353 1651 2428 Pelopiae

98 2470 176 2543 Rex
215 2472 328 2544 exivit
360 2474 402 2548 de
429 2474 612 2562 Gracovia,
641 2479 675 2546 et
703 2496 765 2566 per
796 2475 983 2566 Mvechom
1018 2475 1228 2563 Prsadboru‚
1263 2474 1478 2566 Malogosucu
1518 2479 1551 2546 ot
1579 2474 1650 2546 alia

95 2591 174 2663 loca
203 2593 309 2665 solita
336 2595 434 2666 vonit
461 2595 719 2683 Lanciciam1),
749 2594 868 2686 ibique
893 2595 1092 2686 apluribus
1120 2595 1295 2696 Praelatis
1314 2601 1349 2667 et
1367 2594 1558 2667 baronibus
1576 2594 1651 2668 Ma·

95 2709 183 2782 ioris
211 2713 399 2804 ,Poloniae,
438 2720 472 2786 et
501 2715 679 2806 signanter
707 2714 902 2787 Wladisiao
936 2715 1198 2807 archiepiscopo
1232 2714 1444 2803 Gnesnensi‚
1482 2719 1649 2806 exceptus

96 2835 162 2903 cst.
203 2833 340 2906 Abinde
372 2834 571 2922 discedens,
605 2836 643 2906 in
675 2835 828 2908 erastino
863 2835 984 2908 Sancti
1015 2833 1182 2925 Iacobi2)
1211 2835 1308 2908 venit
1335 2832 1647 2927 Nveschovam³):

94 2951 157 3024 ubi
190 2953 399 3046 Magistrum
430 2956 596 3028 Prnssiae
630 2975 708 3028 cum
740 2956 915 3048 episcopis
944 2961 979 3028 et
1006 2955 1368 3044 commendatoribus,
1406 2955 1493 3028 feria
1525 2955 1650 3046 quinta

95 3076 178 3162 post
199 3073 327 3146 festum
347 3075 467 3147 Sancti
491 3076 627 3165 Iaoebi‚
653 3077 826 3164 invitans,
860 3076 1044 3170 magnifico
1076 3076 1238 3149 convivio
1257 3082 1292 3150 et
1311 3075 1460 3148 Sohubis
1476 3075 1507 3165 4)
1536 3075 1647 3148 sabel·
1745 3155 1746 3158 ,

93 3191 197 3282 linis,
219 3194 369 3287 aliisque
388 3197 590 3269 muneribus
609 3197 805 3268 honoravit.
832 3198 955 3269 Altero
976 3218 1113 3289 qnoque
1132 3196 1205 3286 die,
1234 3196 1400 3270 videlieet
1427 3195 1514 3269 feria
1535 3199 1646 3282 sexta,

93 3312 173 3386 Rex
203 3313 279 3406 ipse
307 3337 327 3386 a
354 3317 523 3409 Magistro
539 3316 568 3407 5)
602 3317 793 3406 invitatus,
826 3317 1113 3390 dissuadentibus
1147 3318 1310 3392 omnibus
1350 3315 1578 3404 consiliariis
1610 3315 1647 3388 in

93 3433 239 3506 Thorun
266 3435 460 3524 descendit,
491 3442 525 3511 et
543 3437 580 3509 in
599 3442 713 3510 castro
732 3438 917 3530 prandium
936 3459 1013 3510 cum
1033 3439 1207 3511 Praelatis
1227 3443 1262 3512 ot
1279 3437 1469 3511 baronibus
1487 3435 1601 3528 Regni
1616 3436 1647 3526 6)

92 3554 232 3627 habuit.
261 3556 318 3630 Ibi
345 3578 482 3650 qnoque
509 3559 677 3650 Magister
703 3559 869 3631 Prassiae
895 3581 992 3632 suam
1013 3559 1244 3632 Serenitatem
1264 3557 1422 3632 honestis
1441 3557 1646 3630 muneribus

92 3673 257 3764 donavit,
287 3678 407 3750 ioodus
436 3699 573 3770 quoque
590 3679 620 3769 7)
648 3678 745 3770 pacis
773 3683 963 3771 perpetuae
990 3679 1082 3752 inter
1109 3680 1270 3772 Regnum
1298 3677 1466 3750 Poloniae
1485 3682 1520 3750 ct
1538 3677 1646 3750 Prus-

93 3793 183 3867 siam
213 3797 404 3886 firmatum,
434 3799 639 3872 innovatum
667 3804 736 3888 cst,
768 3804 802 3872 et
829 3799 1066 3873 dissensiones
1093 3799 1176 3872 hine
1203 3799 1284 3872 inde
1311 3803 1469 3887 exortae,
1499 3796 1645 3889 sopitae.

91 3913 146 3986 Ex
176 3915 420 4008 Nyeschovss)
457 3919 659 3992 Karimirus
695 3921 774 3994 Rex
806 3941 868 4012 per
900 3921 1070 3994 stationes
1102 3923 1286 3993 consuetas
1327 3918 1426 3992 venit
1458 3917 1645 4008 (incanam,

92 4036 180 4108 foria
210 4038 334 4128 quinta
365 4045 446 4113 ante
474 4043 602 4113 festum
632 4041 752 4114 Sancti
784 4041 883 4113 Petri
911 4041 954 4112 ad
982 4041 1144 4113 Vincula.
1182 4039 1239 4112 Ibi
1266 4061 1350 4112 suae
1377 4037 1568 4112 Serenitati
1585 4059 1644 4112 ve·

90 4156 152 4227 lox
172 4159 322 4231 nuntius
342 4161 472 4234 allatus
492 4166 562 4250 cst,
591 4161 793 4254 significans
812 4163 943 4234 Ducem
968 4162 1172 4234 Boleslaum
1191 4160 1411 4252 Opoliensem
1431 4163 1466 4232 et
1484 4159 1645 4250 Regnum

90 4282 125 4347 et
153 4277 290 4371 Regem
306 4279 336 4370 9)
364 4281 556 4370 diffidasse,
591 4288 626 4354 et
653 4281 819 4373 proiectis
854 4282 1112 4354 diffidationum
1139 4281 1270 4368 literis,
1304 4281 1423 4353 eadem
1450 4279 1506 4352 die
1534 4285 1645 4351 terras

89 4397 224 4490 Regni,
254 4401 419 4475 videlicet
447 4403 761 4495 Schovyeriensem
781 4403 828 4492 10)
856 4403 893 4474 in
921 4424 990 4474 una
1017 4406 1133 4493 parte,
1163 4407 1198 4474 et
1224 4401 1497 4494 Wyelunensem
1528 4399 1565 4472 in
1593 4399 1643 4470 al·

90 4523 183 4608 tera,
213 4520 472 4612 damnificasso,
502 4525 615 4596 elatus
644 4524 681 4596 in
708 4527 823 4596 mente
852 4545 915 4595 sua
941 4528 1084 4614 propter
1111 4523 1311 4611 thesauros,
1341 4541 1427 4613 quos
1456 4540 1499 4594 ex
1518 4519 1645 4612 spoliis

88 4637 209 4732 Regni
237 4643 512 4734 conquisiverat,
542 4645 661 4736 plnres
700 4643 946 4736 stipendiarios
975 4665 1019 4716 ex
1046 4643 1215 4717 Bohemia
1242 4647 1277 4716 et
1296 4641 1465 4730 Moravia,
1496 4661 1643 4732 quorum

89 4757 277 4834 invasione
308 4764 468 4836 credebat
496 4786 532 4838 se
559 4786 662 4856 posse
690 4765 727 4836 in
753 4766 846 4837 bello
875 4764 1088 4855 superiorem
1120 4765 1209 4852 fore,
1247 4762 1471 4836 conduxerat.
1504 4761 1644 4833 Dabant

89 4901 230 4973 quoque
250 4882 307 4955 illi
326 4883 480 4957 animum
499 4887 626 4973 multa,
648 4891 682 4957 et
700 4885 906 4976 praesertim
925 4883 1217 4956 disordinationes
1236 4883 1368 4955 multae
1387 4883 1424 4954 in
1442 4883 1564 4974 Regno
1583 4881 1641 4970 11),

88 5079 269 5088 --μ

200 5191 224 5270 ¹)
246 5193 400 5255 Louiciam
424 5190 500 5258 Coe.
523 5194 632 5258 Przcz.
658 5193 685 5274 Ξ)
708 5195 738 5254 S.
761 5195 861 5256 Iacobi
883 5193 1020 5270 Apostoli
1042 5189 1105 5252 Ed.
1129 5189 1222 5274 Lipa.
1254 5189 1278 5271 ³)
1300 5192 1331 5251 in
1353 5189 1543 5252 Niossoviam
1567 5182 1644 5250 Coe.

87 5291 155 5358 In‘c.
190 5293 219 5376 ⁴)
242 5304 272 5358 et
294 5300 426 5359 vestibus
449 5296 512 5361 Ed.
537 5298 629 5382 Lips.
662 5297 688 5376 ⁶)
712 5299 776 5358 Rex
806 5298 870 5373 ipse
900 5296 1062 5356 casimirus
1091 5295 1254 5354 abeodem
1285 5295 1428 5370 Magistro
1458 5288 1520 5353 Ea.
1551 5288 1645 5373 Lips.

89 5397 116 5477 ο)
139 5400 240 5476 Regni
262 5402 404 5462 Poloniae
427 5400 489 5464 Ed.
515 5401 607 5485 Lips.
641 5400 665 5479 ⁷)
690 5402 779 5461 etiam
801 5398 864 5461 Ed.
889 5397 980 5481 Lips.
1012 5397 1036 5476 8)
1060 5399 1216 5458 Niesrowa
1240 5393 1316 5460 cod.
1339 5395 1408 5458 Lis.
1440 5394 1465 5474 9)
1490 5401 1520 5456 et
1540 5396 1644 5470 Regno

88 5509 118 5564 ct
131 5505 232 5583 Regni
247 5507 389 5568 Poloniao
405 5503 468 5568 Ed.
486 5504 579 5590 Lipc.
601 5503 639 5590 ¹⁰)
657 5506 890 5567 Sicwiericnsem
908 5498 983 5566 Cod.
1001 5500 1068 5565 Lis.
1097 5501 1133 5583 ¹¹)
1149 5503 1180 5562 in
1195 5503 1299 5578 Regno
1313 5501 1455 5562 Poloniae
1470 5496 1532 5560 Ea.
1549 5495 1642 5582 Lc'ps.

113 5660 136 5705 v.
150 5659 250 5710 numos.
264 5660 326 5704 msa
339 5659 420 5703 aaron.
434 5659 460 5702 u.
474 5659 503 5704 v.
1432 5634 1467 5689 15
