4264 6280
899 543 1013 596 crana
1039 542 1284 596 noonncnros
1312 525 1427 614 (nun).
1661 517 1729 617 (Α.
1749 517 1794 591 D.
1809 514 1944 616 1448.)

479 843 710 914 conclusiones
733 841 773 913 do
796 859 876 932 paco
899 842 1062 915 Ecclesiae
1085 841 1230 932 lugduni
1252 841 1360 913 lactas
1382 841 1532 914 llicolaus
1555 841 1690 932 quintus
1711 839 1863 912 Pontifex

989 964 1151 1035 Romanus
1174 963 1342 1053 approbat.

495 1213 638 1285 Carolus
666 1212 744 1284 Rex
771 1211 957 1299 Eranciae,
986 1214 1086 1283 tenta
1112 1232 1174 1302 pro
1202 1210 1316 1282 danda
1342 1231 1427 1304 pace
1454 1210 1632 1284 Ecclesiae
1652 1215 1687 1284 et
1707 1210 1950 1304 extinguendo

393 1334 557 1408 scismate
584 1332 622 1404 iu
649 1332 822 1424 Lugduno
849 1330 980 1418 diaeta,
1011 1352 1099 1423 quae
1132 1331 1272 1402 duravit
1300 1353 1320 1402 a
1348 1333 1437 1404 festo
1466 1331 1587 1404 Sancti
1624 1332 1745 1404 Iacobi
1781 1332 1950 1422 Apostoli

392 1477 504 1548 usquo
532 1455 575 1526 ad
603 1453 695 1527 diem
724 1451 846 1525 Sancti
872 1453 989 1525 Lucae
1016 1450 1284 1544 Euangelistao,
1313 1453 1356 1524 ad
1385 1473 1489 1543 quam
1517 1451 1635 1524 nuntii
1663 1452 1803 1526 Nicolai
1831 1454 1951 1543 Papae

394 1576 524 1669 quinti,
552 1575 638 1648 item
665 1573 783 1645 nuntii
810 1573 959 1646 Concilii
982 1571 1210 1660 Basilionsis,
1238 1572 1323 1644 item
1342 1573 1459 1646 nuntii
1483 1573 1616 1645 Felicis
1639 1573 1793 1666 gerentis
1822 1595 1859 1646 se
1886 1595 1950 1665 pro

393 1698 506 1788 Papa,
535 1695 620 1768 item
648 1693 765 1766 nuntii
792 1693 1045 1780 Romanorum,
1073 1690 1242 1786 Angliae,
1272 1693 1445 1767 Castellae
1464 1694 1503 1782 ¹),
1533 1693 1729 1783 Navarraa
1760 1693 1903 1767 Siciliae
1919 1693 1950 1782 ²)

394 1819 546 1910 Regum,
567 1816 650 1889 item
669 1813 787 1886 nuntii
806 1814 1006 1887 Electorum
1024 1813 1185 1905 Imperii,
1215 1818 1251 1886 et
1278 1813 1342 1886 alii
1357 1813 1387 1904 ³)
1416 1814 1593 1888 Electores
1612 1818 1832 1906 praesentes,
1863 1814 1951 1887 item

394 1937 511 2011 nuntii
539 1936 758 2009 diuersorum
786 1934 1006 2026 Principum,
1036 1934 1277 2028 spiritualium
1304 1939 1339 2008 et
1359 1934 1592 2008 saecularium
1620 1956 1699 2008 cum
1727 1937 1832 2028 plena
1851 1941 1951 2028 pote·

396 2063 504 2146 state,
534 2057 619 2130 item
646 2054 752 2127 multi
778 2056 944 2129 Doctores
964 2055 1058 2128 Iuris
1086 2055 1199 2128 diuini
1223 2059 1258 2127 ct
1276 2055 1435 2144 humaui,
1465 2057 1609 2128 fuerunt
1637 2057 1858 2149 congregati3
1886 2057 1950 2130 ubi

395 2179 519 2254 multis
548 2175 757 2250 tractatibus
783 2197 845 2267 pro
873 2196 958 2267 paco
976 2176 1153 2249 Ecclesiae
1180 2175 1328 2264 habitis,
1357 2176 1519 2268 quamvis
1547 2180 1643 2250 certa
1668 2177 1782 2251 media
1807 2199 1870 2270 pro
1887 2200 1949 2270 pa·

397 2300 567 2374 cificanda
594 2297 752 2372 Ecclesia
779 2296 846 2370 Dei
872 2296 1102 2388 reperissent:
1141 2296 1382 2390 intelligentes
1411 2300 1527 2370 tamen
1551 2297 1616 2370 illa
1635 2297 1711 2370 sine
1730 2297 1850 2372 Felice
1868 2320 1949 2371 con-

372 2451 378 2466 ·
398 2420 495 2495 cludi
521 2442 591 2493 non
617 2440 736 2511 posse,
765 2416 907 2490 iverunt
933 2417 978 2490 ad
996 2417 1099 2491 illum
1118 2417 1155 2490 in
1174 2417 1374 2507 (lebannes,
1403 2418 1683 2510 inveneruntque
1701 2417 1856 2492 animum
1875 2419 1952 2492 eius

399 2543 444 2616 ad
471 2562 591 2634 pacem
610 2538 789 2613 Ecclesiae
816 2538 965 2611 dandam
993 2561 1062 2610 non
1086 2539 1200 2610 solnm
1219 2538 1445 2625 inclinatum,
1475 2539 1536 2611 sed
1555 2539 1661 2611 etiam
1680 2539 1951 2612 deditissimum.

399 2663 446 2735 Et
473 2661 613 2734 tandem
642 2659 779 2751 Spiritu
808 2658 935 2732 Sancto
963 2658 1135 2748 dictante,
1164 2659 1257 2732 idem
1284 2659 1388 2732 Felix
1417 2659 1453 2730 in
1483 2659 1598 2731 omnia
1616 2659 1714 2751 pacis
1733 2660 1848 2733 modia
1871 2682 1951 2733 cou-

399 2783 521 2857 sensit.
551 2784 602 2855 De
630 2803 699 2873 quo
727 2800 846 2852 omnes
874 2778 1074 2853 incredibili
1100 2779 1239 2853 laetitia
1262 2784 1362 2852 erant
1385 2780 1566 2872 completi,
1596 2785 1778 2872 sperantes
1797 2781 1952 2870 indubie,

399 2925 463 2997 per
489 2904 622 2976 dictum
655 2900 824 2988 medium,
856 2920 976 2992 pacem
1009 2921 1126 2974 voram
1159 2905 1194 2972 ot
1226 2900 1399 2993 integram
1423 2901 1602 2974 Ecclesiae
1630 2906 1845 2990 secuturam,
1874 2923 1954 2974 cum

400 3023 481 3098 fidei
509 3021 730 3115 integritate,
762 3019 989 3092 authoritatis
1017 3020 1196 3094 Ecclesiae
1224 3025 1259 3094 ot
1276 3021 1491 3113 generalium
1516 3021 1749 3094 conciliorum
1769 3042 1952 3095 conserva-

401 3145 496 3218 tione
523 3143 561 3214 in
586 3141 754 3214 firmitate
769 3140 800 3229 ⁴)
829 3139 1133 3213 conscientiarum.
1163 3141 1361 3232 Statimque
1389 3161 1433 3214 ex
1461 3140 1637 3214 Gabennis
1657 3141 1798 3214 iverunt
1817 3141 1862 3214 ad
1881 3143 1951 3215 Ro-

401 3285 463 3358 gos
491 3283 590 3351 suos,
619 3265 654 3334 et
681 3260 807 3334 abinde
833 3261 996 3348 Romam,
1026 3259 1224 3351 aliquorum
1255 3262 1392 3354 Regum
1428 3261 1686 3352 praedictorum
1719 3265 1873 3334 oratores
1911 3262 1956 3334 ad

403 3384 590 3458 Nicolaum
626 3382 758 3472 Papam
796 3380 974 3472 quintum,
1011 3381 1184 3473 rogaturi,
1218 3385 1258 3453 ut
1285 3381 1361 3472 ipso
1392 3381 1426 3452 N
1429 3381 1561 3454 icolaue
1598 3381 1714 3453 omnia
1745 3381 1875 3470 media,
1905 3382 1957 3454 sic

404 3507 569 3594 concepta
597 3507 632 3574 et
659 3505 855 3592 compacta,
883 3500 1084 3574 ratificaret.
1124 3502 1191 3592 Qui
1218 3507 1258 3574 ut
1285 3501 1341 3574 uir
1368 3523 1514 3595 magnae
1541 3501 1750 3594 prudentiae
1770 3505 1805 3574 et
1825 3501 1955 3575 sancti-

404 3622 506 3711 tatis,
536 3626 570 3694 et
596 3621 689 3693 nihil
715 3622 868 3714 amplius
901 3643 1005 3714 quam
1028 3643 1148 3714 pacem
1177 3627 1212 3694 et
1239 3622 1404 3694 unionem
1436 3622 1615 3695 Ecclesiae
1647 3642 1865 3714 summopore
1898 3623 1957 3696 do·

404 3743 576 3831 siderans,
605 3741 740 3814 nuntiis
768 3746 803 3815 et
830 3743 1026 3816 oratoribus
1053 3744 1190 3836 Regum
1218 3746 1253 3816 et
1280 3742 1484 3834 Principum
1516 3742 1773 3834 praedictorum
1800 3743 1956 3836 benigna

406 3861 585 3935 audientia
612 3861 799 3952 praestita,
829 3863 899 3936 fero
927 3863 1085 3957 singulas
1114 3863 1351 3936 ordinationes
1378 3863 1417 3936 in
1443 3864 1616 3956 Lugduno
1644 3863 1799 3956 digestas
1831 3885 1958 3955 appro-

407 3983 484 4072 bat,
514 3985 673 4073 accoptat
700 3986 736 4055 et
762 3981 931 4056 admittit.

856 4332 1070 4448 ANNUS
1107 4333 1338 4447 DOMINI
1373 4333 1515 4448 1448.

461 4577 621 4650 desinire
642 4577 721 4668 llogl
743 4576 891 4649 nonnulli
913 4575 1089 4666 Principes,
1112 4576 1153 4648 do
1175 4577 1264 4648 illius
1287 4577 1328 4648 ad
1350 4577 1493 4667 Regnum
1515 4578 1666 4650 Polonico
1690 4579 1907 4666 exaltaticno,

802 4696 987 4767 musonius
1011 4697 1110 4768 etlam
1132 4698 1267 4783 oblatio,
1291 4699 1569 4788 commodulantur.

516 4942 719 5016 Karimirus
746 4941 825 5015 Rex
853 4942 1036 5032 Poloniae,
1064 4943 1206 5017 Natalis
1233 4943 1374 5018 Domini
1401 4945 1476 5019 dics
1503 4947 1694 5020 celebrarit
1721 4945 1759 5020 in
1778 4945 1900 5020 Wilno
1918 4947 1960 5036 5),

412 5064 475 5138 ubi
506 5065 550 5136 ad
581 5085 680 5136 suam
713 5063 960 5154 Serenitatem,
998 5065 1106 5138 Ducis
1138 5064 1391 5157 Mosqritarnm
1412 5065 1460 5156 ⁶),
1497 5067 1582 5139 item
1614 5069 1751 5140 Ducum
1783 5068 1825 5142 dc
1858 5067 1962 5160 Sape-

523 5339 547 5411 11
571 5339 761 5402 Oastillaniae
785 5331 862 5401 Coa.
886 5335 995 5402 Praea.
1023 5334 1231 5418 ¹)Neapolico
1259 5335 1334 5402 Ood.
1357 5335 1466 5402 Przcz.
1491 5340 1619 5402 Oeciliae
1638 5337 1701 5403 Ed.
1717 5337 1811 5422 Lips.
1829 5339 1855 5421 Ω)
1872 5342 1965 5418 aliqui

415 5442 479 5508 Ec.
503 5442 597 5528 Lipc.
621 5439 649 5527 ⁴)
673 5444 831 5504 serenitate
854 5437 918 5504 Ed.
941 5439 1035 5525 Lapa
1060 5441 1087 5524 ⁶)
1110 5443 1216 5504 Vilnae
1239 5437 1302 5504 Ea.
1326 5441 1419 5525 Lapa.
1444 5439 1472 5528 ⁶)
1495 5444 1745 5506 Moechovitarum
1767 5429 1831 5505 Ed.
1857 5441 1950 5528 Lips.
