4040 6290
66 559 140 662 (Α.
159 560 206 636 D.
226 562 354 663 lm)
587 585 702 643 nrenn
726 587 972 644 nuonmmna
998 572 1114 663 (rm).
1544 575 1619 646 dot
1661 667 1662 670 p

71 773 193 844 castra
219 775 255 845 ot
281 771 444 847 civitates
477 775 611 846 extunc
646 773 846 866 occuparit,
884 775 1013 850 tuendo
1049 795 1088 849 se
1118 797 1140 848 a
1165 775 1323 851 censuris
1355 797 1417 870 par
1443 778 1621 854 Androm

70 887 295 982 Opororrslri,
323 910 446 967 rorum
474 896 510 967 et
535 893 678 967 unicum
707 894 947 970 Vermionsom
974 897 1175 989 episcopum
1206 901 1241 971 et
1267 897 1448 989 provisum
1480 904 1621 991 aposto·

69 1008 200 1102 licum,
227 1031 290 1104 por
316 1013 535 1107 subterfugia
560 1015 855 1107 appellationum,
883 1020 925 1088 ut
949 1015 1027 1090 eins
1055 1017 1234 1092 temeritas
1254 1023 1293 1091 et
1318 1017 1465 1092 audacia
1484 1023 1520 1093 ot
1539 1039 1620 1094 con·

65 1131 224 1206 minacia
253 1132 405 1225 priorem
432 1134 546 1228 Regni
572 1133 741 1210 Poloniao
768 1135 811 1210 do
842 1135 988 1210 Prnsoia
1005 1135 1182 1227 habitum,
1209 1136 1482 1230 interpellando,
1502 1141 1617 1214 insca-

70 1253 126 1323 rat
152 1251 315 1327 nitorem.
344 1254 547 1329 Kaniminns
574 1253 742 1330 Poloniae
769 1255 848 1330 Rex
875 1256 983 1330 otiare
1008 1255 1075 1330 hoc
1101 1258 1231 1330 rnlnue
1253 1263 1460 1348 curaturus,
1484 1279 1529 1332 ox
1548 1257 1620 1332 lla-

68 1369 137 1443 ioni
169 1373 318 1447 Polonia
344 1375 381 1448 in
408 1375 574 1451 Pruesiao
606 1395 701 1450 oram
734 1376 962 1465 descendens,
995 1377 1088 1468 apud
1119 1377 1261 1451 'lhornn
1293 1378 1366 1471 ogit
1398 1383 1620 1453 conventum.

67 1491 180 1566 Gaius
206 1495 440 1586 praesentiam
467 1496 637 1570 Nicolaus
664 1497 809 1589 Tnngen
834 1495 1102 1588 pertimescens,
1131 1516 1176 1570 ex
1202 1497 1330 1570 osonio
1353 1519 1527 1590 nusquam
1545 1499 1617 1572 dis·
1676 1559 1679 1566 .

72 1611 212 1703 cedem,
245 1636 308 1690 nec
334 1614 381 1690 ad
406 1620 615 1692 conventum
643 1617 933 1706 thorunionsenr,
963 1617 1068 1690 etiam
1096 1616 1163 1690 sub
1188 1617 1289 1690 salvo
1315 1617 1489 1692 conductu
1511 1619 1620 1713 ragio,

69 1732 192 1806 reniso
218 1754 337 1808 usus.
366 1735 569 1810 Karimirus
596 1757 678 1810 raro
705 1738 783 1811 Rex
809 1736 995 1829 epidimiao
1022 1737 1199 1826 morbum,
1229 1737 1290 1830 qui
1312 1737 1382 1812 ianr
1401 1759 1539 1832 serpere
1556 1759 1618 1813 no·

68 1851 230 1928 tabilitor
254 1856 349 1948 apnd
376 1857 517 1930 llhorun
543 1863 580 1933 et
602 1859 640 1931 in
658 1857 785 1931 ricinis
813 1861 989 1949 coeperat,
1019 1857 1150 1950 quique
1178 1858 1351 1950 expost1)
1378 1859 1621 1933 uehementius

69 1993 107 2047 se
132 1979 175 2048 ot
199 1975 276 2048 illie
298 1979 334 2050 ot
350 1975 388 2049 in
408 1975 585 2052 liasouiae
611 1976 750 2070 oppidis
769 1981 805 2051 et
822 1977 922 2050 rillio
936 1976 969 2066 ²)
996 1975 1175 2070 plerisque
1194 1976 1395 2066 diffuderat,
1415 1984 1457 2052 ut
1475 1979 1621 2073 dignum

68 2098 162 2183 uae,
191 2095 474 2186 perhorrescens,
501 2097 624 2189 paucis
642 2097 719 2170 illic
736 2095 957 2188 compositis,
986 2096 1167 2187 discessit,
1196 2101 1232 2172 ot
1249 2117 1312 2189 pro
1330 2097 1386 2172 die
1406 2099 1527 2172 Sancti
1545 2098 1622 2172 Viti

71 2213 166 2306 apud
197 2214 448 2306 Ppotrlroriann
479 2216 745 2292 conventionem
775 2215 892 2310 Regni
922 2216 1119 2310 generalem
1151 2216 1277 2290 tonuit.
1310 2217 1355 2290 ln
1387 2237 1457 2310 qua
1487 2219 1621 2292 auditis

70 2334 210 2408 nuntiis
237 2336 305 2409 tilii
332 2337 389 2410 sui
415 2337 605 2410 Wlodislai
632 2336 821 2410 &hemian
848 2335 974 2428 Regis,
1008 2333 1175 2410 videlicet
1202 2337 1355 2411 Stiborio
1383 2339 1619 2412 Thouaonou·

71 2455 145 2543 sti,
175 2457 353 2530 Bornardo
368 2455 400 2547 ³)
427 2457 564 2549 Bperka
587 2461 624 2530 et
641 2456 799 2530 Albricio
814 2456 845 2547 4)
874 2456 1106 2544 Soleolowsli,
1135 2456 1197 2549 qni
1224 2461 1261 2530 et
1289 2459 1533 2552 necessitates,
1559 2459 1619 2532 de·

70 2577 255 2668 lectusque
282 2576 558 2669 quamplurimos
585 2575 694 2670 Regis
721 2581 757 2650 et
783 2576 898 2670 Regni
930 2577 1118 2651 Boleemiae
1150 2577 1386 2669 exponebant,
1415 2583 1451 2651 ot
1477 2577 1619 2652 assiduo

71 2695 242 2788 grauique
267 2697 361 2770 bollo
388 2706 426 2770 se
449 2717 474 2770 a
499 2695 634 2770 liatlnia
659 2695 862 2790 Hungariae
890 2698 986 2790 Rogo
1011 2717 1074 2789 por
1101 2697 1395 2790 oppugnationem
1424 2702 1618 2771 castrorum

73 2820 108 2890 et
133 2815 322 2890 civitatum
348 2815 386 2888 in
414 2816 569 2890 Moravia
599 2815 711 2908 promi
740 2815 962 2905 astrnebant,
996 2821 1156 2908 potentes
1184 2816 1253 2890 sibi
1280 2837 1364 2890 auro
1388 2822 1428 2890 ot
1454 2817 1620 2910 gentiano

74 2935 286 3011 subventum
312 2935 375 3025 iri;
403 2936 524 3009 andita
550 2936 695 3028 insuper
709 2936 740 3027 5)
767 2937 954 3010 earundem
981 2937 1233 3012 necessitatum
1260 2937 1533 3030 ingeminatione
1559 2959 1622 3030 par

73 3055 267 3130 Iohannem
285 3055 479 3147 Kupowslri
493 3057 525 3146 6)
552 3057 760 3150 magistrum
778 3056 895 3130 curiae
912 3058 1021 3146 iacta,
1049 3057 1178 3150 viginti
1196 3061 1347 3150 quatuor
1363 3057 1478 3130 millia
1496 3076 1617 3130 aureo-

72 3195 167 3264 rum,
195 3175 241 3248 ad
266 3176 475 3248 solvendum
500 3175 634 3267 debita
662 3177 736 3250 filio
764 3197 827 3250 sno
854 3175 964 3250 misit.
992 3177 1167 3251 Unirerso
1193 3197 1276 3251 roro
1302 3177 1426 3270 Regno
1452 3177 1621 3252 Poloniae

72 3296 271 3388 generalem
299 3296 572 3388 expeditionem,
599 3317 670 3370 non
696 3297 770 3370 lilio
797 3301 936 3370 tantum
959 3297 1049 3390 Regi
1067 3295 1265 3371 Bolromiae
1282 3302 1320 3370 ot
1336 3297 1477 3390 Regno,
1505 3297 1566 3371 sed
1584 3301 1621 3370 ot

72 3415 252 3488 Rriderioo
279 3415 515 3489 Romanorum
546 3417 770 3509 Imperatori,
801 3421 924 3490 contra
954 3417 1124 3490 linthium
1150 3417 1354 3510 Hungerias
1381 3418 1530 3510 Regem,
1559 3415 1621 3508 qni

72 3535 276 3610 nniversam
301 3536 486 3610 Austriam
510 3536 692 3628 caedibus,
720 3537 870 3610 fiammis
894 3541 933 3612 et
959 3537 1085 3630 spoliis
1113 3537 1365 3628 compleverat,
1398 3535 1459 3611 sed
1486 3541 1522 3611 ot
1548 3535 1619 3609 Im·

73 3661 234 3748 peratore
267 3659 476 3731 conuentum
503 3657 597 3749 apud
623 3657 822 3751 Angustam
850 3661 991 3750 agente,
1019 3655 1187 3730 suburbia
1205 3658 1388 3750 Augustae
1405 3656 1618 3746 incenderat,

73 3776 212 3850 nomino
238 3775 342 3850 illum
358 3776 388 3868 i)
415 3781 647 3870 prosequente
674 3781 737 3850 aut
761 3777 970 3869 repellente,
1000 3776 1128 3875 solatia
1140 3775 1174 3867 Β)
1201 3797 1375 3850 armorum
1402 3777 1553 3850 lemnos,

74 4129 235 4204 Ιιιίιίιο
257 4129 408 4203 dolendae
435 4130 522 4220 llege
550 4131 792 4220 expeditionem
819 4131 969 4204 talliam
991 4133 1107 4204 unte
1127 4131 1247 4221 eugen
1267 4130 1449 4220 llnngenee
1471 4133 1619 4221 menn,

74 4249 220 4322 lienteri
236 4263 281 4322 ex
293 4249 403 4340 aeguo
418 4250 574 4340 ingentes
594 4251 733 4341 preedee
755 4254 873 4341 egunt,
895 4251 1007 4342 idque,
1029 4255 1068 4325 nt
1090 4253 1207 4340 lutee,
1226 4251 1420 4326 eruentae
1442 4251 1620 4325 litdnenie.

175 4496 438 4573 donnummatis
463 4497 569 4573 rebus
595 4497 749 4591 publicis
766 4499 861 4592 apud
878 4499 1189 4592 Ppotrtoriensom
1212 4499 1381 4589 diaeum,
1407 4519 1489 4573 cunr
1507 4497 1620 4592 magis

75 4619 255 4708 Redisset,
282 4618 431 4692 romans
456 4618 661 4708 sententiis,
689 4639 786 4693 arnna
812 4639 875 4712 por
891 4620 988 4712 ipsos
1006 4623 1172 4709 namne,
1201 4619 1395 4708 umrersis,
1417 4639 1529 4711 'qnam
1547 4619 1618 4691 col·

76 4740 208 4814 latione
241 4738 420 4832 pecuniali
451 4740 544 4812 iacta
575 4739 661 4814 belli
686 4739 828 4833 negotia
854 4739 892 4812 in
919 4739 1167 4832 stipendiarios
1193 4738 1453 4813 transfundere:
1477 4759 1521 4811 no
1548 4736 1620 4810 otio

76 4858 320 4934 delitescentia
346 4877 490 4951 corpora
510 4859 549 4933 in
567 4859 756 4935 molliciem
780 4864 818 4933 et
842 4859 1021 4953 ignaviam
1052 4860 1286 4934 solverentur:
1318 4857 1521 4932 Karimirns
1550 4857 1620 4930 d’o·

77 4981 192 5055 loniea
216 4981 312 5070 Rex,
338 4983 456 5054 creato
478 4978 521 5053 in
547 4979 756 5055 Rublinonsi
782 4983 877 5054 terra
903 4999 994 5054 noro
1015 4979 1231 5072 palatinatu,
1252 4982 1436 5053 «cremento
1456 4977 1523 5051 illo
1539 4996 1619 5070 pra·

183 5271 207 5354 ¹)
224 5279 334 5353 poetee
355 5267 420 5336 nd„
443 5269 537 5356 Lipe.
569 5267 598 5352 4ἢ)
619 5271 694 5333 vicie
713 5266 779 5333 Ed.
802 5265 894 5353 La'pe.
925 5267 1182 5350 &Euhemereia
1197 5263 1274 5332 oce
1296 5265 1408 5332 ΡΜ.
1429 5263 1462 5349 '⁴)
1483 5267 1623 5330 idlbenico

78 5372 142 5543 gib.
164 5375 255 5564 ἓξ.
287 5376 315 5458 ιι)
336 5379 438 5456 itaque
457 5373 523 5440 nd
546 5373 640 5460 Lipe.
671 5372 699 5456 θ)
717 5373 884 5454 ιὴρονεὲί
905 5367 970 5438 Ed.
992 5371 1083 5458 Lapa.
1115 5372 1231 5455 Reum
1252 5366 1317 5436 na
1340 5369 1435 5456 La'pa
1462 5368 1491 5452 Β)
1510 5371 1623 5434 auxilia
