4264 6280
209 569 276 671 (Α.
297 570 341 645 D.
364 570 491 672 1445.)
726 595 839 648 uranu
865 597 1110 649 nuonncrnus
1140 579 1255 667 (1111).
1709 578 1763 668 Ι11

195 779 411 854 'assensuros
444 802 497 868 se,
530 780 955 869 111111111Κ11111111
988 781 1026 853 iu
1053 783 1191 853 Ducatu
1224 782 1349 874 Magno
1384 781 1596 856 Lithuaniae
1627 782 1761 874 praesi-

207 901 302 990 deat,
332 907 367 973 et
394 901 486 973 alius
515 901 681 993 Princeps
711 903 748 974 in
776 901 891 993 Regni
918 901 1085 974 Poloniae
1105 908 1305 974 assumatur
1323 903 1495 994 regimen,
1525 903 1668 994 utrique
1689 904 1759 974 Do·

208 1021 315 1093 minio
342 1027 481 1114 gratus,
510 1023 730 1094 concordiam
757 1023 849 1094 inter
875 1027 1024 1114 utraque
1052 1022 1215 1095 Dominis
1243 1028 1463 1111 servaturus,
1493 1028 1555 1095 aut
1583 1024 1660 1115 ipse
1680 1025 1764 1094 Dux

208 1142 411 1214 Kauimirus
446 1144 483 1213 in
511 1147 659 1233 utroque
686 1141 847 1214 Dominio
876 1143 1084 1234 praesideat.
1123 1143 1249 1215 Omnes
1282 1144 1347 1214 hae
1388 1143 1605 1216 conditiones
1639 1163 1764 1235 granos

209 1263 385 1354 duraeque
411 1263 600 1334 Lithuanis
628 1262 725 1336 visae
753 1268 850 1335 sunt:
881 1285 960 1335 nam
989 1284 1101 1353 neque
1129 1263 1327 1336 libertatem
1356 1269 1530 1354 coeptam,
1560 1264 1591 1334 si
1610 1263 1703 1336 alius
1723 1263 1761 1334 in

209 1381 422 1454 Lithuaniae
458 1383 632 1454 Dueatum
669 1383 884 1471 succederet,
923 1385 1128 1456 astruebant
1165 1384 1237 1454 1111
1264 1404 1366 1472 posse
1394 1383 1612 1470 diuturnam,
1646 1404 1760 1474 neque

210 1503 340 1574 Ducem
370 1501 606 1589 Kanimirum,
635 1507 676 1575 ut
703 1503 796 1575 alius
824 1503 860 1574 11
889 1505 1050 1596 Regnum
1069 1503 1251 1590 Poloniae,
1282 1524 1320 1575 eo
1344 1505 1519 1596 neglecto,
1549 1504 1760 1590 succederet,

209 1643 319 1714 aequo
348 1623 462 1694 animo
495 1623 650 1694 laturum
688 1623 861 1711 sciebant,
895 1623 1126 1696 dilationibus
1158 1644 1213 1695 res
1247 1629 1318 1695 tarn
1351 1625 1514 1716 ambigua
1541 1623 1764 1715 interpositis

211 1743 454 1834 suspendenda
482 1743 684 1830 ridebatur,
721 1765 807 1834 quas
840 1745 965 1816 Poloni
992 1744 1183 1834 plurimum
1216 1744 1460 1816 abhorrebant.
1494 1745 1672 1834 Factaque
1699 1765 1763 1834 pu-

209 1863 303 1934 blica
329 1863 582 1953 protestatione
609 1863 646 1936 11
675 1865 783 1936 Ducis
811 1864 985 1936 Kauimiri
1013 1870 1048 1936 11
1076 1865 1227 1955 Sophiae
1255 1865 1427 1956 Reginae,
1458 1863 1681 1955 omniumque
1704 1863 1764 1935 Li·

210 1984 422 2054 thuanorum
459 1982 757 2070 consiliariorum,
796 1985 1010 2075 praesentia,
1049 1984 1140 2075 quod
1169 1985 1273 2072 satis,
1311 2005 1484 2074 superque
1517 1984 1604 2056 satis
1633 1986 1763 2056 Ducem

209 2103 326 2194 ipsum
353 2103 574 2174 Kanimirum
603 2103 644 2176 de
672 2105 881 2177 assumenda
913 2104 1027 2196 Regni
1059 2105 1227 2176 Poloniae
1259 2124 1384 2174 corona
1417 2104 1525 2175 variis
1558 2105 1694 2176 nuntiis
1729 2110 1764 2177 et

209 2223 500 2314 requisitionibus
529 2223 783 2312 solicitassent,
816 2229 850 2296 11
878 2225 970 2315 quod
999 2225 1093 2296 omni
1121 2223 1237 2296 debito
1266 2244 1345 2310 suo,
1376 2225 1407 2295 si
1431 2245 1498 2314 quo
1519 2223 1587 2296 sibi
1606 2225 1681 2296 iure
1700 2245 1760 2296 na·

210 2343 335 2430 111111,
370 2341 489 2414 divino
518 2347 553 2415 et
580 2345 731 2414 humano
759 2344 1036 2416 aestimabantur
1069 2343 1227 2430 obnoxii,
1263 2343 1562 2416 sufficientissime
1589 2345 1765 2434 perfuncti

211 2467 344 2550 essent,
373 2462 567 2534 discessum
595 2462 721 2534 animis
741 2464 941 2536 amaricatis
961 2470 996 2536 11
1015 2464 1164 2535 111111111
1184 2465 1364 2554 parabant.
1394 2463 1541 2536 Interim
1562 2463 1764 2536 solicitante

211 2583 342 2674 Sophia
369 2583 522 2674 Regina,
553 2605 572 2653 a
600 2583 812 2656 consiliariis
845 2583 1012 2655 Poloniae
1045 2583 1285 2655 huiuscemodi
1317 2583 1495 2656 conclusio
1529 2603 1607 2654 cum
1635 2604 1761 2674 magna

209 2703 419 2776 difficultate
447 2709 482 2774 et
509 2702 700 2775 renitentia
727 2703 789 2774 vin
817 2709 959 2792 accepta
986 2707 1054 2776 est:
1084 2707 1124 2774 ut
1152 2704 1232 2774 Dux
1261 2703 1479 2790 Kanimirus,
1509 2703 1570 2794 qui
1598 2708 1762 2775 111111-

209 2843 272 2914 per
297 2843 335 2895 re
364 2823 436 2893 alta
464 2827 499 2894 11
525 2822 650 2914 grandi
678 2841 789 2912 nequo
817 2823 1031 2910 consentire,
1060 2843 1171 2913 neque
1190 2822 1377 2895 dissentire
1402 2823 1533 2910 voluit,
1562 2822 1763 2896 couventio-

209 2964 288 3016 nem
315 2943 514 3034 generalem
533 2963 611 3014 cum
631 2941 734 3013 terris
762 2942 974 3015 Lithuauiae
1002 2949 1036 3014 et
1061 2941 1292 3034 Samagittiae
1311 2963 1351 3014 ac
1369 2943 1520 3016 Russiae
1540 2948 1672 3030 teneat,
1701 2942 1759 3016 de-

209 3064 405 3154 liberetque
432 3063 469 3134 11
497 3083 537 3134 11
565 3063 778 3153 adplenum
806 3083 911 3153 super
944 3063 1058 3154 Regni
1085 3063 1253 3134 Poloniae
1281 3063 1537 3152 acceptatione,
1567 3070 1601 3136 et
1629 3063 1760 3136 delibe-

210 3184 397 3270 rationem,
435 3181 765 3273 responsionemque
799 3205 898 3254 suam
931 3184 1070 3255 finalem
1104 3183 1277 3256 Praelatis
1311 3189 1345 3256 11
1372 3185 1561 3256 baronibus
1594 3184 1762 3256 Poloniae

210 3324 273 3394 per
299 3303 443 3375 nuntios
476 3325 558 3374 suos
592 3303 628 3374 111
656 3304 886 3376 conventione
918 3301 1247 3394 Ppotrkovicnsi2),
1282 3325 1344 3394 pro
1377 3303 1432 3376 die
1464 3303 1682 3394 Epiphaniae
1710 3313 1761 3376 te·

210 3423 339 3512 nenda,
367 3424 537 3496 11111111.
567 3423 657 3495 Casu
684 3445 765 3496 vero
785 3445 852 3514 quo
873 3424 1091 3514 contingeret
1110 3424 1212 3495 111111
1232 3429 1411 3514 acceptare
1431 3424 1652 3512 electionem,
1674 3425 1762 3496 obli·

210 3544 315 3636 gabat
343 3566 379 3616 se
407 3566 468 3635 pro
497 3543 679 3615 Dominica
707 3543 937 3634 carnisprivii
966 3545 1050 3615 Esto
1084 3544 1187 3630 mihi,
1218 3544 1416 3616 Guacoviam
1452 3550 1655 3628 venturum,
1694 3544 1762 3616 nisi

211 3665 300 3734 iorte
327 3664 465 3736 interim
497 3685 635 3736 veraces
663 3673 698 3735 et
725 3664 936 3753 approbatae
971 3665 1226 3735 intervenirent
1259 3665 1300 3735 de
1330 3665 1402 3734 vira
1439 3663 1625 3734 Wladislai
1653 3663 1761 3754 Regis

211 3784 413 3876 Hungariae
442 3789 476 3854 11
503 3784 670 3854 Poloniae
702 3784 890 3854 novitates.
926 3785 1001 3856 Hoc
1034 3784 1258 3856 conclusione
1290 3785 1411 3854 habita
1444 3793 1478 3854 et
1508 3782 1620 3853 literis
1657 3783 1762 3852 1111111

211 3905 384 3976 Kaaimiri
413 3906 564 3989 firmata,
595 3903 711 3974 nuntii
739 3904 852 3995 Regni
871 3904 1039 3976 Poloniae
1072 3904 1275 3974 muneribus
1307 3902 1484 3984 honorati,
1515 3902 1550 3971 11
1582 3903 1758 3972 Poloniam

211 4025 359 4110 reuersi,
389 4045 477 4113 quae
496 4022 650 4114 egissent
669 4023 815 4094 caeteris
841 4023 1039 4109 insinuant,
1070 4029 1104 4094 ct
1129 4023 1314 4095 conventio
1335 4023 1623 4112 Pyotrhoviensis
1640 4019 1670 4104 ³)
1701 4044 1760 4111 pro

211 4144 268 4214 die
296 4143 514 4234 Epiphaniae
541 4142 746 4214 celebranda
774 4143 983 4215 decernitur.
1014 4145 1086 4215 Sub
1115 4143 1239 4214 iisdem
1269 4142 1485 4232 temporibus
1509 4162 1578 4233 pau
1599 4163 1677 4212 cum
1696 4142 1761 4212 Ni·

211 4265 308 4336 colao
336 4265 431 4334 Iluce
459 4262 722 4334 Rathiboriensi
750 4265 951 4350 reformata,
981 4263 1446 4353 1111111111811111114)
1474 4283 1536 4352 per
1557 4284 1634 4334 eum
1655 4263 1761 4332 inter·

211 4391 365 4476 ceptum,
396 4383 547 4476 Sbignec
577 4383 737 4474 episcopo
766 4391 800 4456 11
828 4405 911 4456 suae
939 4383 1106 4456 ecclesiae
1134 4382 1356 4455 cracoviensi
1383 4383 1588 4454 restitutum
1617 4387 1681 4454 est.

321 4659 342 4736 ¹)
364 4662 433 4720 Dux
463 4660 640 4720 Lithuaniae
677 4655 740 4719 Ed.
763 4655 853 4739 Lips.
887 4654 913 4739 ²)
937 4657 1151 4717 Petricoviensi
1184 4651 1259 4717 Cod.
1283 4653 1351 4716 Lis.
1384 4652 1407 4733 ³)
1432 4654 1660 4714 Petricovicnsis
1686 4647 1761 4714 Coc.

210 4761 278 4825 Lis.
303 4760 329 4840 ⁴)
353 4764 482 4824 Saeuior
506 4759 582 4824 Cocl.
607 4760 672 4822 Lis.
696 4763 838 4838 Syewyor
860 4759 923 4821 Ea.
947 4757 1038 4842 Lips.
