4052 6286
100 521 173 623 (Α.
190 523 235 596 D.
255 523 381 621 1460.)
617 546 730 601 orsus
756 541 1002 601 uuounomrus
1029 529 1143 618 (ιιιιι).
1575 525 1651 602 471

101 730 295 804 custodivit
322 735 357 804 et
384 731 514 805 tenuit:
543 733 734 822 humanus,
762 734 967 826 civilisque,
996 739 1031 808 et
1058 735 1144 808 benc
1172 734 1297 827 agendi
1330 733 1495 827 cupidus,
1529 737 1590 829 qui
1618 741 1654 810 et

101 853 178 926 suis
200 851 368 943 potentiis
388 851 605 925 christianos
625 859 746 927 contra
765 855 932 940 Tuscum,
960 854 1144 927 dummodo
1163 854 1367 928 Kauimirus
1386 855 1554 928 Potoniuo
1574 857 1653 931 Rex

100 972 139 1043 id
159 971 226 1045 sibi
246 971 467 1064 imperasset,
496 974 637 1047 enixius
656 997 693 1048 se
717 975 919 1048 iuvaturum
948 975 1139 1062 obtulerat,
1168 976 1230 1067 qui
1250 977 1276 1064 ¹)
1305 976 1532 1050 Tharturcs'u
1551 995 1650 1069 prue-

100 1093 158 1166 dis
186 1099 221 1165 ot
246 1093 380 1184 rapinis
413 1094 638 1184 abstrahens,
674 1115 776 1188 agros
809 1097 938 1183 colere,
972 1096 1191 1169 mechanicus
1223 1100 1316 1170 artes
1347 1117 1465 1190 agere,
1494 1103 1530 1170 ct
1556 1099 1653 1171 lubo-

100 1221 178 1286 rato
194 1212 224 1303 Β)
251 1219 313 1286 aut
340 1219 491 1287 mercato
519 1221 681 1308 coegerat
708 1216 838 1289 vivore.
868 1216 910 1287 In
938 1216 1107 1304 Peloros,
1136 1216 1197 1308 qui
1223 1218 1423 1309 nequenter
1440 1219 1532 1310 upud
1551 1218 1654 1291 illum

102 1335 254 1426 agebunt
281 1334 463 1424 militium,
501 1337 593 1427 quod
626 1336 766 1409 enixius
793 1337 831 1408 in
859 1337 1108 1409 certaminibus
1140 1355 1201 1429 pro
1230 1358 1269 1410 eo
1297 1339 1487 1430 susceptis,
1516 1357 1654 1432 operum

101 1475 203 1527 suum
230 1475 292 1546 pro
321 1455 470 1528 victoria
497 1462 703 1545 nutassent,
733 1461 767 1530 et
793 1457 830 1529 in
851 1477 969 1529 omncs
989 1456 1206 1544 Christianos
1225 1459 1456 1551 undecunque
1475 1459 1519 1531 ud
1538 1481 1575 1532 se
1594 1481 1652 1532 vo·

99 1577 239 1648 uiantes
267 1583 302 1648 ot
328 1576 364 1648 in
385 1597 448 1648 suo
477 1565 729 1651 enumerantes
757 1578 930 1670 Imperio,
960 1577 1044 1650 adeo
1068 1578 1259 1666 humanus,
1288 1579 1406 1652 civilis
1426 1583 1461 1652 ct
1479 1580 1650 1667 liberalis,

98 1703 144 1768 ut
171 1715 389 1788 naquaquam
421 1697 568 1771 barbaro
605 1697 739 1770 homiui
775 1703 810 1770 ct
836 1699 872 1770 in
899 1698 1028 1770 ritibus
1056 1698 1302 1772 Mahumoticis
1338 1700 1499 1788 educato,
1533 1721 1653 1792 quum-

100 1817 159 1889 vis
186 1817 278 1889 nibil
305 1817 435 1890 attinet
454 1839 565 1891 moros
584 1819 725 1892 natione
743 1819 926 1912 perpendi,
960 1819 1145 1892 convenire
1173 1817 1372 1910 videbatur,
1405 1818 1528 1892 maiori
1555 1819 1652 1892 chri-

98 1938 312 2026 stianorum,
344 1959 446 2030 quam
475 1959 538 2010 suo
566 1939 691 2012 damno
719 1941 898 2012 extinctus
916 1937 959 2029 3).

499 2294 674 2384 lloprorrtl
696 2310 802 2367 moror
823 2293 1010 2366 bolonorum
1032 2297 1254 2367 recurrentur.

208 2542 357 2633 Tempus
376 2542 469 2633 apud
487 2543 638 2614 Polonos
652 2563 721 2615 uon
737 2542 819 2615 anui
831 2543 862 2633 ⁴)
881 2543 1121 2615 tantummodo
1140 2543 1351 2634 praesentis,
1371 2543 1431 2616 sed
1447 2549 1482 2616 et
1497 2545 1651 2618 trunsuc'·

97 2667 236 2750 torum,
265 2663 358 2736 omni
386 2683 513 2756 genere
540 2663 698 2737 malitiae
731 2663 982 2756 quodammodo
1011 2664 1218 2736 foecundum
1247 2663 1379 2753 oratu,
1414 2663 1489 2739 sive
1516 2685 1559 2738 ex
1588 2665 1652 2738 im·

98 2784 266 2874 punitate
293 2784 479 2872 scelernm,
509 2783 584 2856 sive
603 2805 645 2856 ex
665 2784 899 2857 diuturnitate
918 2784 1113 2877 vigentium
1133 2784 1273 2858 assidue
1296 2785 1485 2874 bellorum,
1515 2785 1590 2859 sive
1609 2805 1653 2860 ex

104 2903 321 2977 Caelestium
349 2904 574 2978 inclementia
601 2905 826 2997 proveniens:
855 2905 1021 2996 capillum
1051 2905 1142 2978 euim
1170 2905 1413 2978 adversantem
1443 2907 1599 3000 frangere
1621 2911 1656 2979 ct

98 3025 142 3097 in
170 3025 318 3098 circinos
346 3046 483 3118 cogere,
513 3025 555 3098 ad
576 3025 763 3099 muliebres
782 3025 973 3098 blanditias
992 3026 1158 3098 amictum
1183 3026 1357 3118 expolire,
1386 3027 1573 3100 caesarium
1593 3049 1651 3119 pc-

98 3147 193 3237 plis,
221 3147 305 3219 ioris
334 3151 368 3218 ct
396 3147 505 3234 domi,
534 3152 634 3220 nocto
663 3152 697 3219 et
724 3145 879 3218 interdiu
907 3147 1108 3234 obvolvere,
1138 3146 1288 3220 mollitie
1316 3146 1470 3240 corporis
1499 3167 1578 3220 cum
1605 3149 1652 3220 ie·

97 3265 210 3339 minis
238 3273 385 3355 certare,
414 3266 543 3359 capillo
572 3285 615 3341 ex
643 3267 795 3340 caesarie
822 3268 991 3359 permisso
1020 3267 1102 3340 illas
1129 3267 1284 3356 vincere,
1309 3267 1461 3360 pectoris
1488 3267 1651 3342 locutus·

98 3385 171 3460 ciis
199 3381 411 3478 splendoris,
441 3387 533 3479 quod
561 3388 650 3460 ullus
678 3385 739 3460 vix
771 3387 917 3461 ¹feminis
953 3387 1237 3479 permittebatur,
1272 3385 1475 3477 obvolvere,
1509 3384 1651 3486 illorum

99 3514 300 3599 temporum
328 3508 458 3600 grande
486 3509 630 3581 extabat
658 3509 850 3600 specimen,
889 3515 924 3584 et
952 3530 1193 3600 perversorum
1229 3509 1389 3602 nequitia
1418 3532 1480 3602 por
1502 3511 1653 3583 dissolu·

99 3635 178 3700 tum
206 3629 430 3720 impunitatis
453 3629 633 3703 licentium
666 3650 773 3722 supra
801 3630 945 3702 solitum
969 3635 1203 3704 excrescente.
1233 3630 1292 3703 Sic
1310 3630 1347 3704 in
1366 3630 1467 3703 aunis
1486 3631 1561 3704 illis
1580 3651 1652 3704 sce·

11 3795 14 3801 ·
98 3750 216 3822 larum
245 3749 419 3822 diluvium
447 3750 648 3840 inundavit,
683 3751 820 3843 quedl)
849 3771 967 3824 omncs
999 3752 1190 3824 sucinorum
1224 3752 1390 3825 terminos
1418 3751 1653 3825 trascendisse

98 3870 290 3943 videbatur
306 3869 336 3960 7)
364 3877 548 3944 structae.
578 3873 742 3965 Plerique
769 3874 904 3946 nullam
931 3873 1090 3946 habendo
1118 3872 1407 3965 patrimoniorum
1435 3871 1649 3945 aestimatio·

98 4011 201 4080 nem,
231 3990 340 4064 offenso
367 4012 490 4080 censu,
520 3993 556 4064 in
585 3995 679 4066 furta
706 3994 952 4068 dilabebantur
979 3999 1014 4068 et
1031 3994 1189 4087 rupinus;
1219 3995 1255 4066 in
1275 3993 1455 4066 nonnullis
1475 3993 1566 4066 euim
1586 3993 1651 4065 Po·

11 4139 15 4146 ·
98 4111 198 4184 lonis
225 4113 412 4184 notabatur
439 4133 582 4203 avarus,
612 4115 799 4207 superbus,
830 4119 930 4189 tener
957 4122 991 4189 et
1018 4115 1166 4208 degener
1184 4115 1339 4203 animus,
1367 4113 1574 4189 iustissimis
1594 4114 1652 4187 ob‘-

98 4233 245 4304 luctans
273 4232 445 4325 imperiis,
474 4240 509 4307 et
538 4236 581 4308 de
609 4235 727 4308 ordine
755 4236 937 4330 religionis
965 4235 1193 4323 christianae,
1224 4241 1259 4309 ct
1286 4235 1378 4328 quod
1406 4233 1523 4307 omniu
1550 4253 1651 4326 supa·

98 4356 162 4425 rat
189 4353 358 4442 facinora,
387 4354 429 4426 de
455 4355 594 4446 legibus
627 4355 758 4429 divinis
789 4362 823 4429 ct
851 4356 1101 4431 ecclesiasticis
1133 4357 1224 4429 mule
1256 4355 1481 4444 existimans,
1513 4375 1582 4427 non
1616 4365 1653 4428 st

100 4469 260 4546 malebat
292 4479 327 4547 ct
354 4475 669 4566 praevaricationes
698 4497 780 4549 suas
812 4477 1009 4566 emendare,
1027 4477 1099 4550 sed
1131 4495 1275 4569 superos
1290 4475 1333 4567 Β)
1362 4475 1416 4548 Ex
1436 4473 1653 4568 superiorum

100 4603 250 4666 suorum
278 4595 398 4684 lactis,
431 4595 625 4669 virtutibus
658 4601 719 4668 aut
746 4597 959 4690 imaginibus
996 4597 1217 4688 superbiens,
1250 4597 1460 4689 loquabatur
1495 4595 1652 4692 grandia,

99 4720 203 4787 totus
236 4715 407 4805 tumebat,
442 4717 543 4808 quasi
576 4717 648 4788 ulta
675 4723 710 4790 et
736 4718 875 4790 heroica
892 4697 1056 4808 'ipsamet
1088 4716 1246 4806 lecisset,
1280 4723 1315 4790 et
1342 4717 1417 4790 sine
1450 4717 1548 4790 cultu
1581 4716 1652 4788 rir-

99 4839 229 4908 tuosae
256 4835 420 4924 actionis,
450 4857 587 4929 semper
613 4858 650 4910 ae
678 4837 714 4910 in
738 4837 913 4912 anteriora
943 4837 1115 4910 ridiculus
1143 4837 1331 4911 'lbrasouis
1355 4837 1513 4910 imitator
1529 4839 1651 4909 extem

99 4956 223 5028 debat.
261 4955 387 5048 Itaque
413 4961 454 5028 ut
480 4979 549 5029 uon
582 4958 623 5029 de
652 4959 892 5051 singularibus
923 4960 1110 5050 personis,“³
1132 4959 1270 5032 sadda
1307 4939 1482 5031 univorsis
1522 4957 1653 5029 iustius
1696 5025 1698 5030 .

216 5247 239 5325 ¹)
262 5255 292 5310 ct
312 5246 375 5311 Ed.
399 5247 492 5332 Lo'ps.
524 5248 724 5330 “ielaborato
746 5246 810 5311 Ed.
833 5247 924 5333 Lapa.
957 5249 983 5330 3)
1006 5251 1153 5312 extinctus
1182 5255 1236 5312 cst.
1267 5247 1330 5311 Ed.
1361 5238 1451 5332 lips.
1482 5245 1509 5330 ⁴)
1531 5235 1562 5309 iu
1584 5249 1653 5308 anui

98 5349 172 5416 Ed.
196 5349 286 5435 Dipo.
313 5351 339 5432 ⁶)
364 5359 427 5414 erat
449 5351 534 5416 deust
555 5353 591 5416 io
616 5349 691 5418 Ood.
718 5349 805 5417 Calc.
834 5351 860 5433 ο)
881 5360 916 5414 ut
937 5349 1000 5417 Ed.
1025 5349 1115 5437 Lipu.
1139 5349 1164 5438 ι)
1186 5353 1337 5416 videratur
1359 5349 1532 5437 &Uipia
1557 5350 1583 5434 ⁸)
1606 5371 1653 5414 su-

96 5458 247 5536 periores.
270 5453 332 5518 Ed.
357 5449 447 5539 Lapa.
889 5485 915 5496 ··
1151 5463 1168 5501 ..s
1454 5469 1464 5496 ³·
1527 5481 1540 5496 ··
1587 5469 1591 5478 ·
