4052 6286
126 567 200 670 (A,
220 571 264 646 l).
285 567 413 669 1468.)
646 587 759 644 nnana
784 587 1029 643 nnonnonrns
1057 571 1170 660 (ιιιι).
1606 561 1687 640 ιιι

127 783 170 851 ιι
200 779 390 852 Iohannem
417 779 459 851 de
486 776 606 850 Pilcna
637 776 833 867 palatinum
866 775 1128 864 draccolenus,
1163 793 1250 868 qnos
1283 773 1441 846 ualitudo
1474 778 1682 863 retraxerat,

126 907 215 989 post
250 899 382 970 multos
409 896 588 970 atoarios
624 898 667 970 de
695 898 834 971 ferendo
867 897 956 990 Regi
976 897 1002 984 ¹)
1035 918 1097 988 pro
1125 895 1302 968 solvendis
1337 893 1576 986 stipendiariis
1609 896 1681 967 sud·

128 1019 261 1112 fragio,
291 1022 491 1108 tractatus,¹
507 1015 589 1090 dum
618 1018 751 1110 singuli
770 1022 805 1090 et
823 1019 969 1090 barones
995 1024 1029 1090 et
1048 1016 1220 1089 militares
1239 1017 1282 1089 dc
1299 1015 1440 1108 proprio
1468 1035 1590 1106 censu,
1619 1029 1682 1107 pro

127 1159 202 1230 quo
229 1160 250 1210 a
275 1139 372 1230 Rege
398 1139 626 1231 rogabantur,
655 1137 746 1210 nihil
773 1139 922 1226 vellent,
951 1137 1135 1230 allegando
1164 1157 1246 1209 snas
1265 1141 1439 1229 egestates
1458 1140 1494 1209 et
1511 1137 1680 1225 defectus,

127 1262 303 1332 conferre:
338 1259 399 1330 ιιι
432 1259 573 1331 tandem
605 1263 746 1332 etcum
778 1280 903 1351 magna
933 1259 1143 1330 difficultate
1170 1257 1206 1329 in
1233 1254 1480 1330 kmethonibue
1514 1258 1678 1345 fertones,

127 1380 269 1452 nuntiis
298 1379 403 1452 stium
430 1379 572 1452 Maioris
600 1380 767 1453 Poloniae
796 1387 965 1452 terrarum
985 1378 1302 1464 consentientibus
1332 1377 1478 1467 decreti,
1507 1401 1547 1453 ea
1565 1383 1681 1451 tamen

128 1500 348 1588 conditione,
375 1505 416 1572 ut
443 1499 664 1573 medietatem
692 1501 854 1588 sentenia,
888 1499 1053 1573 videlicet
1081 1519 1143 1572 ιιι
1169 1519 1325 1591 grossos,
1358 1499 1480 1572 haeres
1508 1501 1543 1571 ct
1570 1497 1679 1570 dorni-

128 1643 206 1694 nus
234 1621 342 1694 villae
370 1622 501 1708 solvat,
535 1621 623 1694 alios
642 1615 800 1695 residuos
821 1635 883 1694 sex
905 1635 1045 1714 grossos
1074 1613 1214 1692 hmetho
1232 1620 1372 1692 laneum
1400 1619 1571 1708 retinens,
1599 1640 1682 1710 pcn-

129 1741 209 1814 dat.
239 1743 353 1814 Rarus
381 1745 496 1814 tamen
524 1763 568 1814 ex
596 1742 810 1815 militaribus
838 1763 912 1814 earn
940 1740 1175 1813 conditionem
1195 1738 1366 1828 serravit,
1395 1739 1456 1812 sed
1475 1760 1575 1811 omne
1595 1760 1682 1811 onus

134 1861 327 1934 solutionis
355 1861 392 1932 ln
419 1863 623 1935 hmethones
655 1864 849 1935 rodostum:
887 1860 949 1953 qui
981 1867 1016 1934 et
1052 1859 1121 1952 ipsi
1162 1854 1316 1932 maxima
1346 1860 1512 1951 pauperie
1543 1861 1685 1951 propter

129 1984 325 2068 frumenta,
355 1997 442 2073 quae
470 1987 604 2055 aestate
631 1987 810 2056 transacta
837 1984 879 2055 ob
898 1982 1026 2054 imbres
1045 1981 1225 2068 cadentes,
1254 1971 1423 2054 steriliter
1441 1985 1683 2072 provenerant,

129 2109 173 2174 et
199 2102 326 2175 imbres
354 2102 424 2193 ipsi
450 2104 521 2176 fere
540 2124 676 2176 omnem
695 2103 731 2176 in
751 2109 918 2176 autumno
937 2101 1192 2194 impediverant
1220 2100 1406 2188 sationem,
1433 2101 1562 2192 pressi,
1582 2121 1684 2193 aegre

129 2223 236 2294 illam
263 2222 513 2314 adimplebant.
550 2224 752 2296 Karimirus
781 2225 858 2298 Rex
874 2222 905 2312 ²)
942 2223 1047 2295 robus
1079 2220 1233 2312 publicis
1259 2219 1297 2292 ιι
1324 2222 1479 2312 praelato
1511 2225 1685 2293 conventu

128 2342 257 2414 Nonae
283 2342 446 2414 Civitatis
462 2341 492 2432 3)
520 2345 740 2434 perfunctus,
770 2343 806 2417 in
835 2342 1034 2416 cracoviam
1066 2361 1129 2433 pro
1152 2341 1275 2414 diebus
1303 2339 1515 2414 Natiuitatis
1538 2337 1681 2429 Christi,

130 2463 200 2554 qui
226 2463 423 2552 instabant,
452 2463 570 2538 venire
597 2464 755 2536 distulit:
777 2462 989 2537 uexationes
1018 2461 1341 2554 stipendiariorum,
1370 2459 1499 2553 quibos
1526 2481 1588 2552 pro
1616 2463 1682 2534 lle-

129 2582 204 2655 stis
230 2582 361 2655 Christi
389 2583 518 2655 solutio
546 2585 659 2656 fuerat
687 2583 862 2674 pollicita,
892 2589 927 2656 ot
950 2603 1096 2674 quorum
1116 2583 1185 2654 iam
1204 2582 1394 2655 multitudo
1413 2583 1450 2654 in
1468 2579 1682 2670 Cracoriam,

127 2702 229 2776 diem
256 2703 482 2775 constitutam
511 2704 748 2796 anticipando,
783 2711 1007 2790 convenerat,
1036 2723 1222 2792 evasurus;
1256 2703 1316 2775 aed
1343 2703 1436 2794 apud
1462 2701 1599 2774 Novom
1627 2699 1681 2775 ul·

127 2823 281 2896 vitatem
296 2823 328 2907 4)
355 2843 425 2894 ιιι
451 2844 530 2896 curn
558 2829 717 2897 consorte
745 2845 809 2896 sua
834 2823 1019 2896 Elisabeth
1037 2821 1068 2913 l)
1095 2823 1129 2896 N
1131 2821 1318 2896 atalitium'
1336 2821 1467 2896 Christi
1495 2821 1578 2916 egit.

155 3177 295 3249 Ιιιιιιι
317 3177 497 3267 hungariae
520 3177 589 3250 llcx
611 3178 812 3252 lnltohioan
834 3179 958 3251 aladen
980 3180 1196 3266 concoloros,
1226 3178 1398 3250 luxuriem
1423 3179 1500 3268 igne
1522 3179 1664 3252 etiarm

320 3301 444 3370 orout.
468 3299 617 3371 nooman
639 3299 794 3372 deludens
817 3317 837 3371 o
859 3301 944 3372 lluoo
966 3299 1219 3388 ιιιςιιιιιιιιι
1241 3299 1311 3370 nolo
1334 3302 1503 3418 amostra

241 3545 365 3616 Annus
392 3544 451 3617 hic
477 3545 639 3636 pluribus
672 3546 811 3618 casibus
844 3547 938 3619 roris¹
967 3549 1001 3618 et
1029 3545 1196 3619 effusione
1227 3547 1344 3638 ampla
1376 3547 1560 3640 sanguinis
1592 3547 1683 3621 chri-

128 3665 246 3737 stiani
277 3664 443 3757 insignis:
477 3687 557 3737 nam
588 3665 625 3737 in
660 3667 811 3758 singulis
843 3669 913 3740 dere
944 3666 1078 3759 Ragnis
1105 3671 1140 3739 ιι
1166 3667 1383 3758 regionibus,
1417 3667 1683 3760 multiplicitate

127 3784 302 3858 imbrium
330 3789 511 3873 causante,
541 3789 575 3858 et
602 3807 657 3874 ιι,
687 3807 776 3877 quaa
795 3786 832 3859 in
851 3785 1010 3888 frugibus
1038 3791 1287 3878 provenerant,
1322 3789 1415 3860 inere
1443 3787 1622 3880 corrupta,
1651 3794 1686 3860 et

128 3905 292 3978 omnium
325 3906 463 3997 frugum
497 3905 586 3978 satio
619 3907 781 3981 hiemalis
813 3907 997 3998 impeditam
1035 3923 1078 3980 ιι
1114 3929 1181 3998 ιιι
1209 3907 1246 3980 ιι
1273 3903 1450 3999 plerisque
1482 3907 1685 4000 regionibus

128 4045 293 4097 annonae
325 4024 453 4097 caritas
486 4025 672 4100 subsecuta
705 4033 769 4101 est.
808 4030 851 4100 In
879 4027 1067 4100 Valachiae
1100 4027 1257 4119 regione,
1291 4027 1374 4100 dum
1406 4027 1505 4100 illam
1533 4027 1686 4100 blathins

128 4144 340 4237 Hungariae
367 4145 461 4232 Rex,
494 4167 515 4217 a
541 4147 754 4238 proprietate
787 4147 901 4240 Regni
933 4147 1101 4221 Poloniae
1133 4148 1389 4234 abstracturus,
1426 4167 1509 4220 suae
1540 4147 1686 4220 ditionis

129 4265 250 4336 facere
277 4269 475 4354 conaretur,
505 4267 602 4339 clade
629 4267 764 4360 ingenti
792 4289 812 4339 ι
839 4269 1016 4360 Stephano
1044 4268 1253 4359 Woyewoda
1281 4268 1469 4342 Valachiae
1502 4273 1558 4358 (ut
1583 4286 1683 4359 prae-

130 4383 360 4475 scripsimus)
393 4386 556 4475 obrutus,
593 4388 757 4478 piurimis
791 4389 833 4461 de
866 4388 941 4460 suis
963 4387 1196 4482 desideratis,
1229 4387 1266 4459 in
1295 4388 1455 4480 Regnum
1483 4388 1686 4480 Hungariae

130 4503 297 4594 trepidus
324 4505 465 4597 refugit.
494 4506 577 4580 hlox
605 4513 721 4582 autem
745 4508 968 4581 Valachicam
987 4508 1122 4580 cladem
1140 4527 1229 4580 novo
1248 4505 1341 4581 bello
1360 4513 1595 4595 correcturus,
1625 4507 1685 4582 ei-

128 4623 289 4712 rnihoni,
328 4625 491 4698 damnato
524 4631 559 4699 et
591 4627 749 4720 deposito
776 4649 797 4700 a
824 4628 945 4721 Regno
982 4627 1171 4700 Bohemiae
1207 4626 1313 4720 Regi,
1351 4629 1483 4701 bellurn
1520 4627 1685 4716 inferens,

130 4743 232 4817 circa
259 4745 424 4836 oppidum
452 4745 668 4820 draebicaou
695 4753 730 4820 et
756 4748 861 4837 aliae,
890 4750 1020 4820 multos
1047 4749 1160 4839 partis
1187 4747 1361 4821 Irailronis
1395 4749 1476 4841 igne
1508 4754 1543 4822 et
1557 4747 1687 4846 ¹gladio
1737 4791 1739 4796 ·

131 4863 311 4952 extinxit,
350 4866 480 4937 multos
517 4887 561 4938 ex
595 4867 670 4939 suis
701 4867 925 4940 desideravit.
960 4868 1244 4960 Burgundiorum
1276 4869 1357 4940 Dux
1385 4869 1546 4957 deroldus,
1575 4869 1686 4942 defec-

130 4984 269 5057 tionem
297 4985 435 5073 Leodii,
463 4986 593 5059 nobilia
619 4988 734 5076 urbia,
764 5009 852 5080 quae
879 4990 1073 5079 praefectos
1097 4993 1159 5060 aut
1184 4989 1386 5062 extinxerat
1409 4995 1471 5062 ιιι
1489 4991 1686 5082 expulerat,

248 5275 271 5356 ¹)
294 5278 439 5340 Gasimiro
462 5279 537 5356 Regi
559 5277 623 5341 Ed.
646 5276 737 5362 Lapa.
770 5276 960 5358 ⁹)Poloniae
983 5281 1046 5340 Rex
1068 5275 1132 5341 md.
1155 5275 1246 5362 Dipa-
1278 5277 1305 5357 ³)
1328 5293 1424 5342 novae
1454 5281 1590 5342 Olvilatie
1612 5281 1687 5342 Kor-

133 5383 205 5445 cxin
238 5377 300 5442 md.
331 5379 422 5464 Lipr.
456 5379 481 5462 ⁴)
513 5384 591 5460 apud
622 5401 728 5444 novam
759 5383 915 5444 Civitatem
945 5383 1073 5443 Korcain
1108 5379 1170 5445 Ed.
1202 5381 1293 5466 Lipe.
1329 5379 1357 5463 ⁸)
1390 5381 1544 5446 Elisabeth
1573 5379 1688 5462 Regina

133 5481 205 5547 Ed.
228 5481 321 5567 Lips.
1714 5513 1717 5518 ·
