4082 6284
392 569 467 644 366
899 583 1012 638 urens
1038 581 1282 638 moneamus
1310 565 1423 653 (ιω).
1659 557 1728 657 (Α.
1746 557 1795 632 D.
1814 555 1937 655 tucn)
2001 555 2004 560 ’

385 793 465 852 cum
484 771 703 869 sexingentis
723 772 903 865 equitibus
922 771 959 843 in
978 769 1145 842 solatium
1164 769 1192 858 1)
1214 767 1392 854 ueniebat,
1422 768 1481 840 sed
1501 787 1522 838 a
1541 766 1758 858 fugientibus
1777 765 1821 838 dc
1840 764 1935 837 ciaclc

387 891 528 972 suorum
557 896 716 982 edoctus,
746 898 781 967 ct
807 893 885 984 ipse
911 892 954 964 ad
982 889 1124 982 propria
1150 889 1257 961 citato
1285 887 1423 980 agmine
1442 887 1611 978 perfugit,
1639 885 1807 978 pluribus
1824 889 1938 957 tamen

387 1021 429 1092 cic
457 1017 532 1089 suis
559 1035 621 1108 per
647 1019 769 1107 gentes
797 1012 911 1105 regias
941 1015 1003 1082 aut
1030 1008 1160 1100 ceptis,
1190 1014 1251 1080 ant
1279 1007 1415 1080 occisis.
1444 1008 1575 1098 Gaspar
1601 1005 1806 1078 Nostbuicr
1834 1009 1869 1077 ct
1885 1025 1936 1076 ro·

388 1137 480 1230 liqui
508 1139 647 1228 fugaces
676 1133 790 1206 literis
819 1151 954 1218 corum,
984 1130 1109 1221 quiin
1137 1130 1269 1221 regiam
1297 1147 1423 1201 uenere
1451 1127 1712 1218 captiuitatem,
1741 1129 1936 1212 mouentur,

388 1263 430 1330 ut
456 1257 551 1348 pacti
578 1271 762 1342 memores,
793 1271 829 1325 se
856 1251 893 1323 in
922 1250 1163 1342 captivitatum
1190 1249 1401 1320 Poionorum
1421 1247 1509 1338 Regi
1528 1251 1804 1337 repraesentent.
1833 1245 1936 1317 Keri-

390 1377 500 1450 mirus
528 1376 606 1448 Rex
634 1371 784 1462 milites,
813 1371 874 1462 qui
903 1370 1042 1442 enixius
1070 1369 1107 1440 in
1134 1368 1336 1440 huiusmodi
1368 1385 1555 1459 congressu
1587 1369 1847 1458 pugnaverant,
1878 1367 1936 1436 bo

390 1501 594 1584 erraturae,
624 1493 768 1567 Petrum
787 1490 905 1563 Duniu
925 1489 1217 1562 snccamercrium
1237 1487 1569 1574 Sandomirienscm‚
1600 1487 1824 1578 capitaneum
1843 1505 1937 1558 exer·

390 1616 499 1702 citus,
520 1615 561 1687 dc
580 1613 681 1686 domo
700 1613 914 1704 cygnorum,
936 1603 1086 1682 Paulum
1105 1607 1310 1700 Iassyenski
1330 1612 1447 1699 (quem
1467 1607 1504 1678 in
1523 1607 1764 1698 superioribus
1783 1606 1936 1678 nomina·

390 1735 455 1824 ri),
478 1734 722 1806 Wenceslanm
741 1729 939 1822 Nyeborslri
951 1728 994 1818 ²),
1015 1728 1201 1801 Nicolaum
1221 1725 1475 1800 Wiilranouski
1494 1727 1536 1798 de
1554 1727 1654 1797 bomo
1673 1725 1936 1813 Pranditcrum,

391 1854 601 1926 Tomirouem
617 1851 648 1940 3)
676 1852 717 1924 ue
745 1849 845 1922 domo
874 1849 1122 1935 Odrowanscb,
1152 1847 1400 1936 Iauussium⁴)
1428 1847 1607 1936 Dlugosch
1635 1845 1807 1918 dedomo
1835 1845 1935 1936 Wpa

390 1990 527 2066 nyuua,
557 1976 592 2044 ct
618 1971 707 2044 alios
734 1969 882 2062 triginta
909 1967 1044 2041 decoris
1071 1965 1271 2060 insignibus
1299 1966 1513 2038 militaribus
1532 1963 1732 2056 insignivit.
1761 1963 1937 2038 Felicitas

392 2091 561 2184 auspiciis
580 2091 655 2163 dics
674 2092 759 2162 baec
777 2088 911 2161 decima
929 2088 1079 2179 septima
1097 2086 1228 2159 mensis
1251 2085 1466 2177 Septembris
1483 2085 1513 2171 5)
1542 2084 1686 2156 Polonis
1714 2085 1937 2175 provenerat:

336 2239 340 2246 ¹
392 2231 432 2286 eo
460 2211 635 2303 siquidem
661 2209 718 2283 die
745 2209 782 2282 in
810 2209 925 2281 tribus
953 2207 1035 2280 aliis
1062 2207 1167 2294 iocis,
1196 2205 1361 2278 uidelicet
1392 2205 1484 2278 circa
1511 2204 1634 2276 uillam
1665 2205 1895 2296 Iasspcnpecu
1909 2205 1937 2292 6)

392 2331 430 2404 in
457 2330 614 2403 Musonio
639 2347 702 2422 per
728 2328 914 2401 Nicolaum
941 2328 984 2400 dc
1010 2327 1221 2418 Podcrayou
1238 2325 1459 2416 capitaneum
1478 2325 1718 2412 Piocrensem,
1748 2324 1833 2397 item
1853 2324 1939 2396 cirea

394 2452 554 2542 Suyccne
579 2469 642 2540 per
667 2453 790 2540 gentes
819 2445 1029 2520 Wlockonis
1058 2465 1102 2519 cx
1120 2445 1275 2538 Nalrpei,
1304 2445 1390 2518 item
1409 2445 1501 2517 circa
1518 2444 1665 2516 flurium
1684 2444 1792 2516 Pisch
1812 2445 1936 2532 hostes,

394 2569 455 2662 qui
482 2587 525 2642 ex
554 2567 731 2655 Gheimno,
762 2567 876 2640 (loiub
904 2570 939 2638 et
967 2565 1161 2638 Brodnicna
1187 2565 1335 2658 egressi,
1365 2565 1479 2656 spolia
1497 2563 1533 2634 in
1554 2564 1731 2636 Maserius
1750 2565 1889 2635 Ducatu
1905 2571 1938 2636 et

394 2687 481 2762 aiibi
509 2683 674 2780 egebant,
702 2685 803 2779 graui
830 2683 934 2759 caede
960 2684 1114 2758 conflicti
1142 2689 1236 2756 sunt.

393 3039 517 3111 iliricu
538 3037 728 3110 munaum
750 3038 963 3126 captivitato,
986 3053 1081 3127 curm
1103 3037 1276 3108 biennius
1300 3038 1386 3126 bicgo
1409 3037 1580 3108 bubonion
1595 3039 1748 3127 pcrtnbt,
1771 3056 1871 3126 oport
1884 3040 1936 3109 lr-

396 3159 499 3230 chriti
521 3158 670 3230 boionius
696 3156 793 3246 lingis
822 3157 966 3243 colatur,
997 3157 1147 3246 oppidum
1169 3156 1267 3229 buno
1289 3156 1403 3228 ironic
1424 3158 1542 3229 civim
1565 3159 1732 3244 aninum,
1763 3161 1936 3248 cormunt

498 3401 574 3475 Nec
600 3403 712 3474 multo
744 3404 840 3492 post,
873 3400 1039 3474 videlicet
1071 3401 1237 3474 uicesima
1270 3403 1394 3494 quinta
1425 3402 1584 3476 Octobris
1601 3403 1644 3492 ⁷),
1679 3403 1825 3476 Ubicns
1852 3403 1935 3476 Ouir-

397 3524 535 3609 uouko,
564 3543 627 3614 per
653 3521 871 3594 Kerimirum
898 3519 1065 3593 Poioniac
1093 3522 1224 3613 Regem
1251 3522 1294 3595 ab
1322 3523 1456 3596 iniusta
1474 3523 1698 3613 captivitate,
1728 3543 1834 3614 quam
1852 3523 1936 3615 spui

398 3642 584 3734 Georgium
612 3639 800 3713 Bonamicus
827 3641 958 3732 Regem
986 3641 1067 3730 pius
1095 3657 1199 3732 quam
1226 3641 1367 3714 biennio
1395 3643 1602 3733 pertulerat,
1632 3643 1788 3730 solutus,
1818 3663 1861 3716 ex
1888 3664 1934 3716 cc·

398 3766 470 3834 stro
489 3761 585 3853 regio
605 3760 738 3848 Goiub,
766 3759 947 3832 duodecim
968 3758 1183 3833 satellitibus
1203 3761 1294 3847 suis,
1324 3781 1411 3852 quos
1430 3761 1611 3852 liikpcsch
1624 3760 1655 3851 8)
1683 3763 1863 3835 Bohcmus
1879 3765 1933 3835 ‹iu-

400 3881 518 3968 ccbot,
548 3881 585 3952 in
612 3879 778 3972 oppidum
810 3877 940 3968 (lolub,
974 3879 1065 3970 quod
1088 3879 1242 3951 bostium
1266 3867 1442 3972 frequenti
1473 3882 1657 3954 tenebatur
1688 3883 1880 3973 praesidio,
1906 3885 1935 3955 iu

398 4005 499 4072 nocte
534 4019 642 4091 opaca
673 3999 820 4072 silenter
852 4017 896 4071 cx
923 4005 1038 4070 castro
1067 3998 1296 4089 intromissis,
1326 4001 1387 4092 qui
1402 4001 1433 4090 9)
1461 4001 1630 4093 uigilibus
1654 4002 1796 4088 occisis,
1825 4007 1934 4094 portas

399 4115 456 4192 iili
480 4118 723 4210 epulante),
749 4137 831 4190 cum
857 4118 1246 4211 gentibusingrossus,
1276 4120 1441 4212 oppidum
1476 4121 1594 4193 fraude
1629 4121 1762 4194 ciuium
1796 4121 1865 4195 sibi
1889 4123 1932 4194 iu-

397 4243 592 4329 terceptum
624 4241 821 4329 recuperat,
850 4243 885 4311 et
903 4237 1058 4310 bostium
1077 4238 1122 4326 11)
1149 4239 1362 4329 preasidium
1388 4240 1516 4331 partim
1539 4246 1656 4328 necat,
1684 4241 1816 4332 partim
1834 4241 1932 4333 capti·

398 4363 475 4444 uat3
512 4357 715 4444 nonnullos,
755 4355 883 4448 quiin
911 4357 998 4429 duas
1027 4361 1141 4429 turres
1170 4360 1346 4450 fugerant,
1384 4361 1464 4451 igne
1496 4359 1653 4432 adhibito
1685 4359 1863 4432 contrabit
1880 4359 1940 4450 ¹²)3-

399 4476 604 4550 defectionis
632 4492 769 4568 quoque
796 4476 1004 4548 authoribus
1036 4477 1149 4550 securi
1180 4479 1372 4568 percussis,
1406 4479 1571 4570 oppidum
1599 4477 1636 4551 iu
1663 4480 1796 4571 regiam
1823 4481 1929 4554 uendi-

400 4601 456 4668 cat
471 4599 700 4687 potestatem,
721 4594 844 4667 multis
864 4595 988 4686 spoliis
1006 4595 1197 4669 hostilibus
1215 4597 1362 4688 potitus.
1391 4597 1683 4670 victoriosorum
1701 4602 1795 4690 apud
1813 4600 1930 4672 Pucali

400 4715 543 4789 obtenta
568 4732 648 4789 ¹cum
675 4715 903 4806 sequentibus
923 4713 979 4804 ¹³),
1008 4735 1147 4788 rursum
1175 4717 1212 4788 in
1239 4715 1457 4790 Kcaimirum
1486 4716 1652 4790 Pcloniao
1679 4719 1811 4812 Regem
1832 4719 1928 4811 piuri-

508 5021 532 5100 1)
555 5023 585 5081 in
607 5023 750 5083 auxilium
770 5009 835 5082 Ed.
859 5017 949 5106 Lips.
982 5020 1203 5100 ²)Niebawski
1227 5019 1302 5087 Coa.
1325 5021 1434 5086 Przaa.
1466 5024 1492 5103 3)
1510 5025 1724 5087 .Tbuncaonem
1753 5020 1829 5088 Occi.
1853 5021 1927 5089 Colca

400 5120 580 5188 Hinoaonem
605 5112 681 5186 Cocl.
704 5117 812 5185 Przez.
842 5121 868 5202 ⁴)
890 5123 1030 5186 ioannem
1053 5118 1117 5187 Ed.
1141 5122 1231 5208 Lips.
1265 5125 1290 5202 5)
1313 5123 1486 5188 Decembris
1511 5122 1586 5189 coa.
1612 5123 1699 5190 Calc.
1732 5126 1759 5208 ⁶)
1782 5127 1927 5205 Inmenpclr

404 5221 480 5288 ooo.
506 5221 593 5289 Calo.
619 5223 646 5305 7)
668 5227 812 5303 vigesima
833 5231 939 5288 octava
960 5229 1070 5288 mensis
1093 5228 1230 5290 Octobris
1252 5226 1315 5292 Ed.
1338 5227 1432 5314 Lips.
1457 5229 1483 5308 ⁸)
1505 5231 1642 5292 Mikoscir
1664 5227 1727 5291 Ed.
1751 5229 1841 5314 Lipa
1863 5229 1927 5308 ’μυ

403 5325 468 5392 Eoi
496 5326 591 5412 Lipr.
626 5325 665 5406 ¹⁰)
699 5329 898 5406 mentibus
926 5327 991 5394 Ed.
1021 5326 1112 5412 laps.
1148 5327 1185 5409 ¹¹)
1216 5331 1324 5394 cosme
1346 5329 1409 5395 Ed.
1432 5330 1523 5415 Lipr.
1559 5331 1597 5412 ¹²)
1620 5334 1749 5397 extrahit
1768 5332 1831 5398 nid.
1850 5330 1926 5415 Lipc.

408 5427 447 5510 18)
471 5449 536 5492 cum
559 5431 683 5494 metens
706 5433 954 5523 consequentibus
976 5429 1039 5494 Ed.
1062 5429 1154 5525 Ilipa
1785 5473 1797 5504 ,·
