4082 6284
411 562 485 637 alo
918 575 1033 638 amas
1059 578 1303 634 nuouacnrus
1332 555 1447 648 (nur).
1680 546 1751 648 (A-
1769 545 1815 625 ll.
1833 543 1951 648 lm)

410 773 570 862 possent,
600 767 845 842 offerebantur.
874 766 952 842 Rex
979 769 1097 840 tamea
1124 762 1298 836 desiderio
1326 759 1468 834 ridendi
1499 758 1681 832 Poloniam
1709 763 1743 830 et
1771 757 1900 830 liberos
1925 763 1953 831 ol

409 895 590 984 parentem
609 893 644 962 et
662 887 860 981 coniugem,
888 887 932 960 ad
955 884 1203 962 remanendum
1221 904 1291 956 non
1308 885 1446 974 poterat
1464 879 1594 954 induci.
1623 879 1884 952 Discessionem
1900 901 1952 950 au-

410 1015 481 1102 tem
508 1009 687 1084 exercitus
721 1008 860 1102 iniussu
896 1027 959 1080 sno
987 1007 1132 1094 iactam,
1164 1005 1249 1078 adeo
1278 1005 1358 1078 Rex
1385 1003 1531 1076 moleste
1557 999 1659 1090 tulit,
1689 1005 1730 1072 ut
1756 1003 1901 1074 vereret
1924 1021 1954 1073 so

413 1153 592 1226 uunquam
621 1152 699 1203 cam
727 1133 799 1202 tam
826 1128 1047 1202 inobediente
1075 1126 1189 1200 milite
1216 1126 1311 1199 bella
1337 1129 1537 1218 gesturum3
1566 1121 1743 1194 exercitus
1767 1141 1853 1192 rere
1875 1119 1953 1211 regi-

414 1251 506 1326 mine
534 1272 597 1322 suo
623 1253 808 1343 gravatus,
840 1249 919 1342 pari
952 1246 1173 1321 execratione
1205 1245 1390 1319 devoveret
1422 1266 1459 1316 se
1487 1263 1666 1334 nunqnam
1697 1263 1761 1314 suo
1794 1241 1905 1312 ductu
1928 1247 1956 1311 ot

414 1371 583 1464 auspiciis
610 1371 687 1446 sine
715 1369 880 1444 donativo
903 1368 1151 1442 militaturum.
1179 1366 1362 1458 Nusquam
1382 1365 1419 1438 iu
1438 1365 1556 1456 aliquo
1582 1362 1753 1454 superiori
1771 1361 1868 1435 bello
1886 1361 1957 1452 plus

415 1491 572 1566 iacturae
590 1496 788 1584 acceptum:
817 1487 1033 1582 septingenti
1049 1487 1209 1560 homiues
1233 1488 1323 1560 lame
1342 1491 1377 1560 et
1394 1490 1493 1578 peste
1511 1484 1677 1571 extincti,
1705 1488 1843 1576 septem
1863 1502 1958 1572 equo-

415 1635 492 1686 rum
520 1611 634 1686 millia
661 1614 751 1686 lame
774 1611 963 1697 tabefacta3
992 1609 1052 1684 sod
1071 1629 1134 1682 nec
1153 1607 1269 1680 minas
1287 1607 1516 1700 ignominiae:
1546 1605 1767 1679 insultabant
1794 1602 1889 1675 onim
1906 1601 1957 1673 ob·

417 1733 613 1806 sidentibus
633 1733 660 1822 ¹)
688 1731 838 1820 obsessi,
867 1730 964 1824 ipsas
992 1750 1073 1802 sues
1101 1728 1254 1805 dolabris
1282 1727 1450 1820 oppidum
1464 1725 1507 1816 ²),
1537 1727 1630 1818 quod
1649 1725 1897 1798 dimittebatur
1914 1722 1958 1794 iu·

417 1857 674 1947 expugnatum,
704 1873 773 1926 non
792 1856 845 1926 tot
863 1851 996 1926 milites
1025 1850 1131 1924 armis
1151 1869 1350 1942 expugnare
1378 1848 1551 1940 potuisse3
1580 1847 1803 1920 insultabunt
1832 1850 1867 1918 et
1889 1845 1959 1936 plu·

417 1996 473 2048 res
500 1974 564 2051 alii
591 1973 784 2047 cometanei
799 1970 831 2061 3)
858 1973 1069 2046 Polonorum
1097 1970 1277 2063 segnitiei,
1301 1969 1402 2062 ,quod
1434 1969 1566 2042 bellurn
1594 1967 1811 2040 sustinerent
1839 1964 1961 2056 potius,

418 2116 523 2190 quam
542 2094 721 2166 inferrent.
741 2092 999 2170 Discessionem
1016 2095 1134 2164 autem
1154 2089 1328 2164 exercitus
1344 2093 1379 2162 et
1393 2093 1526 2162 motum
1546 2091 1756 2174 castrorum,
1779 2091 1814 2158 el
1834 2106 1961 2156 omnen

419 2215 557 2306 colpam
585 2213 623 2286 in
650 2214 841 2288 Iohannem
868 2211 1046 2286 Naschian
1062 2211 1093 2300 4)
1122 2211 1164 2282 de
1192 2210 1403 2297 Ostrosoae
1432 2209 1601 2280 dedomo
1630 2207 1863 2299 Bipennium,
1890 2227 1961 2276 oon-

418 2335 587 2429 gersbant
613 2332 763 2427 singuli,
796 2332 889 2426 qaod
920 2331 997 2406 eius
1025 2352 1148 2404 currus
1176 2331 1281 2422 primi
1307 2329 1352 2402 ad
1378 2329 1447 2402 iter
1474 2351 1511 2401 se
1539 2329 1796 2414 accinxissant,
1826 2325 1962 2418 ipsoque

419 2453 644 2531 discessionis
671 2457 773 2528 autor
801 2451 926 2526 fnisset
952 2450 1152 2544 primarius.

436 2807 617 2899 baduinus
639 2808 708 2880 lter
731 2807 917 2883 macedam
938 2805 1026 2878 rodit
1049 2807 1084 2878 el
1107 2805 1315 2894 baptismalia
1337 2805 1404 2876 llllo
1427 2821 1486 2876 suo
1510 2804 1669 2875 dormito
1685 2805 1782 2888 nato,
1806 2803 1954 2874 celebrat

527 3055 721 3148 Inprimis
753 3053 911 3142 stativis,
947 3074 1035 3144 qaae
1066 3052 1190 3142 301⁵)
1218 3059 1299 3145 post
1331 3052 1579 3126 discessionem
1606 3073 1626 3122 a
1654 3051 1882 3143 Marionburg
1911 3052 1964 3122 ha-

422 3176 517 3265 orio,
545 3175 637 3256 circa
664 3176 825 3262 Satham,
855 3173 1079 3248 Bernhardns
1108 3172 1360 3246 Sohumborslri
1386 3171 1650 3246 Commendabat
1667 3171 1779 3242 maior
1798 3178 1834 3244 et
1854 3171 1966 3244 Elbin-

424 3295 558 3392 gsnsis‚
587 3297 631 3370 ad
658 3295 761 3368 illum
788 3298 1041 3381 convenerunt,
1071 3291 1370 3385 stipulatiouaque
1397 3314 1578 3380 manuum,
1608 3312 1696 3382 quae
1715 3293 1884 3364 conclusa
1902 3294 1966 3364 las-

425 3421 521 3506 rant‚
559 3419 758 3502 servaturos
790 3435 828 3487 se
861 3413 1073 3506 obligarunt.
1111 3413 1199 3486 Inde
1231 3413 1308 3486 Rex
1344 3418 1379 3486 et
1415 3413 1590 3486 exercitus
1627 3391 1723 3484 lento
1756 3433 1867 3502 passu
1898 3411 1968 3500 (siu

426 3537 519 3612 enim
547 3535 716 3616 animalia
743 3537 832 3607 lame
859 3533 982 3606 attrita
1008 3534 1252 3622 merebantur)
1280 3533 1324 3605 ad
1352 3535 1492 3606 Thornn
1519 3533 1640 3618 rediit,
1669 3533 1731 3605 ubi
1755 3553 1819 3623 per
1836 3537 1968 3622 pontem

418 3678 472 3732 er
499 3656 649 3730 navibus
677 3659 911 3747 compactum,
941 3654 1117 3728 exercitus
1137 3659 1358 3726 transvectus
1386 3654 1423 3726 in
1441 3653 1583 3744 propria
1602 3653 1790 3725 ferebatur.
1820 3653 1899 3726 Rex
1915 3675 1968 3723 au-

428 3785 499 3852 lem
526 3797 588 3872 per
614 3774 831 3863 Lanciciam,
864 3773 926 3848 ubi
957 3775 1001 3846 ad
1033 3795 1110 3848 eum
1144 3774 1299 3846 Praelati
1328 3779 1363 3846 et
1390 3775 1536 3846 barones
1569 3773 1712 3845 Maioris
1745 3773 1914 3844 Polouiae
1937 3775 1969 3844 iu

429 3895 606 3990 tracasali
632 3917 774 3969 numero
803 3901 1052 3983 convenerant,
1082 3893 1269 3968 transitum
1289 3895 1435 3982 faciens,
1465 3893 1551 3966 toria
1574 3894 1725 3966 secunda
1748 3897 1832 3966 ante
1852 3895 1968 3967 testum

426 4017 591 4120 {tmuium
611 4016 818 4089 Sanctorum
846 4014 1045 4088 cracoviam
1072 4014 1243 4106 pervenit.
1278 4013 1348 4086 Ubi
1374 4015 1503 4085 honore
1532 4013 1685 4084 omniurn
1713 4014 1967 4103 processionum

423 4142 619 4229 :exceptus
648 4135 704 4208 die
732 4131 914 4210 Dominioo
945 4140 1026 4226 post
1053 4137 1180 4208 testum
1208 4133 1370 4206 Omnium
1390 4135 1612 4220 Sanctorum,
1643 4133 1756 4205 filium
1775 4135 1968 4219 secundum,

421 4278 531 4354 quom
559 4256 695 4350 Regina
722 4255 905 4330 Elisabeth
932 4254 1019 4326 feria
1047 4253 1171 4346 quinta
1189 4253 1226 4325 in
1245 4253 1370 4345 vigilia
1384 4254 1415 4342 6)
1445 4253 1566 4326 Sancti
1585 4253 1783 4342 llraucisci‚
1815 4254 1904 4326 alias
1920 4254 1969 4326 die

429 4377 543 4464 Iovis,
573 4375 678 4448 tortia
706 4373 867 4449 Octobris
882 4373 925 4462 7),
954 4373 991 4445 in
1018 4373 1174 4446 diluculo
1207 4373 1245 4445 in
1277 4394 1402 4446 aurora
1433 4378 1680 4466 progenuerat,
1715 4373 1918 4446 Kanimirus
1941 4371 1969 4444 si
2040 4458 2041 4463 Ἰ

430 4517 554 4570 nomen
582 4494 780 4587 imponens,
810 4515 872 4586 per
899 4493 1064 4566 Thomam
1092 4493 1354 4566 cracoviensem
1382 4493 1583 4586 episcopam
1615 4494 1787 4584 baptisari
1816 4515 1966 4586 procura·
2039 4573 2040 4590 Σ

430 4615 498 4704 rit,
528 4613 772 4690 solennitatem
799 4612 1066 4706 baptismalium
1093 4635 1132 4688 eo
1165 4617 1200 4686 st
1227 4613 1520 4706 subseqnentibus
1557 4615 1680 4687 diebus
1713 4615 1918 4688 celebrando
1929 4613 1967 4701 8).
2039 4621 2040 4626 '

431 4736 568 4830 Expost
583 4735 615 4822 ⁰)
642 4753 723 4806 rero
747 4733 971 4824 dispositioni
990 4754 1105 4806 rerum
1124 4733 1344 4826 publicarum
1364 4733 1564 4819 inracabat‚
1594 4733 1826 4824 providendo:
1855 4739 1896 4807 nt
1912 4733 1966 4805 sti·

429 4853 638 4954 penderis,
668 4853 729 4946 qui
756 4874 846 4926 anno
874 4856 1051 4926 transacto
1071 4853 1231 4946 Regnum
1250 4859 1480 4942 vexaverant,
1499 4853 1660 4928 urrdecim
1680 4855 1835 4928 millium
1854 4855 1898 4944 10)
1915 4873 1967 4948 pro

540 5165 716 5245 'lhostibus
739 5164 942 5225 obsidentibus
964 5159 1027 5224 Ed.
1052 5159 1142 5244 Lips.
1174 5161 1279 5240 ²)uon
1302 5163 1391 5223 armis
1413 5162 1514 5240 modo,
1544 5167 1578 5223 ut
1598 5163 1721 5240 militas,
1753 5164 1808 5224 sed
1830 5165 1877 5224 vol
1897 5165 1968 5239 ipses
2039 5137 2040 5140 Ἴ

429 5287 501 5354 'suos
522 5269 626 5330 rostris
649 5268 788 5346 oppidum
811 5263 874 5329 nd.
899 5261 988 5348 Lipe.
1013 5264 1039 5344 ³)
1062 5266 1151 5326 vicini
1174 5262 1236 5328 Ed.
1262 5263 1351 5348 Lips.
1377 5263 1404 5344 ⁴)
1426 5266 1583 5342 Nastbyan
1606 5261 1669 5326 Ed.
1690 5261 1778 5346 Lips.
1804 5263 1832 5335 ὅ)
1848 5267 1906 5326 Ber
1920 5265 1968 5324 Po·
2039 5319 2040 5342 χ

432 5373 530 5436 leniae
553 5371 713 5434 Oasimirus
736 5368 798 5432 Ed.
823 5367 912 5454 La'ps.
937 5367 961 5448 ὓ)
986 5370 1015 5430 in
1039 5370 1087 5430 die
1130 5365 1193 5431 Ea.
1218 5366 1307 5452 Lips.
1341 5366 1366 5447 ⁷)
1389 5370 1499 5430 mensis
1523 5367 1659 5430 Octobris
1681 5366 1745 5430 Ed.
1772 5367 1862 5452 Lips.
1885 5369 1907 5446 ⁸)
1929 5387 1968 5429 ce

434 5475 626 5536 lebrontibus.
649 5471 713 5540 Ed.
737 5471 827 5558 Lips.
851 5471 877 5553 9)
900 5474 1010 5537 Postea
1033 5469 1094 5534 Ed.
1118 5470 1208 5554 Lips.
1237 5470 1276 5552 ¹⁰)
1298 5472 1434 5534 undecim
1459 5473 1582 5534 millium
1604 5473 1781 5535 florenorum
1804 5469 1866 5536 Ed.
1887 5467 1969 5554 Lipa
