4052 6286
396 533 472 608 478
906 557 1020 614 omna
1045 559 1293 614 nuonnonrus
1317 543 1431 632 (xm).
1666 537 1734 638 (A
1754 537 1801 612 Ι).
1820 539 1945 639 11167.)

397 743 533 817 diendis
565 743 701 838 aliquot
736 744 811 818 dies
846 745 1035 838 absumpti.
1069 745 1295 821 Advenerant
1326 746 1527 820 etenimex
1555 751 1655 838 perte
1692 745 1947 820 cruciferorum

397 865 439 936 de
465 864 611 937 Prnssia
638 864 795 954 Ordinis,
824 865 999 938 Henrions
1026 866 1217 942 Rewsohen
1244 867 1287 940 ds
1312 868 1454 941 Plswen
1475 869 1501 956 ¹)
1529 866 1798 958 Hospitalorins
1831 888 1947 958 supra

397 1006 490 1073 mus,
520 989 555 1058 et
582 985 759 1058 Gonrodns
787 985 828 1058 de
855 986 1099 1078 Liohtenhayn
1114 985 1146 1078 1)
1174 987 1376 1060 Adnooatus
1403 988 1441 1060 in
1469 988 1612 1077 Sthnm,
1647 988 1709 1080 qui
1737 987 1866 1060 literas
1895 1009 1947 1060 su·

396 1125 459 1197 per
485 1125 569 1196 paee
597 1111 765 1196 perpetua
791 1105 828 1176 in
856 1106 996 1178 Thorun
1028 1109 1201 1196 oonleota,
1234 1107 1365 1202 sigillis
1397 1107 1574 1202 Magistri,
1608 1107 1948 1192 commendatorum,

399 1223 539 1296 Ordinis
573 1224 781 1297 militarium
809 1231 843 1298 61
870 1225 1001 1300 oinium
1029 1227 1211 1318 Prussiae,
1244 1229 1382 1320 plenos,
1415 1231 1607 1303 revorssles
1635 1229 1747 1321 Regis
1775 1234 1815 1302 st
1842 1228 1949 1321 Regni

398 1343 581 1434 Poloniae,
615 1345 681 1418 sub
709 1344 819 1419 simili
846 1346 1066 1437 plenitudine
1094 1347 1292 1442 sigillorum
1320 1351 1495 1437 oxaotnri,
1529 1351 1739 1423 attulerant:
1771 1349 1843 1422 sub
1871 1369 1949 1439 quo·

396 1486 474 1536 rum
502 1465 701 1558 praesentia
728 1488 749 1538 a
776 1465 966 1557 Praelatis,
996 1468 1184 1542 baronibus
1212 1474 1247 1542 61
1277 1469 1415 1543 oiribns
1442 1470 1557 1563 Regni
1571 1468 1614 1561 ³),
1650 1469 1711 1562 qni
1741 1469 1780 1541 in
1811 1469 1949 1542 Thorun

398 1585 519 1660 adesse
547 1607 616 1658 non
643 1590 820 1678 poterant,
849 1587 1077 1662 iurisiurandi
1103 1589 1227 1683 religio
1246 1591 1289 1662 de
1307 1611 1391 1682 paee
1410 1590 1560 1663 tenenda
1586 1589 1761 1682 praestita
1788 1593 1859 1661 est.
1889 1589 1949 1661 Va

399 1713 525 1780 nerant
552 1712 586 1780 et
604 1705 793 1796 militares,
822 1707 985 1800 nivesque
1012 1709 1252 1798 Pomeranius,
1282 1711 1505 1784 Chelmenses
1524 1715 1560 1782 et
1577 1709 1836 1802 Rlbingenses,
1865 1709 1950 1799 apud

398 1848 486 1919 quos
517 1827 622 1901 etiam
655 1827 857 1902 Kunimirus
891 1830 969 1902 Rex
984 1829 1028 1920 ⁴),
1062 1834 1158 1904 statu
1190 1851 1305 1904 rerum
1336 1835 1550 1924 permutato,
1584 1837 1720 1903 mutare
1760 1829 1883 1902 ollioia
1915 1833 1947 1902 et

401 1969 510 2020 noros
539 1947 747 2042 dignitatios
775 1949 977 2038 instituere,
1006 1949 1171 2024 induetus
1199 1955 1262 2024 est.
1295 1952 1487 2043 creatoque
1512 1950 1713 2042 palatinatu
1732 1957 1771 2021 et
1788 1949 1950 2021 66616116-

398 2074 484 2141 natu
512 2069 605 2161 apud
632 2070 871 2163 llarienburg,
901 2069 962 2162 qui
989 2071 1078 2144 alias
1096 2071 1134 2144 in
1153 2071 1282 2164 Elbing
1300 2071 1408 2146 oreati
1436 2073 1590 2160 inerant,
1618 2070 1866 2162 palatinatum
1884 2070 1948 2142 116-

398 2188 684 2282 nienburgensem
717 2190 871 2264 Stiborio
903 2191 946 2264 de
974 2193 1127 2284 Bayson,
1162 2191 1223 2286 qui
1251 2213 1288 2265 se
1316 2197 1400 2265 tuno
1430 2191 1674 2286 gubernatoris
1708 2189 1831 2263 offiaio
1861 2189 1949 2262 obdi-

398 2305 509 2398 oevit'3
541 2312 811 2384 oastellanatum
845 2333 926 2386 vero
958 2312 1114 2386 Fabiano
1142 2313 1184 2386 de
1211 2313 1308 2385 Mani
1323 2312 1366 2402 5),
1400 2314 1569 2399 eontulit3
1602 2312 1639 2384 in
1666 2310 1910 2403 palatinatnm
1924 2311 1951 2398 ⁶)

399 2431 618 2504 Gdanensem
645 2431 772 2505 Otham
799 2431 1001 2522 blasheim,
1030 2432 1067 2505 in
1094 2434 1363 2506 castellanatnm
1383 2455 1464 2506 voro
1482 2433 1668 2508 Nieolaum
1688 2431 1867 2505 Pilawslri
1886 2433 1950 2502 sul·

398 2549 492 2624 feeit.
521 2551 680 2626 Contulit
707 2558 743 2634 et
769 2554 1038 2626 oestellanatum
1061 2553 1301 2628 Chelmoneem
1320 2554 1499 2627 Lndovioo
1517 2555 1559 2627 de
1578 2555 1809 2646 Mortangen,
1840 2551 1879 2623 in
1896 2573 1950 2643 pa

398 2671 551 2744 latinatn
578 2694 661 2748 vero
688 2673 831 2748 Gabriel
858 2673 901 2746 de
928 2675 1067 2766 Boysen
1093 2677 1168 2748 erat
1195 2673 1309 2747 adhue
1337 2678 1527 2766 superstes.

446 3029 605 3102 indulsi
628 3030 853 3104 nannetum
874 3030 1049 3121 munster
1072 3047 1129 3120 uer
1150 3030 1300 3102 nudum
1323 3030 1498 3102 unioillru
1520 3047 1613 3102 suun
1635 3029 1801 3102 Karlmim
1826 3029 1907 3119 logi

917 3153 952 3222 ot
973 3151 1084 3240 dagno
1105 3150 1256 3222 l'olonirs
1279 3151 1434 3223 16616161.

504 3398 705 3472 Advenerat
736 3403 771 3473 st
802 3398 884 3472 novi
916 3399 1144 3492 Imperatoris
1176 3399 1423 3472 Thartarorum
1460 3399 1575 3474 vocati
1606 3400 1640 3471 N
1643 3399 1797 3471 urdulab
1813 3399 1858 3488 ⁷),
1895 3398 1951 3489 qui

399 3517 493 3610 patri
521 3540 584 3592 sno
611 3519 777 3612 Ronigero
805 3526 1021 3596 snooesserat
1035 3519 1078 3610 8),
1108 3520 1254 3594 nuntius
1269 3520 1312 3609 9).
1342 3519 1409 3612 Qui
1436 3520 1595 3613 Rosigeri
1614 3524 1726 3592 morto
1745 3539 1950 3591 commemo

256 3723 257 3726 Ἴ
399 3641 492 3728 rata,
520 3640 613 3714 huno
632 3639 668 3712 in
687 3640 894 3732 Imperium,
923 3641 1078 3713 omnium
1097 3638 1300 3730 Prinoipum
1319 3643 1354 3712 et
1372 3639 1567 3712 Ulanorum
1587 3637 1747 3710 unanimi
1768 3658 1950 3722 eonsensu,

401 3760 580 3834 sublatum
600 3761 657 3850 10),
686 3761 903 3853 eaeterisque
927 3761 1094 3836 iratribus
1117 3759 1314 3852 praelatum
1332 3759 1496 3832 deduxit:
1526 3758 1673 3832 offerens
1693 3758 1861 3830 illumin
1878 3758 1950 3849 pari

400 3881 489 3974 liga,
518 3881 675 3955 amioitia
701 3886 737 3954 et
764 3879 924 3970 foedere,
943 3881 1045 3954 iuxta
1072 3901 1112 3954 aa
1138 3889 1240 3972 pater
1257 3880 1302 3968 ¹¹)
1329 3879 1488 3972 Roaigeri
1516 3885 1708 3966 manserat,
1738 3899 1824 3951 oum
1849 3879 1949 3951 Kasi-

400 4002 488 4074 miro
516 4003 628 4096 Rege,
657 4001 778 4096 Regno
797 4001 842 4092 12)
871 4007 905 4076 61
930 4001 1194 4093 Principatibns
1222 4001 1296 4073 suis
1324 4021 1542 4088 mansurum,
1571 4006 1607 4072 61
1624 4001 1746 4072 hostes
1767 4005 1806 4072 et
1826 3999 1950 4071 amieos

400 4121 515 4215 regios
543 4129 578 4196 et
604 4123 735 4216 Regni,
763 4144 825 4214 pro
852 4123 1014 4196 hostibus
1042 4128 1078 4196 ot
1104 4121 1226 4195 amieis
1245 4118 1290 4210 ¹³)
1318 4120 1538 4208 habiturum,
1563 4126 1599 4192 61
1617 4125 1740 4193 oontra
1760 4119 1950 4212 quemlibet

400 4244 537 4315 hostem
569 4243 688 4316 fidelia
715 4244 860 4316 servitia
887 4243 976 4336 Regi
1004 4248 1040 4315 et
1067 4243 1188 4335 Regno
1216 4242 1383 4313 laturum.
1417 4240 1510 4312 Huia
1541 4261 1750 4331 responsum
1781 4246 1855 4312 est:
1888 4241 1948 4312 Re·

399 4385 477 4456 gem
510 4369 545 4437 61
576 4365 737 4457 Regnum
756 4365 800 4454 14)
833 4365 874 4436 16
902 4369 1012 4437 morto
1044 4361 1202 4456 Ronigeri
1234 4361 1368 4434 sineere
1399 4360 1555 4434 doluisse
1582 4365 1618 4432 61
1643 4361 1784 4448 dolere;
1821 4361 1866 4433 (16
1892 4359 1948 4431 filii

400 4506 482 4559 vero
511 4484 567 4557 sni
594 4485 631 4557 in
659 4484 787 4557 solium
814 4489 998 4576 paternum
1026 4489 1061 4560 et
1087 4481 1272 4575 imperinm
1309 4481 1562 4554 substitutione
1593 4480 1720 4553 laetari
1748 4480 1947 4553 eonvenire:

401 4605 687 4678 existimantibus
725 4606 827 4678 illum
864 4610 1027 4697 paternos
1058 4623 1187 4692 mores,
1220 4601 1372 4674 virtutos
1404 4607 1440 4674 et
1467 4600 1619 4693 vestigia
1651 4606 1892 4687 sectaturum,
1918 4605 1947 4672 et

401 4726 522 4799 foedus
542 4731 577 4800 61
594 4725 785 4800 amioitiam
813 4726 922 4820 Regis
941 4731 976 4797 et
995 4723 1109 4817 Regni
1126 4723 1293 4796 Poloniae
1311 4744 1381 4794 non
1400 4741 1516 4810 seous,
1542 4721 1611 4792 imo
1630 4723 1666 4793 et
1685 4719 1834 4793 enixius
1853 4741 1946 4812 quam

510 4951 533 5031 ¹)
555 4953 705 5014 ststsin
721 4952 759 5012 de
773 4951 893 5010 Plawen
910 4942 986 5011 Coe.
1001 4945 1111 5009 Praea.
1127 4945 1235 5026 (Renes
1257 4963 1316 5006 von
1338 4945 1473 5024 Planen).
1498 4943 1524 5023 ς)
1546 4942 1766 5019 Liobtenhsym
1782 4935 1850 5004 Ed
1866 4939 1946 5024 Lapa

402 5055 428 5136 ³)
445 5056 579 5118 Polonioi
594 5055 691 5132 Regni
705 5051 769 5116 Ed.
786 5049 877 5134 Lips.
894 5048 920 5132 ⁴)
938 5051 1099 5112 casimirus
1114 5049 1255 5110 Poloniae
1270 5049 1334 5108 Rex
1350 5044 1414 5108 Ed.
1440 5045 1533 5129 Lipa.
1558 5044 1741 5123 5)16Ῑ16ν6
1762 5044 1843 5110 cod.
1865 5043 1944 5107 Calo.

402 5155 611 5223 1611661131.
628 5155 718 5241 Lips.
736 5154 769 5234 1)
779 5157 813 5216 ln
828 5156 1027 5215 Palatinalum
1041 5157 1139 5214 antem
1154 5148 1217 5213 Ed.
1235 5147 1325 5232 Lipa.
1352 5146 1376 5233 ²)
1398 5149 1582 5210 Nurduwlad
1604 5145 1669 5210 Ed.
1692 5145 1787 5230 Lips.
1811 5148 1838 5227 8)
1854 5151 1883 5208 in
1896 5150 1944 5208 lm·

400 5265 483 5342 perio
506 5267 691 5325 snooesserat
712 5257 775 5322 Ed.
799 5257 892 5340 Ispa
924 5256 951 5336 ¹')
974 5255 1180 5334 Pyotrooviam
1209 5256 1348 5315 Nuntius.
1363 5250 1441 5314 Ed.
1472 5250 1563 5334 Lips.
1598 5248 1640 5334 ¹⁰)
1671 5252 1865 5312 sublimatum
1888 5246 1943 5312 ed.

401 5365 492 5450 Lapa.
521 5365 562 5445 ¹¹)
583 5371 669 5444 pater
691 5383 762 5426 snus
785 5359 848 5424 Ed.
876 5359 965 5444 Lips.
992 5358 1032 5438 ις1)
1055 5365 1084 5421 61
1105 5361 1209 5435 Regno
1231 5358 1372 5418 Poloniae
1395 5353 1458 5418 Ed.
1483 5353 1575 5437 Lips.
1603 5351 1644 5438 ¹³)
1660 5359 1691 5416 et
1705 5356 1812 5417 amieis
1826 5355 1945 5432 propriis

402 5468 465 5534 Ed.
490 5469 583 5554 Lipe.
611 5466 650 5550 ¹⁴)
672 5469 807 5546 Regnum
830 5466 971 5528 Poloniae
992 5461 1056 5526 Ed.
1078 5459 1170 5545 Lapa.
