4126 6280
418 561 493 644 218
923 590 1037 644 ereren
1062 591 1307 644 muonncmrue
1335 572 1448 663 (xm).
1684 567 1750 668 (Α.
1769 567 1817 642 D.
1837 523 1953 667 ucat.)

414 781 475 850 tus
502 779 537 850 et
564 776 659 849 eires
687 776 872 850 earundem
900 776 1085 849 ciuitatum
1113 777 1258 848 lundata
1285 781 1369 850 sunt
1396 781 1432 850 et
1459 776 1524 849 sub
1552 775 1652 849 breui
1679 781 1835 868 tempore
1854 775 1953 848 murb

414 897 627 986 instaurata,
656 901 761 988 atque
789 895 975 969 aediliciis:
1004 896 1096 988 apud
1124 897 1334 970 Posnaniam
1362 902 1464 969 extra
1490 917 1608 968 muros
1628 897 1657 985 ¹)
1685 917 1790 988 supra
1817 895 1953 968 flurium

415 1015 614 1107 Wartham,
644 1017 709 1090 sub
736 1016 843 1089 titulo
871 1021 906 1090 et
933 1017 1062 1091 honore
1077 1015 1108 1108 ²)
1137 1017 1259 1091 Sancti
1286 1017 1507 1092 Bernaudini.

864 1369 1075 1484 ababa
1113 1369 1342 1482 bomiri
1376 1369 1513 1482 1456.

416 1612 577 1683 llarinirc
599 1612 686 1701 ltegc
709 1613 958 1683 conuentioncru
981 1613 1164 1702 generalem
1186 1614 1221 1684 in
1243 1612 1417 1702 irotrhcur
1444 1615 1582 1702 qanto,
1609 1611 1809 1683 contributio
1832 1611 1956 1682 ducum

416 1733 577 1804 lenonum
601 1735 734 1804 causata
757 1736 824 1819 cut,
848 1736 883 1804 et
905 1751 961 1822 pro
984 1733 1128 1805 uubeidic
1151 1733 1227 1804 belli
1248 1731 1447 1819 Prutheuici,
1471 1751 1529 1804 seu
1551 1733 1708 1804 humanda
1723 1749 1823 1822 pace,
1846 1732 1957 1802 uhtu

415 1853 604 1926 medietatis
635 1853 773 1958 omniun
803 1871 957 1925 ceuuuuru
985 1854 1155 1926 instituta.
1185 1854 1331 1925 bactrum
1360 1853 1515 1926 ltrathian
1542 1854 1693 1925 heudbuc
1714 1855 1803 1924 ultro
1826 1853 1956 1938 deditur,

1037 1977 1173 2064 acceptu
1195 1973 1343 2063 pecunia.

519 2219 642 2293 Natali
670 2220 817 2308 Christi,
851 2220 1054 2292 Karimirus
1086 2221 1162 2293 Rex
1190 2220 1357 2294 Peloniae
1380 2242 1458 2294 aum
1486 2225 1646 2293 consorte
1674 2241 1738 2292 sua
1765 2219 1952 2308 Elisabeth,

417 2339 602 2412 Laneieiae
629 2345 768 2428 exacto,
796 2339 894 2413 uenit
921 2339 958 2410 in
985 2340 1182 2432 Pyotrhow,
1215 2339 1335 2432 ibique
1361 2341 1558 2432 generalem
1587 2339 1854 2413 conventionem
1883 2339 1958 2412 laria

363 2508 365 2512 -
417 2461 524 2534 tertia
542 2460 578 2532 in
598 2461 654 2534 die
673 2460 949 2552 Epiphaniarum
969 2461 1110 2532 Domini
1129 2461 1257 2533 tenuit.
1284 2461 1354 2533 Ubi
1374 2461 1662 2534 conuenientibus
1682 2460 1845 2533 omnibus
1863 2461 1957 2533 Prae-

416 2581 501 2653 latis
530 2586 565 2654 et
591 2581 781 2654 baronibus
808 2581 939 2674 Regni,
968 2587 1155 2673 antequam
1183 2581 1227 2653 ad
1245 2582 1383 2673 aliquas
1402 2602 1457 2654 res
1476 2580 1637 2672 publicas
1657 2581 1870 2653 ordinandas
1888 2603 1957 2672 pro-

417 2702 613 2791 cederetur,
652 2701 893 2775 cenelusionee
929 2723 991 2795 per
1027 2702 1194 2794 quosdam
1231 2702 1383 2790 nobiles,
1416 2722 1478 2793 per
1509 2701 1794 2774 communitatem
1825 2702 1960 2787 electos,

417 2823 460 2894 de
488 2821 667 2894 soluendis
694 2821 829 2894 duobus
857 2822 1050 2895 fertonihus
1078 2823 1120 2896 de
1146 2821 1258 2895 laneis
1287 2821 1526 2914 spiritualium
1554 2827 1589 2894 et
1615 2821 1808 2914 regiorum,
1844 2828 1881 2894 et
1897 2841 1960 2893 me·

418 2942 548 3014 dietate
575 2941 742 3014 benorum
762 2941 1095 3030 ecclesiastieorum,
1124 2943 1297 3031 decretae,
1326 2942 1553 3035 querentibus
1580 2943 1807 3034 pontificibus
1835 2941 1879 3015 de
1906 2963 1963 3014 sua

418 3062 563 3150 iniuria,
592 3061 794 3154 gravamine
822 3067 857 3134 et
885 3062 1124 3154 oppressione,
1153 3062 1256 3135 etde
1284 3062 1495 3155 indignitate
1513 3061 1716 3134 huiusmodi
1736 3062 1961 3149 decretorum,

419 3182 579 3254 omnibus
606 3203 675 3253 une
703 3187 785 3254 rote
814 3182 1106 3272 assentientibus
1139 3203 1218 3255 eum
1250 3203 1375 3276 magna
1407 3205 1542 3272 eorum,
1571 3183 1632 3275 qui
1660 3203 1700 3256 ea
1727 3183 1961 3270 condiderant,

418 3302 610 3395 ignominia
637 3306 672 3374 et
698 3303 889 3394 vituperio,
919 3308 1129 3376 retractatae
1156 3307 1251 3376 sunt.
1280 3303 1413 3376 Deinde
1441 3303 1557 3376 adres
1577 3303 1758 3392 Pressius,
1788 3324 1878 3395 quae
1898 3324 1962 3374 ma·

417 3423 473 3515 gis
499 3405 687 3515 urgebant,
716 3422 949 3514 expediendas
975 3443 1187 3515 processum.
1219 3425 1307 3496 Post
1333 3425 1463 3496 multos
1483 3423 1669 3515 uariosque
1688 3427 1882 3510 tractetur,
1910 3423 1962 3494 de-

419 3547 568 3632 cretum,
596 3547 637 3614 ut
664 3543 842 3634 expeditio
872 3545 1063 3636 generalis,
1097 3544 1220 3616 statim
1251 3550 1332 3636 pest
1364 3544 1590 3617 Pentecostes
1623 3545 1753 3616 festum
1785 3543 1964 3630 mouenda,

419 3669 455 3736 et
480 3667 556 3734 tota
583 3667 716 3735 aestate
743 3663 780 3735 in
807 3665 912 3736 terris
939 3665 1106 3738 Pruseiae
1134 3665 1385 3754 continuanda,
1413 3665 1528 3755 fieret,
1557 3669 1593 3736 et
1619 3665 1716 3755 pateis
1735 3664 1964 3736 nihilomiuus

419 3783 548 3871 media,
582 3803 670 3874 quae
701 3783 955 3857 Crueiierorum
988 3785 1211 3878 stipendiarii
1243 3784 1449 3875 offerebant,
1484 3789 1725 3871 tentarentur,
1762 3784 1966 3876 praesertim

420 3924 499 3975 eum
527 3925 588 3995 per
616 3902 681 3976 illa
708 3904 926 3996 captiuorum
953 3906 1066 3998 partis
1094 3907 1218 3999 Regis,
1247 3927 1394 3999 quorum
1421 3911 1506 3979 tune
1524 3905 1737 3998 principales
1756 3905 1801 3977 ad
1820 3925 1964 3978 conuen-

419 4023 551 4096 tionem
579 4029 763 4112 uenerant,
791 4030 827 4098 et
845 4045 914 4097 non
938 4030 1009 4098 tam
1031 4027 1210 4118 praeibas,
1240 4048 1344 4119 quem
1363 4027 1535 4116 lacrimis,
1556 4047 1593 4100 ee
1612 4025 1703 4098 solvi
1725 4025 1965 4117 precabantur,

316 4237 318 4240 Ι
420 4143 583 4216 liberatio
612 4143 832 4217 efferebatur.
861 4145 907 4218 Et
935 4146 1098 4238 quoniam
1130 4147 1174 4218 ad
1205 4147 1423 4220 conditiones
1454 4147 1551 4239 paeis
1584 4147 1661 4219 sine
1689 4145 1839 4218 summis
1867 4167 1965 4237 pecu·

419 4265 557 4336 uiarum
592 4263 776 4356 grauibus,
814 4285 902 4356 quas
939 4266 1162 4358 stipendiarii
1193 4267 1447 4340 cruciferorum
1478 4289 1540 4359 pre
1574 4265 1710 4339 damnis
1748 4271 1783 4339 et
1812 4264 1966 4338 seruitiis

420 4383 670 4476 depascebant,
700 4384 903 4457 nullatenus
932 4385 1184 4460 deveniendum
1213 4407 1332 4460 omnes
1360 4387 1545 4475 rebantur,
1575 4387 1778 4460 conclusum
1802 4390 1839 4459 et
1857 4386 1966 4458 deera-

420 4509 496 4576 tum
524 4503 608 4576 luit:
636 4509 677 4576 ut
703 4503 740 4576 in
769 4509 932 4578 euentum
959 4507 1098 4580 futurae
1125 4507 1239 4599 pacis,
1268 4508 1437 4580 medietas
1457 4507 1611 4580 omnium
1631 4527 1816 4596 rensuum,
1836 4509 1910 4578 mm
1928 4504 1965 4576 de
2045 4485 2047 4516 ⁵

420 4624 522 4697 bonis
550 4623 776 4697 ecelesiarum
804 4626 1074 4716 cathedralium,
1104 4627 1404 4700 consentientibus
1432 4624 1675 4719 pontificibus,
1709 4647 1813 4718 quem
1842 4625 1885 4698 de
1911 4624 1964 4696 bo·
2045 4659 2047 4720 γ

421 4745 478 4818 nis
507 4744 614 4836 regiis
643 4750 678 4816 et
705 4744 859 4817 militum
887 4747 1099 4836 solveretur,
1127 4751 1163 4820 et
1185 4747 1378 4821 consiliarii
1397 4747 1441 4820 ad
1459 4747 1675 4820 tractandam
1694 4766 1832 4838 paoem,
1863 4764 1961 4836 quam
2045 4813 2046 4820 ,

421 4865 595 4938 Iohannes
623 4863 807 4956 episeopus
834 4864 1162 4956 Wladislarieneis,
1191 4868 1228 4940 in
1255 4867 1399 4941 Gdanslr
1425 4887 1548 4960 agens,
1578 4885 1681 4959 posse
1701 4866 1802 4957 sequi
1829 4865 1895 4938 sub
1913 4883 1962 4935 ae-

422 4987 502 5079 quis
530 4985 790 5059 eonditionibus
818 4968 1013 5074 astruebat,
1046 4988 1281 5061 mitterentur.
1315 4987 1552 5061 conuentione
1580 4988 1695 5059 autem
1723 4987 1881 5078 praelata
1906 4983 1962 5054 du·

420 5111 537 5194 rante,
572 5112 724 5179 castrum
758 5105 988 5179 fortissimum
1016 5106 1052 5179 in
1081 5112 1174 5180 terra
1206 5106 1386 5180 dulmensi
1419 5097 1606 5196 Brathian,
1642 5105 1734 5198 quod
1762 5106 1840 5179 Rex
1856 5102 1886 5194 3)
1911 5103 1961 5175 Io-

530 5379 554 5456 1)
586 5385 670 5442 extra
698 5399 798 5442 muros
829 5381 958 5442 civitatis
988 5375 1051 5443 Ed.
1083 5377 1177 5464 Lipa.
1210 5378 1238 5460 ²)
1270 5385 1301 5441 et
1330 5379 1442 5442 Ordine
1464 5373 1528 5440 md.
1552 5375 1643 5461 Lipe.
1675 5375 1789 5456 ³)Rex
1811 5375 1962 5438 itueimirue
2045 5401 2046 5458 j

422 5481 485 5545 Ed.
509 5481 600 5567 Lipe.
