4082 6284
402 555 477 630 324
909 575 1021 632 arnna
1047 578 1291 632 nuonnormus
1320 561 1434 648 (ιιιι).
1680 555 1749 655 (Α.
1769 555 1816 630 D.
1837 555 1948 656 taor.)
1995 541 1999 546 ’

401 878 581 950 kazimirus
609 877 679 948 lter
708 878 894 950 mutilatur
924 878 1096 950 monitorio
1125 879 1233 968 papali
1256 879 1341 950 thou
1364 879 1557 952 elaeome-
1585 879 1949 968 ramatensium·

398 999 433 1071 in
450 998 633 1088 episeopum
648 999 906 1085 oroeoviemen,
921 999 1007 1070 tona
1021 999 1160 1070 amulam
1174 1000 1345 1072 monitorio
1362 1000 1544 1089 pmontiuu
1559 1000 1775 1090 sequestrari,
1799 999 1949 1089 ipsoque

399 1119 554 1207 prororiti
576 1119 683 1205 iubet,
707 1119 837 1191 diuolso
858 1119 1095 1209 Pponpanrreh
1118 1121 1294 1209 eupitaneo
1316 1119 1519 1192 truoorionri
1546 1119 1689 1191 rudente
1715 1120 1951 1192 erenum

419 1407 421 1412 ·
507 1365 610 1439 Foris
642 1365 821 1438 Karimiro
855 1365 952 1458 Rege
970 1365 998 1454 1)
1031 1364 1212 1437 materiale
1243 1368 1417 1438 traetente
1449 1365 1599 1452 bellum,
1637 1363 1829 1455 spirituale
1860 1365 1950 1437 intus

406 1487 535 1578 erupit.
563 1486 713 1560 Iooobus
732 1485 824 1558 enim
845 1485 1087 1577 Syennpenshi
1102 1483 1133 1574 2)
1162 1484 1401 1557 Oruoovieneis
1420 1485 1621 1576 episeopus,
1641 1484 1703 1575 qui
1721 1506 1743 1555 a
1764 1485 1864 1577 Rege
1883 1487 1949 1558 eri·

406 1607 515 1678 liatue
542 1611 577 1678 et
603 1605 787 1694 bannitus,
821 1606 857 1678 in
885 1604 1259 1696 Pyanduioaovieusem
1275 1602 1306 1694 ³)
1339 1625 1452 1677 aroem
1486 1625 1523 1676 aa
1554 1609 1750 1694 reoeperut,
1784 1605 1950 1677 horrendo

406 1725 547 1817 poenali
579 1725 781 1812 monitorio,
815 1747 835 1796 a
862 1725 1004 1797 Summo
1032 1724 1203 1798 Pontiliee
1234 1725 1299 1797 Pio
1332 1724 1484 1797 seeundo
1512 1723 1577 1796 sub
1604 1724 1749 1814 plumbo
1782 1731 1951 1812 emanata,

407 1846 736 1919 administratorem
757 1850 792 1918 et
809 1845 1028 1936 OapItulares
1047 1845 1292 1917 Graeovienses
1306 1845 1473 1936 pulmum,
1494 1843 1618 1916 deinde
1636 1845 1834 1916 Iohannem
1847 1845 1950 1916 Luti-

406 1966 510 2038 honis
537 1966 579 2038 de
608 1965 750 2038 Bruerie
778 1963 1103 2038 vioeoanoellarium
1130 1964 1260 2058 Regni,
1289 1985 1351 2056 pro
1379 1965 1489 2037 eleeto
1517 1963 1738 2036 Graooviensi
1769 1985 1809 2036 se
1837 1985 1951 2056 geren·

409 2092 498 2174 tem,
525 2089 566 2156 ut
594 2084 661 2157 eibi
690 2084 870 2173 obediant,
903 2084 1228 2177 possessionemque
1255 2085 1422 2157 bonorum
1452 2083 1703 2175 episcopalium
1731 2084 1952 2175 seneigana

409 2205 493 2278 item
520 2205 711 2277 Iohannem
740 2205 941 2296 episcopum
971 2203 1319 2293 wladislaviensem,
1339 2208 1380 2274 ut
1398 2204 1501 2277 illum
1520 2203 1557 2274 in
1575 2203 1801 2294 possessione
1816 2205 1849 2292 ⁴)
1869 2205 1952 2296 epis-

409 2329 554 2416 copatus
587 2324 827 2397 Graooviensis
859 2345 929 2396 nou
961 2324 1106 2396 infestet
1123 2323 1166 2414 5),
1198 2330 1233 2397 ot
1261 2329 1428 2416 oooupata
1458 2323 1640 2410 restituam
1673 2323 1717 2394 ad
1749 2330 1952 2411 extremum,

409 2445 601 2518 Iohannem
629 2443 866 2518 Gnesnensem
894 2443 1194 2536 arehiepisoopum
1217 2442 1426 2535 provinciali
1451 2443 1596 2530 honore,
1625 2449 1798 2534 quantum
1818 2445 1863 2515 ad
1881 2445 1952 2516 Ora

411 2564 605 2638 eoviensem
635 2564 833 2652 eoelesiam,
861 2563 994 2654 privat,
1023 2568 1058 2637 et
1076 2563 1339 2636 (lraoovienaem
1358 2564 1541 2637 eoelesiom
1559 2563 1602 2636 ab
1621 2563 1723 2635 illius
1742 2563 1954 2637 subieetionu

411 2685 449 2757 in
474 2687 683 2776 perpetuum
710 2683 880 2771 absolvit,
909 2687 1064 2757 eaeteros
1092 2703 1210 2757 omues
1229 2683 1396 2776 gravibus
1416 2683 1597 2771 Censoris,
1627 2684 1953 2756 exeommnuioatio-

410 2803 532 2892 uibus,
561 2802 874 2892 inhabilitatIonis,
903 2803 1129 2895 privationis,
1157 2803 1337 2878 interdicti
1364 2808 1400 2876 et
1427 2803 1687 2895 degradationis
1707 2803 1897 2877 sententiis
1914 2805 1953 2876 ir·

411 2922 508 2996 retit.
536 2922 587 2994 De
615 2942 685 3013 qua
710 2942 747 2994 re
774 2942 852 2994 oum
880 2943 1027 3014 magnus
1054 2943 1173 2995 rumor
1199 2943 1261 3014 per
1288 2943 1422 2996 omnem
1450 2922 1615 2996 diooeeim
1642 2922 1909 2996 cracoviensem
1926 2931 1956 2996 et

413 3063 476 3135 por
502 3043 662 3134 Regnum
690 3041 858 3114 Poloniae
888 3047 1081 3130 manasset,
1115 3047 1150 3115 et
1176 3063 1245 3114 non
1273 3043 1374 3115 laoile
1406 3043 1498 3114 malo
1525 3041 1740 3131 imminenti,
1774 3063 1855 3115 oum
1883 3043 1956 3115 hine

414 3167 530 3236 metus
562 3160 696 3254 regius,
730 3161 813 3234 hino
844 3167 982 3254 urgeret
1014 3162 1245 3250 oonsoientia,
1278 3161 1462 3236 remediari
1477 3163 1509 3251 ὓ)
1536 3167 1670 3253 posset,
1703 3167 1739 3234 et
1766 3161 1957 3254 iurisperiti

414 3282 606 3376 parendum
633 3281 837 3372 apostolicis
864 3281 1055 3369 mandatis,
1084 3303 1154 3354 uon
1180 3286 1342 3373 parentes
1368 3281 1407 3354 iu
1435 3280 1629 3354 sententias
1655 3281 1849 3370 incisuros,
1885 3302 1955 3356 een·

416 3407 547 3489 serent,
572 3401 870 3493 allapitularibus
898 3401 1186 3474 Oraoovieneibus
1212 3401 1415 3474 Karimirus
1442 3402 1537 3490 Rex,
1565 3401 1673 3474 misso
1696 3401 1857 3475 Iohanne
1875 3402 1956 3476 Rae·

416 3523 587 3596 sohouslri
618 3521 788 3594 Canonioo
817 3521 1052 3610 (lraooviensi,
1081 3522 1119 3594 in
1146 3521 1328 3594 Podvodis
1345 3522 1387 3611 ⁷),
1417 3521 1479 3613 qni
1505 3521 1608 3594 illum
1635 3521 1675 3593 in
1698 3521 1845 3595 stativis
1872 3523 1957 3614 apud

416 3642 645 3734 Ohoyniouam
672 3641 804 3713 habitis
832 3641 993 3730 offendit,
1027 3642 1209 3714 aonsnltue
1237 3647 1308 3714 est:
1343 3641 1404 3733 qui
1431 3662 1472 3714 ee
1498 3641 1656 3714 novitate
1669 3639 1702 3730 Β)
1730 3642 1776 3714 ad
1803 3663 1957 3736 magnam

417 3764 592 3835 oholevam
619 3767 844 3853 provocatus,
876 3762 1020 3833 Petrum
1049 3761 1237 3834 Kurovshi
1264 3761 1532 3848 Lublinensem,
1560 3765 1596 3834 et
1622 3761 1838 3834 Doheslaum
1865 3761 1957 3834 Kni-

418 3885 480 3954 tha
499 3881 783 3973 Woynieensom,
804 3881 1030 3968 castellanos,
1059 3902 1078 3954 e
1105 3881 1230 3954 eastris
1249 3902 1372 3954 versus
1391 3880 1592 3954 Oraooviam
1610 3882 1874 3970 transmittens,
1894 3883 1957 3954 lll-

419 4001 692 4074 ministratorem
720 4005 756 4072 et
783 3999 1000 4092 Capitnlarea
1028 4022 1050 4072 a
1075 4001 1260 4074 monitorio
1279 4001 1418 4093 poenali
1440 4019 1643 4092 provooare,
1671 4001 1765 4073 bona
1791 4022 1877 4074 vero
1896 4023 1957 4074 om·

420 4121 518 4194 nium
538 4121 722 4193 monitorio
742 4119 938 4211 parentium
958 4121 1134 4211 oeeupari,
1153 4125 1315 4213 parentes
1335 4140 1472 4213 quoque
1487 4125 1522 4194 et
1537 4121 1717 4212 parituros
1735 4141 1780 4193 ex
1800 4121 1959 4194 Craeovia

421 4244 456 4313 et
483 4240 564 4311 aliis
593 4261 709 4312 eorum
739 4239 880 4312 sedibus
904 4241 1070 4332 propelli,
1099 4244 1251 4313 eastrum
1270 4261 1352 4314 vero
1370 4239 1709 4332 Pyanduioroviense
1724 4239 1770 4329 0),
1798 4261 1874 4313 una
1890 4261 1958 4313 eun

419 4360 544 4433 Iaoobo
566 4361 611 4446 10)
641 4359 817 4450 episeopo,
848 4358 1026 4432 obsidione
1045 4361 1172 4433 vallari
1190 4361 1298 4434 iubet.
1319 4360 1580 4452 Capitularihus
1598 4359 1891 4434 Oraooviensibna
1906 4382 1957 4452 pro

420 4485 504 4551 voto
531 4479 628 4571 regio
656 4480 700 4550 ad
727 4480 858 4570 Papam
878 4481 934 4569 ¹¹),
969 4501 1009 4552 ea
1036 4479 1233 4554 eonditione
1264 4480 1443 4572 apposita,
1474 4485 1517 4550 ut
1547 4480 1580 4552 si
1610 4481 1839 4573 oppressione
1870 4481 1955 4568 oleri,

422 4619 526 4690 quam
555 4599 591 4670 in
619 4599 856 4690 appellatione
882 4621 952 4670 non
980 4599 1056 4672 aine
1083 4601 1275 4692 ignominia
1301 4599 1417 4692 regiae
1444 4599 1630 4692 dignitatis
1649 4599 1883 4688 deduoehant,
1910 4621 1955 4673 ao·

421 4719 537 4811 gnita,
566 4739 686 4810 parere
715 4739 778 4790 suo
805 4718 990 4790 monitorio
1018 4719 1168 4806 iuberet,
1196 4719 1373 4810 parituros
1401 4739 1438 4792 se
1456 4719 1661 4808 offerebant,
1691 4721 1954 4811 appellantibus,

421 4839 526 4911 Pauli
562 4837 700 4926 deoani,
734 4837 902 4910 Iohannis
935 4839 1082 4911 senioris
1115 4840 1310 4932 Dlugosoh,
1342 4839 1482 4913 Dersloi
1513 4839 1792 4928 ffiaiaanowslri,
1829 4837 1955 4914 Nioolni

530 5145 555 5232 1)
577 5149 660 5224 Rege
682 5147 824 5208 Poloniae
845 5143 908 5208 Ed.
932 5143 1025 5229 [ιρι.
1050 5145 1076 5225 ⁹)
1096 5146 1283 5224 Syeuuenslri
1305 5142 1368 5208 Ed.
1391 5141 1484 5228 Lupe.
1509 5143 1778 5224 ⁶)Pinoouiensem
1798 5142 1859 5208 Ed.
1874 5142 1952 5228 Lipa

421 5247 448 5330 ⁴)
470 5253 502 5310 in
523 5252 741 5328 possessiouem
764 5247 826 5312 Ed.
850 5247 939 5332 Lips.
972 5249 997 5326 ⁶)
1021 5251 1171 5327 admittat,
1193 5269 1249 5310 neo
1271 5267 1338 5310 enm
1359 5249 1479 5310 infestet
1509 5245 1573 5310 Ee.
1596 5245 1690 5332 Lipo.
1721 5247 1749 5326 ι)
1771 5250 1880 5310 mederi
1900 5244 1953 5309 Ed

424 5351 517 5435 Lips.
543 5352 569 5432 ⁷)
592 5354 623 5412 in
646 5355 731 5429 equis
754 5353 904 5414 velooibus
927 5349 989 5414 Ed.
1014 5349 1104 5434 Lipu.
1129 5351 1155 5432 ⁸)
1178 5353 1244 5426 Qua
1265 5353 1396 5414 novitate
1416 5353 1481 5413 Rex
1502 5349 1566 5414 Ed.
1589 5349 1680 5435 Lips.
1704 5349 1732 5430 ⁹)
1747 5353 1955 5429 Pyneaouiaure

424 5453 488 5517 Ed.
512 5453 603 5538 Lipa.
631 5454 669 5533 ¹⁰)
692 5457 799 5518 Iaoobo
822 5455 1009 5536 Syenneuelri
1031 5452 1094 5518 Ea.
1114 5452 1207 5540 Lipa.
1236 5453 1275 5537 ¹¹)
1297 5455 1336 5518 ad
1357 5457 1469 5535 Papam
1492 5456 1676 5534 appellantes
1697 5451 1760 5518 md.
1784 5451 1873 5538 laps.
