4046 6278
393 545 468 618 38ss
906 562 1019 621 nnana
1044 561 1289 619 nuonncnrus
1315 543 1431 665 (nnn).
1662 535 1733 637 (Α.
1750 537 1797 612 D.
1816 539 1932 640 mec)

393 753 519 843 oberte
545 747 665 825 Martii
684 747 724 838 ¹),
753 745 791 822 iu
816 747 1018 840 episcopum
1036 745 1129 838 apud
1148 746 1331 820 ecclesium
1350 745 1499 820 Sanctae
1528 745 1658 818 Mariae
1682 745 1932 819 Lancicienscm

391 890 454 963 par
484 868 660 946 Andream
692 867 844 942 Bninrki
875 866 1149 942 Posnnniensem
1182 866 1383 962 episcopum
1415 871 1653 953 consecratus,
1692 865 1811 938 sedern
1842 886 1932 940 suan

392 987 726 1066 wladislaviensem
753 991 883 1064 extunc
913 985 1079 1064 obtinuit.

655 1345 811 1422 anun
833 1343 1063 1420 brunenses
1086 1343 1126 1416 ot
1148 1345 1293 1432 utrem
1314 1341 1475 1414 iudcium
1497 1341 1685 1430 pennen.

501 1593 712 1666 Consulatus
739 1590 997 1679 Gracoviensis,
1026 1589 1068 1664 ob
1096 1593 1250 1682 stragem
1277 1588 1473 1676 Iudaicam,
1502 1588 1594 1680 quod
1622 1587 1722 1661 illam
1751 1610 1821 1662 non
1846 1609 1936 1662 aucr-

398 1712 518 1800 tissot‚
538 1718 735 1805 correptus,
754 1712 902 1804 pecunia
920 1710 1026 1786 etium
1045 1710 1153 1784 trium
1171 1709 1324 1784 millium
1343 1709 1551 1782 florenorum
1568 1708 1764 1800 inquisitus
1774 1708 1823 1799 2);
1842 1731 1938 1800 quom

398 1853 463 1910 nee
488 1831 692 1908 inclementi
718 1831 824 1906 verbo
851 1830 960 1923 (nihil
987 1831 1079 1905 enim
1106 1829 1299 1904 occasionis
1326 1830 1370 1902 ad
1388 1833 1541 1922 stragem
1567 1830 1781 1918 contulerat)
1808 1851 1941 1922 oarpmc

399 1949 625 2046 oportuisset.

400 2307 582 2384 [tumltu
595 2305 679 2392 ilex,
701 2306 885 2380 remeetete
900 2304 1109 2394 expetitione
1123 2303 1240 2376 tediee
1254 2306 1289 2376 in
1304 2305 1479 2392 lamiam,
1501 2304 1775 2376 contututienem
1790 2305 1944 2378 tertuum

862 2441 919 2516 pro
941 2423 1137 2498 ederimdir
1156 2425 1314 2500 militibus
1336 2425 1495 2498 instituit.

505 2673 662 2748 Moratur
689 2670 826 2764 aliquot
853 2671 977 2746 diebus
1004 2670 1207 2745 Kauimirus
1244 2671 1410 2746 Poloniae
1443 2672 1521 2744 Rex
1548 2671 1642 2762 apud
1669 2671 1887 2761 cracoviam,
1914 2673 1946 2745 in
2021 2675 2022 2694 ¹

402 2793 539 2870 Noram
567 2791 754 2868 Civitatem
781 2791 935 2866 Koronin
964 2791 1156 2881 transiens,
1184 2796 1394 2866 conuentum
1413 2792 1489 2864 illic
1509 2799 1679 2864 terrarum
1698 2791 1944 2879 cracoviensis,

404 2911 699 2990 Saudomiriensis
726 2917 762 2988 et
788 2911 957 3001 Russiae,
991 2912 1048 2986 die
1080 2912 1261 2985 Dominico
1289 2917 1370 2986 unte
1397 2913 1526 2984 testum
1555 2911 1762 2984 Sanctorum
1794 2912 1947 3003 Philippi

404 3038 441 3110 et
466 3032 585 3110 Iecobi
612 3031 878 3124 Apostolorum,
906 3031 1029 3106 diebus
1057 3031 1193 3124 aliquot
1220 3031 1345 3106 tenuit.
1375 3031 1446 3105 Ubi
1465 3031 1724 3123 expeditionem
1742 3034 1946 3124 generalem,

406 3172 495 3248 quae
521 3152 558 3224 in
584 3151 767 3228 Prnssiam
795 3152 863 3226 tuit
890 3153 1021 3226 dudum
1039 3152 1076 3228 in
1094 3153 1250 3246 generali
1277 3153 1394 3228 diaeta
1419 3151 1691 3245 Ppotnlroviensi
1718 3153 1872 3238 decreta,
1900 3171 1947 3224 re·

405 3275 550 3360 tractat,
579 3270 743 3365 qnoniam
768 3272 890 3365 gravis
916 3271 1022 3348 nimis
1049 3277 1085 3346 et
1113 3293 1257 3346 onerosa
1283 3293 1345 3364 pro
1374 3293 1414 3346 ea
1442 3277 1576 3346 aestate
1592 3273 1821 3359 censebatnr;
1850 3273 1947 3346 terto-

409 3413 474 3468 nes
508 3411 571 3484 pcr
605 3390 810 3466 uniuersum
841 3392 1004 3486 Regnum
1039 3393 1169 3482 laneis,
1207 3393 1378 3482 tabernis,
1415 3393 1640 3480 molendinis,
1673 3392 1717 3464 ad
1749 3392 1948 3464 solvendum

408 3510 640 3586 mercenarios
667 3510 801 3588 militas
827 3513 920 3604 apud
947 3513 1128 3586 Prnssiam
1156 3513 1368 3601 militantes,
1397 3513 1566 3604 impositi.
1595 3513 1745 3586 Molesta
1764 3512 1948 3603 plurimun

409 3651 450 3705 ea
467 3630 670 3706 retractatio
689 3636 725 3704 et
743 3631 956 3706 consiliariis
984 3631 1127 3706 Maioris
1154 3633 1322 3706 Poloniae
1341 3637 1376 3706 et
1394 3633 1586 3720 militibus,
1615 3631 1823 3724 civibusque
1849 3633 1948 3704 Prus-

410 3751 483 3825 siae
511 3749 710 3839 uidebatur,
744 3751 909 3842 quoniam
935 3773 998 3844 per
1023 3752 1123 3826 illam
1150 3753 1284 3826 bellum
1311 3752 1421 3839 trahi,
1454 3753 1546 3844 qnod
1573 3773 1613 3825 ea
1638 3751 1779 3824 finitum
1806 3751 1853 3824 iri
1879 3773 1947 3842 spe-

409 3875 588 3959 raverunt,
617 3871 863 3962 querebantur.
891 3872 946 3946 Ex
974 3871 1096 3948 Norae
1122 3871 1287 3946 Civitatis
1314 3877 1488 3946 conuentu
1516 3871 1718 3946 Kcnimirns
1736 3873 1816 3944 Rex
1835 3872 1947 3945 draeo·

411 3990 505 4068 riam
531 3993 726 4078 reuertene,
754 3996 869 4068 metus
896 3994 1085 4068 nonnullos
1111 4013 1156 4066 ex
1183 3993 1339 4066 Menaria
1365 3996 1401 4066 ct
1427 3991 1607 4065 Pannonia
1632 3991 1842 4083 gliscentes,
1869 4013 1948 4082 qnos

412 4109 576 4183 nonnulli
609 4109 804 4183 latrunculi
836 4111 1013 4204 suscipere
1029 4110 1059 4202 3)
1092 4111 1340 4200 moliebantur,
1375 4111 1600 4203 compescuit.
1629 4111 1703 4182 Sub
1731 4111 1833 4183 cuins
1859 4131 1948 4202 prae·

413 4228 527 4308 sentia
549 4229 712 4323 frequens
732 4229 1074 4324 crucesignatorum
1097 4253 1280 4320 numerus,
1313 4233 1487 4306 duntaxat
1514 4251 1557 4304 er
1585 4229 1689 4304 torris
1718 4230 1949 4304 Dominiornn

413 4369 554 4430 suorum
582 4355 829 4444 congregatus,
858 4351 900 4424 ad
928 4351 1109 4426 duodecim
1136 4351 1343 4426 aestimatus
1371 4351 1502 4438 millia,
1532 4349 1768 4441 pulcherrimo
1787 4371 1948 4422 armorum

413 4474 586 4562 apparatu
613 4466 650 4547 in
677 4470 868 4546 Turturum
894 4471 1143 4549 exterminium
1170 4491 1215 4546 ex
1242 4471 1408 4544 Cracouia
1434 4470 1615 4562 prooessit.

523 4724 546 4806 ¹)
568 4725 679 4794 murm
699 4725 799 4792 aaut
821 4721 888 4788 Ed
906 4722 997 4808 Lipa.
1021 4723 1049 4804 ²)
1070 4725 1230 4803 inquinem
1250 4730 1298 4788 est
1319 4721 1382 4788 Ed.
1404 4721 1495 4807 Lipe.
1519 4724 1547 4804 ³)
1569 4726 1714 4788 suscitare
1736 4721 1800 4788 Ed.
1827 4722 1912 4807 Lipr.
