4040 6290
124 574 196 678 (Α.
216 577 261 651 D.
283 576 397 676 1471.)
645 597 758 654 crena
784 598 1029 654 nconncrnsns
1058 583 1171 673 (x111).
1609 555 1682 655 559

77 771 86 786 ’
122 786 235 876 rictu,
271 787 428 861 Metbiae
461 787 549 879 Regi
586 787 742 862 ferebant
775 787 902 860 solatia
920 789 959 877 ¹).
999 785 1066 880 Qui
1098 809 1141 861 ne
1175 785 1380 861 meticulose
1412 785 1505 880 apud
1533 788 1681 878 Budanl,

124 931 217 1001 qnae
244 931 264 980 e
293 907 470 982 veteribus
499 911 644 980 vocetur
671 908 831 980 Zambria
858 930 878 980 a
901 913 1018 980 moute
1046 907 1222 996 Zembrio,
1257 908 1435 981 rideretur
1462 909 1679 998 delitescere,

123 1032 322 1104 exercitum
350 1030 487 1121 etipse
520 1051 638 1117 suum,
673 1029 714 1100 de
742 1027 882 1121 proprio
910 1034 945 1102 et
973 1029 1183 1103 mercenario
1217 1027 1331 1102 milite
1364 1029 1618 1122 comparatum,
1648 1035 1683 1105 et

124 1152 281 1226 sedecim
303 1150 463 1223 millibus
480 1147 510 1238 2)
539 1149 779 1238 aestimatum,
808 1149 845 1222 in
865 1171 932 1242 quo
952 1171 1077 1243 magne
1096 1171 1176 1242 pers
1196 1155 1270 1223 erat
1290 1151 1498 1244 agrestium,
1527 1149 1564 1223 in
1591 1171 1682 1224 cem-

121 1275 278 1367 pestrie,
309 1271 459 1364 speciem
487 1269 692 1343 decernendi
721 1291 799 1342 cum
827 1271 927 1342 hoste
956 1270 1030 1342 suis
1059 1271 1260 1358 ostendens,
1291 1271 1429 1359 eduxit,
1450 1277 1485 1344 et
1504 1276 1620 1344 castra
1638 1272 1682 1345 ad

124 1397 198 1470 trie
228 1393 396 1468 milliaria
424 1393 467 1464 ab
495 1391 652 1463 exercitu
680 1389 852 1463 Karimiri
880 1389 1055 1482 Principis
1083 1391 1214 1482 posuit.
1243 1391 1357 1464 Villae
1386 1397 1421 1463 et
1444 1391 1683 1483 possessiones

125 1515 301 1590 Iohannis
329 1511 581 1606 strigoniensis
614 1511 868 1604 archiepiscopi
901 1516 936 1584 et
962 1511 1131 1584 Iohannis
1169 1511 1554 1604 Quinqneecclesiensis
1590 1512 1681 1605 epis·

122 1639 223 1730 copi,
252 1637 365 1710 iratus
393 1634 460 1722 eis,
491 1631 582 1725 quod
610 1631 696 1704 belli
724 1636 824 1704 erant
851 1633 1033 1719 authores,
1063 1632 1237 1705 vastabat.
1267 1633 1311 1704 ln
1331 1633 1531 1706 condictum
1551 1639 1681 1723 temen,

123 1781 231 1852 quem
260 1757 371 1831 omnis
399 1752 588 1828 Polonicus
616 1752 792 1825 exercitus
820 1752 1042 1825 desiderabat
1070 1753 1242 1844 (fraudem
1270 1754 1363 1826 enim
1391 1775 1531 1826 snorum
1557 1755 1680 1848 magis,

123 1903 233 1972 quem
261 1902 356 1952 arma
383 1877 529 1950 hostilia
557 1873 757 1962 verebatur)
786 1895 855 1945 non
878 1873 1039 1962 veniens,
1070 1873 1240 1965 dissipato
1269 1879 1303 1946 et
1327 1855 1520 1946 licentiatio
1546 1871 1582 1946 in
1601 1891 1679 1966 pro·

122 2001 205 2092 prie
233 2001 433 2093 Hnngarico
462 1993 637 2082 exercitu,
667 2014 745 2066 cum
774 1993 985 2066 mercenario
1014 1993 1254 2066 tantummodo
1274 1992 1387 2067 milite
1406 1993 1542 2066 Budem
1561 1994 1680 2067 rediit.

209 2347 306 2420 Paulo
328 2349 470 2421 secundo
492 2348 597 2439 lapse
619 2351 745 2420 mortam
768 2347 883 2421 Status
906 2352 1044 2439 suanus
1066 2348 1227 2436 suodedit,
1251 2349 1306 2440 oui
1328 2349 1482 2422 nuntium
1504 2367 1597 2422 snum

281 2469 323 2541 sd
342 2470 593 2560 conponendam
615 2469 703 2540 inter
724 2469 874 2541 Poloniae
898 2473 933 2542 et
955 2469 1136 2559 llnngsriss
1159 2469 1263 2560 ltsges
1284 2487 1396 2560 pacem
1418 2471 1538 2544 nistre
1627 2559 1632 2573 Ι

232 2718 296 2791 Die
324 2717 484 2805 Saturni,
519 2717 687 2789 vicesima
716 2716 865 2810 septima
892 2716 1038 2808 Iulii3),
1072 2717 1207 2790 Paulus
1235 2719 1331 2810 Papa
1360 2721 1533 2792 secundus
1561 2721 1597 2792 in
1625 2742 1680 2793 ca·

121 2859 223 2913 mera
250 2861 313 2912 sue
341 2843 490 2926 secrete,
520 2838 556 2911 in
584 2837 721 2910 Palatio
748 2839 868 2912 Sancti
887 2839 1000 2928 Petri,
1030 2840 1217 2931 apoplexia
1237 2839 1353 2912 subito
1373 2839 1535 2932 invasus,
1564 2841 1679 2934 prius-¹

121 2983 232 3053 quem
260 2963 416 3052 coeptam
444 2959 697 3032 confessionem
726 2957 858 3050 finiret,
888 2961 1051 3049 moritur,
1082 2965 1117 3033 et
1144 2959 1180 3032 iu
1200 2960 1346 3034 ecclesie
1371 2961 1491 3034 Sancti
1509 2961 1608 3035 Petrl
1627 2984 1679 3036 se·

120 3081 275 3173 politur:
304 3101 382 3154 cnm
411 3079 559 3153 sedisset
578 3101 686 3153 annos
707 3101 786 3169 sex,
817 3101 954 3154 menses
982 3081 1143 3154 undecim
1159 3080 1202 3170 ⁴),
1233 3081 1307 3154 dies
1336 3081 1464 3156 decem.
1495 3082 1680 3157 Solventes

121 3207 244 3276 autem
273 3202 473 3275 Cardinalos
502 3200 596 3273 iuste
624 3222 686 3273 suo
716 3201 846 3290 funeri,
876 3201 1046 3275 Concleve
1074 3201 1166 3293 apud
1195 3202 1361 3274 Sanctum
1390 3205 1533 3277 Petrum
1557 3203 1594 3276 in
1613 3203 1679 3276 Pe·

118 3324 213 3397 latio
233 3323 400 3417 ingressi,
429 3325 554 3414 quarta
573 3321 628 3395 die
647 3321 688 3394 ab
708 3321 885 3415 ingressu,
911 3323 967 3395 die
986 3323 1150 3396 videlicet
1170 3321 1333 3412 Veneris,
1354 3345 1444 3396 nona
1464 3323 1620 3416 Augusti
1636 3317 1678 3413 5)‚

123 3443 356 3518 Franciscnm
385 3443 427 3516 de
456 3441 610 3531 Serene,
640 3444 782 3515 fretrem
813 3447 848 3516 et
866 3445 1061 3536 generalem
1093 3443 1225 3515 ordinis
1253 3443 1443 3534 Minorum,
1472 3443 1682 3538 Theologiee

126 3567 387 3654 Professorem‚
427 3563 526 3636 tituli
559 3564 679 3636 Sancti
711 3563 809 3638 Petri
841 3565 884 3637 ed
916 3565 1059 3638 vincula
1096 3563 1345 3656 Presbyterum
1377 3563 1609 3654 Cardinalem
1642 3563 1680 3637 in

122 3687 260 3780 Papam
289 3685 504 3759 concorditer
531 3683 685 3777 eligunt,
715 3685 926 3777 Sixtumque
954 3690 1118 3778 quartum
1143 3685 1339 3778 appellent,
1368 3685 1510 3760 natione
1528 3686 1678 3758 Iannen-

123 3807 258 3896 semi).
288 3805 355 3898 Qui
383 3805 438 3878 die
468 3803 577 3892 Solis,
607 3805 773 3878 vicesima
801 3814 925 3898 querta
954 3807 1083 3881 mensis
1113 3805 1267 3879 eiusdem
1288 3805 1459 3901 Augusti,
1490 3805 1526 3879 in
1545 3805 1678 3898 Papam

122 3929 221 4021 apud
241 3927 406 4000 Senatum
426 3927 570 3998 Petrum
589 3931 810 3999 consecratus
835 3931 904 4016 est,
935 3932 969 3999 et
992 3927 1249 4000 coronationem
1270 3949 1368 4001 suem
1394 3932 1499 4020 atque
1519 3943 1677 4018 assump

123 4049 258 4122 tionem
286 4048 323 4120 in
351 4048 538 4138 Papatum,
568 4045 746 4119 Kanimiro
774 4047 941 4120 Poloniae
968 4049 1057 4142 Regi
1085 4047 1297 4140 specialibus
1326 4047 1522 4121 insinuavit
1549 4041 1677 4136 literis,

123 4171 169 4244 ed
199 4167 491 4260 intercipiendum
520 4167 663 4259 insuper
690 4169 930 4241 Pannonicum
954 4169 1103 4256 bellum,
1134 4169 1226 4260 quod
1244 4169 1361 4261 pareri
1381 4175 1415 4243 et
1433 4169 1586 4242 nondum
1604 4168 1679 4262 geri

123 4291 222 4365 inter
249 4291 363 4384 Reges
397 4288 563 4361 Poloniae
592 4293 626 4361 et
654 4290 855 4382 Hungariae
887 4290 1071 4383 audiverat
1088 4291 1129 4378 7),
1169 4289 1366 4362 Tilmanum
1401 4289 1521 4364 Slecht
1553 4290 1677 4362 Decre-

124 4419 243 4485 tornm
271 4412 469 4498 Doctorem,
499 4407 708 4482 (lenonicum
738 4411 992 4500 Coloniensem,
1022 4411 1276 4484 cubicularium
1305 4433 1406 4483 sunm
1434 4409 1677 4499 domesticum,

124 4535 173 4606 ad
201 4532 346 4605 eundem
374 4529 592 4602 Kanimirum
620 4531 787 4604 Poloniae
819 4531 949 4624 Regem
982 4531 1189 4603 transmisit.
1223 4529 1290 4623 Qui
1318 4535 1441 4604 octava
1468 4530 1679 4604 Novembris

125 4654 330 4728 Cracoviam
366 4650 571 4740 adveniam,
611 4658 645 4723 et
677 4653 788 4724 altore
820 4652 876 4725 die
904 4651 1119 4725 audientiam
1147 4653 1296 4741 hebens,
1330 4649 1562 4743 persuadebat
1589 4651 1679 4744 Regi

125 4773 367 4863 Karimiro⁸)‚
397 4777 436 4844 ut
464 4771 570 4844 ermis
598 4773 768 4864 depositis
796 4795 916 4865 pacem
944 4775 1249 4865 complecteretur,
1278 4793 1340 4865 per
1366 4773 1460 4845 riam
1488 4771 1678 4864 aequitatis

126 4902 164 4971 ot
192 4894 393 4969 concordiae
421 4893 560 4966 facilius
589 4893 703 4984 illam,
734 4915 837 4985 quem
865 4916 1049 4986 perarma
1079 4895 1277 4968 habiturus.
1312 4894 1448 4966 Annuit
1475 4891 1679 4966 Kenimirus

239 5207 262 5288 ¹)
286 5207 405 5269 auxilia.
429 5203 491 5267 Ea.
516 5202 607 5288 Lips.
633 5203 658 5282 9)
682 5203 720 5264 ad
744 5204 871 5266 sedecim
893 5204 986 5265 millia
1008 5201 1070 5266 Ed.
1095 5201 1185 5286 Lips.
1207 5201 1235 5283 ³)
1250 5202 1394 5280 vigesima
1408 5202 1519 5264 mensis
1533 5191 1602 5263 lolii
1616 5197 1679 5264 Ed.

127 5311 221 5396 Le‘pe.
246 5309 272 5392 ⁴)
295 5311 396 5373 decem
418 5301 482 5371 Ed.
506 5306 596 5392 Lipa.
622 5306 648 5388 5)
671 5309 780 5369 mensis
802 5308 930 5385 Augusti
950 5304 1014 5370 Ed.
1034 5304 1124 5390 Lipo.
1146 5304 1174 5387 ο)
1190 5306 1387 5368 Genuensem.
1403 5301 1467 5371 Ed.
1484 5302 1575 5388 Lips.
1593 5300 1618 5384 7)
1636 5304 1678 5364 in-

125 5425 175 5478 ter
197 5417 307 5495 Reges,
339 5414 511 5476 Gesimirum
542 5412 696 5491 Poloniae,
727 5417 757 5472 et
782 5411 924 5472 Mathiam
946 5411 1131 5489 Hungariae,
1154 5410 1254 5471 Sixtus
1277 5414 1399 5486 quartus
1421 5409 1505 5485 Papa
1526 5408 1681 5470 audiverat

126 5517 192 5584 Ed.
218 5515 305 5603 Lo'ps.
330 5517 356 5598 8)
380 5518 521 5578 Gasimiro
544 5517 685 5577 Poloniae
707 5516 781 5592 Regi
805 5508 868 5575 Ed.
891 5510 981 5600 Ilipa.
