4264 6280
393 567 415 636 4
898 582 1013 637 ursanx
1036 581 1280 638 nuonnornus
1308 567 1422 658 (xrn).
1655 559 1722 662 (Α.
1743 557 1788 638 De
1809 559 1934 662 roos.)

392 773 508 847 leniae
535 795 613 846 oum
640 773 919 847 consiliariorum
947 772 1061 866 Regni
1088 773 1338 846 deliberatione
1364 773 1581 866 provisurus.
1610 773 1661 847 De
1684 773 1821 847 nuntiis
1849 773 1934 847 deli-

392 895 513 990 gendis
545 915 623 968 enm
651 894 837 968 diuersitas
866 894 1008 967 suborta
1039 895 1141 986 longo
1178 899 1331 986 tempore
1368 894 1516 988 transigi
1548 894 1725 986 nequiret,
1754 893 1933 988 pontifici-

393 1018 459 1090 bus
486 1016 702 1106 nominandi,
732 1037 818 1109 qnos
846 1016 1039 1105 videretur,
1076 1015 1236 1105 nuntios,
1274 1019 1430 1109 potestas
1462 1015 1622 1110 delegata
1653 1019 1717 1090 est.
1756 1015 1936 1088 Nominati

393 1138 512 1230 itaque
530 1143 613 1210 sunt
640 1142 788 1230 quotuor
807 1137 954 1227 milites,
983 1138 1147 1212 videlieet
1165 1139 1292 1211 Petrus
1311 1136 1590 1211 Chraanstouslri
1609 1137 1648 1227 ¹),
1677 1137 1803 1211 Petrus
1823 1137 1932 1210 Soha-

395 1259 578 1347 motnlski,
608 1261 733 1332 Petrus
762 1259 964 1352 Oporowski
993 1263 1027 1332 et
1054 1259 1223 1332 Nioolaus
1255 1259 1481 1348 Oaarnooalri,
1514 1264 1620 1351 atque
1646 1259 1684 1330 in
1710 1259 1937 1332 Lithnaniam

394 1381 577 1468 destinati,
606 1380 871 1473 ininnetumque
898 1379 987 1468 illis,
1025 1384 1066 1452 ut
1092 1401 1296 1472 responsum
1311 1379 1342 1470 2)
1370 1381 1479 1454 Duois
1515 1379 1688 1454 Kaaimiri
1716 1380 1759 1452 ad
1787 1401 1936 1454 eonsen-

396 1502 526 1576 tionem
561 1503 887 1596 Pyotrlioviensem,
925 1521 987 1594 pro
1026 1501 1081 1574 die
1119 1502 1238 1576 Saneti
1274 1501 1534 1576 Bartholomaei
1569 1501 1773 1591 tenendam,
1809 1504 1938 1576 referre

396 1645 464 1697 non
491 1623 685 1718 negligant.

397 1983 509 2072 legati
532 1982 751 2072 limgarornm
778 1981 819 2053 ad
845 1981 1034 2054 lriderloam
1060 1981 1271 2054 Romanorum
1299 1981 1417 2073 legen
1439 1981 1545 2069 nied,
1575 1985 1614 2054 nt
1636 1982 1817 2054 ladislaum
1839 1981 1941 2054 ilium

397 2106 600 2194 portionum
616 2104 690 2175 olim
710 2104 831 2175 litorii
846 2103 1025 2194 ilungarloo
1044 2103 1141 2194 lleglr
1155 2103 1377 2193 postularent,
1399 2121 1435 2175 ro
1449 2103 1573 2176 intesta
1588 2103 1727 2176 redeunt
1740 2104 1775 2175 in
1790 2104 1940 2193 petrin,

651 2227 686 2297 et
708 2226 868 2298 lohannes
891 2225 931 2297 do
954 2225 1077 2298 dourad
1099 2223 1267 2296 nieorum
1289 2224 1412 2297 sititur
1433 2225 1565 2298 inferior
1587 2225 1684 2297 aedit.

502 2477 547 2548 Et
574 2475 658 2549 lieet
686 2476 777 2568 apud
805 2477 991 2568 ilungaros
1019 2497 1111 2548 mors
1139 2473 1328 2548 Wladislai
1356 2475 1464 2569 Regis
1491 2475 1552 2548 din
1570 2473 1787 2566 inorodita³)
1816 2475 1939 2549 luerit:

400 2599 541 2691 quidem
570 2619 735 2690 namque,
764 2601 804 2670 ut
831 2597 983 2674 inriotoe
1010 2597 1155 2672 virtutis
1188 2598 1290 2670 illum
1320 2597 1492 2686 soiebant,
1526 2595 1576 2670 sie
1604 2601 1639 2670 et
1666 2597 1817 2670 nondum
1850 2619 1940 2670 mor-

399 2725 499 2793 tuum
527 2741 602 2794 esse
633 2721 815 2810 retentum
849 2742 937 2812 quae
968 2741 1023 2794 res
1050 2721 1256 2813 perplures
1288 2739 1441 2807 menses,
1475 2719 1607 2810 absque
1641 2719 1797 2792 novitate
1812 2719 1844 2808 ⁴)
1871 2719 1941 2792 Re-

323 2903 327 2920 .
398 2863 506 2936 gnum
534 2841 648 2914 tenuit
663 2841 706 2932 ⁵);
735 2841 947 2915 Laurentius
974 2847 1157 2935 propterea
1184 2840 1369 2914 Palatinus
1397 2839 1615 2933 Hungariae,
1644 2840 1735 2914 aeris
1763 2840 1818 2913 vir
1844 2840 1940 2933 inge-

399 2962 450 3036 nii
465 2962 509 3052 6),
538 2963 659 3036 virere
684 2963 814 3056 Regem
843 2967 1043 3042 eonstautor
1068 2963 1290 3056 praedioabat
1306 2961 1348 3051 ⁷),
1377 2965 1412 3034 et
1438 2983 1531 3035 nune
1550 2961 1589 3034 in
1607 2961 1757 3035 Polonia
1775 2962 1943 3053 sospitem

400 3105 491 3172 esse,
520 3105 612 3157 nuno
638 3085 733 3156 intra
760 3084 834 3158 dies
861 3105 990 3177 pausos
1018 3090 1220 3172 venturum,
1250 3103 1408 3157 asserens
1423 3081 1470 3173 8);
1503 3083 1638 3175 plaouit
1669 3083 1832 3173 tamone)
1860 3103 1941 3156 oon·

400 3191 543 3280 rentum
574 3205 695 3278 haberi
727 3205 764 3277 in
796 3207 922 3294 Pesth3
960 3205 1104 3299 illioque
1135 3205 1308 3294 Praelati,
1346 3205 1562 3298 baroneeque
1593 3205 1708 3299 Regni
1740 3204 1944 3298 Hungariae

401 3326 661 3417 convenientes,
691 3327 849 3400 unanimi
876 3333 957 3401 voto
985 3327 1204 3416 ladislaum,
1237 3327 1377 3401 Alberti
1408 3327 1536 3417 lilium,
1572 3327 1608 3400 in
1635 3327 1766 3420 Regem
1794 3327 1942 3421 eligunt,

401 3449 559 3522 Vinarios
587 3449 700 3542 Regni
729 3450 906 3538 ordinant,
943 3450 1149 3542 deoretaquo
1175 3471 1237 3542 pro
1265 3449 1439 3522 eommuni
1476 3469 1560 3541 paee
1598 3448 1749 3538 laniunt,
1788 3454 1943 3522 oratores

400 3571 597 3658 nominant,
627 3570 688 3661 qni
714 3571 757 3643 ad
785 3571 1002 3645 Friderioum
1031 3572 1263 3644 Romanorum
1290 3571 1438 3664 Regem,
1471 3571 1618 3662 petituri
1644 3591 1791 3663 puerum
1818 3568 1942 3642 Ladis·

401 3695 497 3766 laum
530 3696 565 3765 et
598 3711 758 3767 eoronam
790 3692 1024 3781 materialem,
1061 3691 1281 3765 destinentur
1299 3692 1355 3782 10).
1393 3693 1514 3765 Plaoet
1545 3697 1661 3765 tamen
1692 3693 1729 3764 in
1761 3689 1943 3764 Poloniam

402 3812 511 3901 mitti,
540 3812 814 3906 investigatione
841 3814 972 3906 Regem
999 3813 1250 3900 wladislaum,
1279 3833 1318 3885 ae
1345 3819 1438 3886 eorto
1462 3818 1615 3906 tempore
1637 3813 1799 3886 notitiam
1819 3831 1942 3904 expse-

400 3934 639 4009 dativorum
669 3934 925 4008 dumnuntius
957 3935 994 4007 in
1021 3934 1203 4008 Poloniam
1235 3935 1364 4008 missus
1397 3939 1432 4008 ot
1459 3939 1603 4008 matrem
1631 3935 1738 4028 Regis
1776 3932 1942 4027 Sophiam

401 4056 573 4150 Reginum
601 4056 784 4148 alloquens
804 4056 860 4146 ῃ),
889 4056 980 4130 nihil
1007 4057 1094 4130 oerti
1121 4057 1163 4130 de
1191 4057 1265 4129 rita
1291 4057 1399 4150 Regis
1426 4057 1632 4150 reperisset,
1661 4058 1759 4149 lapso
1779 4060 1942 4148 exposta·

401 4177 509 4251 tionis
542 4177 689 4250 termino
708 4175 772 4267 ¹²),
811 4182 964 4250 oratores
999 4178 1261 4271 Hungarorum,
1299 4178 1489 4271 Dionysius
1525 4178 1719 4252 Cardinalis
1760 4183 1795 4251 et
1830 4177 1942 4250 arohi-

403 4303 586 4392 episoopns
607 4297 874 4391 Strigoniensis,
904 4298 1091 4372 Ladislaus
1110 4299 1151 4372 de
1171 4299 1262 4373 Gara
1281 4300 1416 4389 Bonus,
1437 4299 1480 4372 ad
1499 4301 1629 4393 Regem
1649 4300 1883 4373 Romanorum
1898 4295 1943 4389 ¹³)

359 4447 362 4452 ·
402 4422 439 4494 in
466 4420 500 4492 N
503 4441 601 4492 ovam
629 4419 816 4494 Civitatem
844 4420 1062 4512 perveniunt.
1097 4419 1266 4493 Nioolaus
1293 4420 1506 4508 Fristaoelri‚
1541 4421 1609 4493 etsi
1639 4420 1842 4513 designatus
1870 4422 1943 4494 ine·

402 4543 465 4630 rit,
495 4541 612 4614 venire
639 4547 772 4631 tamen,
802 4541 934 4631 neseio,
963 4564 1031 4634 qua
1059 4541 1253 4616 diffidentia
1279 4542 1421 4630 duetus,
1452 4542 1641 4632 fastidivit,
1670 4543 1778 4616 donee
1801 4543 1944 4616 Ulrions

403 4662 445 4735 de
472 4659 687 4755 Sohnmborg
704 4662 749 4753 ¹⁴)
777 4663 897 4737 Comes
926 4667 960 4736 et
987 4663 1116 4756 Caspar
1142 4663 1266 4736 Sehlilr
1284 4663 1329 4753 15)
1357 4664 1611 4754 cementarius,
1640 4686 1717 4738 enm
1736 4664 1944 4738 convenien-

513 5007 536 5090 ¹)
559 5010 778 5090 Ohrnastowslri
799 5007 863 5071 Ed.
887 5007 977 5094 Lipe.
1006 5009 1028 5092 ¹)
1051 5012 1271 5088 responsionem
1294 5009 1356 5074 Ed.
1381 5009 1470 5094 Lips.
1503 5009 1529 5093 ³)
1553 5031 1612 5074 nen
1635 5012 1747 5074 eredita
1768 5009 1831 5073 Ed.
1855 5007 1947 5096 Lipe.

405 5111 431 5194 4)
457 5115 614 5176 novatione
635 5112 697 5178 Ed.
722 5111 812 5196 Lips.
837 5111 862 5194 ὅ)
887 5116 1044 5192 suspendit
1071 5112 1146 5177 dod.
1170 5113 1279 5178 Przoz.
1310 5113 1336 5196 ⁶)
1359 5116 1518 5178 Laurentio
1540 5122 1695 5194 praeterea
1716 5117 1753 5178 de
1774 5117 1949 5179 Hedrevare

403 5219 539 5280 Palatino
561 5220 744 5298 Hungariae‚
767 5220 844 5280 aeris
866 5219 977 5296 ingenii
999 5220 1062 5280 viro
1084 5216 1147 5280 Ed.
1172 5217 1261 5304 Lipo.
1287 5217 1312 5301 ⁷)
1336 5221 1525 5298 praedioante
1547 5219 1610 5283 Ed.
1634 5219 1724 5305 Lipe.
1749 5219 1773 5301 ε)
1796 5227 1948 5284 asserente

404 5319 467 5386 Ed.
491 5320 580 5406 Lips.
605 5321 630 5402 9)
653 5325 771 5385 tandm]
793 5320 856 5385 Ed.
880 5303 970 5406 Lipe’.
999 5321 1037 5404 ¹⁰)
1061 5329 1142 5403 eant,
1166 5325 1381 5402 destinantque.
1404 5323 1467 5388 Ed.
1492 5324 1581 5410 Lipe.
1618 5323 1654 5406 11)
1677 5327 1845 5401 alloquutus
1869 5320 1946 5388 Cod.

407 5422 496 5490 Calo.
524 5424 562 5507 ¹²)
584 5432 714 5504 tempore
738 5422 813 5490 Coe.
837 5425 905 5490 Die.
931 5425 969 5506 ¹³)
985 5429 1024 5488 ad
1038 5428 1149 5506 Regem
1163 5429 1360 5492 Romanorum
1374 5433 1563 5494 Frederioum
1578 5427 1640 5492 Ed.
1658 5427 1747 5512 Lipe.
1776 5426 1814 5508 ¹⁴)
1840 5429 1946 5492 Ohum-

405 5535 479 5612 berg
496 5526 570 5597 Coe.
590 5526 677 5595 Calo.
693 5532 838 5610 Sumbosg
853 5529 915 5594 Ed.
932 5529 1022 5618 Lipe.
1037 5533 1282 5616 (Seheuenburg).
1310 5533 1349 5616 ¹⁶)
1365 5537 1429 5597 slik
1454 5529 1529 5599 oea.
1545 5532 1653 5598 Praez.
1677 5535 1760 5596 Satik
1775 5531 1838 5596 Ed.
1855 5531 1946 5620 Lips.
