<?xml version="1.0" encoding="UTF-8"?>
<!DOCTYPE html PUBLIC "-//W3C//DTD XHTML 1.0 Transitional//EN"
    "http://www.w3.org/TR/xhtml1/DTD/xhtml1-transitional.dtd">
<html xmlns="http://www.w3.org/1999/xhtml" xml:lang="en" lang="en">
 <head>
  <title>
</title>
<meta http-equiv="Content-Type" content="text/html;charset=utf-8" />
  <meta name='ocr-system' content='tesseract 3.04.00' />
  <meta name='ocr-capabilities' content='ocr_page ocr_carea ocr_par ocr_line ocrx_word'/>
</head>
<body>
  <div class='ocr_page' id='page_1' title='image "./operaomnia06paulgoog_0026.png"; bbox 0 0 4264 6280; ppageno 0'>
   <div class='ocr_carea' id='block_1_1' title="bbox 399 561 1952 664">
    <p class='ocr_par' dir='ltr' id='par_1_1' title="bbox 399 561 1952 664">
     <span class='ocr_line' id='line_1_1' title="bbox 399 561 1952 664; baseline 0.004 -32"><span class='ocrx_word' id='word_1_1' title='bbox 399 561 446 632; x_wconf 87' lang='grc'>14</span> <span class='ocrx_word' id='word_1_2' title='bbox 907 583 1019 636; x_wconf 81' lang='lat' dir='ltr'>uranu</span> <span class='ocrx_word' id='word_1_3' title='bbox 1046 584 1290 637; x_wconf 87' lang='lat' dir='ltr'>nuonncrnrus</span> <span class='ocrx_word' id='word_1_4' title='bbox 1319 567 1434 654; x_wconf 78' lang='lat' dir='ltr'>(rur).</span> <span class='ocrx_word' id='word_1_5' title='bbox 1671 563 1738 664; x_wconf 82' lang='lat' dir='ltr'>(A.</span> <span class='ocrx_word' id='word_1_6' title='bbox 1758 563 1952 662; x_wconf 69' lang='grc'><strong>111446.)</strong></span> 
     </span>
    </p>
   </div>
   <div class='ocr_carea' id='block_1_2' title="bbox 336 767 1957 4824">
    <p class='ocr_par' dir='ltr' id='par_1_2' title="bbox 336 767 1957 4824">
     <span class='ocr_line' id='line_1_2' title="bbox 394 767 1950 846; baseline 0.004 -8"><span class='ocrx_word' id='word_1_7' title='bbox 394 767 475 838; x_wconf 84' lang='lat' dir='ltr'>tices</span> <span class='ocrx_word' id='word_1_8' title='bbox 504 770 539 838; x_wconf 92' lang='grc'>61</span> <span class='ocrx_word' id='word_1_9' title='bbox 565 767 711 840; x_wconf 89' lang='lat' dir='ltr'>barones</span> <span class='ocrx_word' id='word_1_10' title='bbox 739 767 969 842; x_wconf 84' lang='lat' dir='ltr'>demonibus</span> <span class='ocrx_word' id='word_1_11' title='bbox 997 770 1206 842; x_wconf 86' lang='lat' dir='ltr'>celebrantis</span> <span class='ocrx_word' id='word_1_12' title='bbox 1234 769 1496 844; x_wconf 83' lang='lat' dir='ltr'>divinissimum</span> <span class='ocrx_word' id='word_1_13' title='bbox 1521 771 1785 844; x_wconf 82' lang='lat' dir='ltr'>Sacramentum</span> <span class='ocrx_word' id='word_1_14' title='bbox 1806 773 1950 846; x_wconf 82' lang='lat' dir='ltr'>Eucha-</span> 
     </span>
     <span class='ocr_line' id='line_1_3' title="bbox 396 886 1951 983; baseline 0.005 -27"><span class='ocrx_word' id='word_1_15' title='bbox 396 886 519 960; x_wconf 88' lang='lat' dir='ltr'>ristiae</span> <span class='ocrx_word' id='word_1_16' title='bbox 551 888 770 978; x_wconf 75' lang='lat' dir='ltr'>perciperent</span> <span class='ocrx_word' id='word_1_17' title='bbox 790 889 828 976; x_wconf 88' lang='lat'>¹),</span> <span class='ocrx_word' id='word_1_18' title='bbox 861 889 1120 981; x_wconf 73' lang='lat' dir='ltr'>propitiandam</span> <span class='ocrx_word' id='word_1_19' title='bbox 1155 889 1369 963; x_wconf 88' lang='lat' dir='ltr'>sanciebant.</span> <span class='ocrx_word' id='word_1_20' title='bbox 1405 889 1472 964; x_wconf 91' lang='lat' dir='ltr'>Pro</span> <span class='ocrx_word' id='word_1_21' title='bbox 1506 913 1575 982; x_wconf 87' lang='lat' dir='ltr'>qua</span> <span class='ocrx_word' id='word_1_22' title='bbox 1601 913 1639 964; x_wconf 91' lang='lat' dir='ltr'>re</span> <span class='ocrx_word' id='word_1_23' title='bbox 1667 893 1841 983; x_wconf 85' lang='lat' dir='ltr'>explenda</span> <span class='ocrx_word' id='word_1_24' title='bbox 1868 894 1951 964; x_wconf 91' lang='lat' dir='ltr'>dum</span> 
     </span>
     <span class='ocr_line' id='line_1_4' title="bbox 397 1007 1953 1103; baseline 0.004 -25"><span class='ocrx_word' id='word_1_25' title='bbox 397 1007 473 1079; x_wconf 89' lang='lat' dir='ltr'>dies</span> <span class='ocrx_word' id='word_1_26' title='bbox 506 1007 699 1080; x_wconf 89' lang='lat' dir='ltr'>constituta</span> <span class='ocrx_word' id='word_1_27' title='bbox 730 1008 950 1098; x_wconf 86' lang='lat' dir='ltr'>advenisset,</span> <span class='ocrx_word' id='word_1_28' title='bbox 985 1031 1104 1083; x_wconf 90' lang='lat' dir='ltr'>omnes</span> <span class='ocrx_word' id='word_1_29' title='bbox 1138 1010 1299 1082; x_wconf 78' lang='lat' dir='ltr'>certatim</span> <span class='ocrx_word' id='word_1_30' title='bbox 1333 1011 1526 1083; x_wconf 89' lang='lat' dir='ltr'>consiliarii</span> <span class='ocrx_word' id='word_1_31' title='bbox 1559 1011 1602 1083; x_wconf 91' lang='lat' dir='ltr'>ad</span> <span class='ocrx_word' id='word_1_32' title='bbox 1635 1013 1818 1085; x_wconf 85' lang='lat' dir='ltr'>ecclesiam</span> <span class='ocrx_word' id='word_1_33' title='bbox 1850 1034 1953 1103; x_wconf 88' lang='lat' dir='ltr'>paro-</span> 
     </span>
     <span class='ocr_line' id='line_1_5' title="bbox 398 1127 1948 1222; baseline 0.005 -24"><span class='ocrx_word' id='word_1_34' title='bbox 398 1127 547 1198; x_wconf 86' lang='lat' dir='ltr'>chialem</span> <span class='ocrx_word' id='word_1_35' title='bbox 580 1128 807 1215; x_wconf 82' lang='lat' dir='ltr'>conueniunt,</span> <span class='ocrx_word' id='word_1_36' title='bbox 847 1135 882 1202; x_wconf 91' lang='lat' dir='ltr'>et</span> <span class='ocrx_word' id='word_1_37' title='bbox 914 1151 975 1220; x_wconf 90' lang='lat' dir='ltr'>per</span> <span class='ocrx_word' id='word_1_38' title='bbox 1008 1130 1199 1222; x_wconf 84' lang='lat' dir='ltr'>Sbignenm</span> <span class='ocrx_word' id='word_1_39' title='bbox 1232 1131 1495 1204; x_wconf 77' lang='lat' dir='ltr'>Oracoriensem</span> <span class='ocrx_word' id='word_1_40' title='bbox 1529 1132 1730 1222; x_wconf 89' lang='lat' dir='ltr'>episcopum</span> <span class='ocrx_word' id='word_1_41' title='bbox 1763 1133 1872 1205; x_wconf 88' lang='lat' dir='ltr'>missa</span> <span class='ocrx_word' id='word_1_42' title='bbox 1905 1134 1948 1206; x_wconf 92' lang='lat' dir='ltr'>de</span> 
     </span>
     <span class='ocr_line' id='line_1_6' title="bbox 399 1247 1950 1342; baseline 0.005 -23"><span class='ocrx_word' id='word_1_43' title='bbox 399 1248 527 1319; x_wconf 84' lang='lat' dir='ltr'>Sancto</span> <span class='ocrx_word' id='word_1_44' title='bbox 556 1247 692 1338; x_wconf 87' lang='lat' dir='ltr'>Spiritu</span> <span class='ocrx_word' id='word_1_45' title='bbox 720 1250 960 1322; x_wconf 78' lang='lat' dir='ltr'>celebrabatur</span> <span class='ocrx_word' id='word_1_46' title='bbox 996 1250 1033 1322; x_wconf 94' lang='lat' dir='ltr'>in</span> <span class='ocrx_word' id='word_1_47' title='bbox 1069 1255 1190 1322; x_wconf 90' lang='lat' dir='ltr'>cautu:</span> <span class='ocrx_word' id='word_1_48' title='bbox 1220 1251 1257 1323; x_wconf 93' lang='lat' dir='ltr'>iu</span> <span class='ocrx_word' id='word_1_49' title='bbox 1290 1272 1374 1342; x_wconf 91' lang='lat' dir='ltr'>qua,</span> <span class='ocrx_word' id='word_1_50' title='bbox 1412 1256 1452 1322; x_wconf 91' lang='lat' dir='ltr'>nt</span> <span class='ocrx_word' id='word_1_51' title='bbox 1488 1253 1720 1326; x_wconf 87' lang='lat' dir='ltr'>constitutum</span> <span class='ocrx_word' id='word_1_52' title='bbox 1759 1258 1849 1340; x_wconf 89' lang='lat' dir='ltr'>erat,</span> <span class='ocrx_word' id='word_1_53' title='bbox 1879 1275 1950 1326; x_wconf 88' lang='lat' dir='ltr'>oru-</span> 
     </span>
     <span class='ocr_line' id='line_1_7' title="bbox 398 1367 1953 1461; baseline 0.005 -23"><span class='ocrx_word' id='word_1_54' title='bbox 398 1387 459 1440; x_wconf 90' lang='lat' dir='ltr'>nes</span> <span class='ocrx_word' id='word_1_55' title='bbox 492 1367 689 1458; x_wconf 63' lang='lat' dir='ltr'>pontifices</span> <span class='ocrx_word' id='word_1_56' title='bbox 730 1369 943 1442; x_wconf 79' lang='lat' dir='ltr'>Gnesnensis</span> <span class='ocrx_word' id='word_1_57' title='bbox 965 1369 1011 1459; x_wconf 85' lang='lat'>²),</span> <span class='ocrx_word' id='word_1_58' title='bbox 1047 1371 1372 1459; x_wconf 83' lang='lat' dir='ltr'>Wladislariensis,</span> <span class='ocrx_word' id='word_1_59' title='bbox 1406 1372 1672 1461; x_wconf 89' lang='lat' dir='ltr'>Posuaniensis,</span> <span class='ocrx_word' id='word_1_60' title='bbox 1705 1373 1887 1446; x_wconf 90' lang='lat' dir='ltr'>Plocensis</span> <span class='ocrx_word' id='word_1_61' title='bbox 1917 1380 1953 1445; x_wconf 90' lang='grc'>61</span> 
     </span>
     <span class='ocr_line' id='line_1_8' title="bbox 398 1488 1953 1582; baseline 0.003 -23"><span class='ocrx_word' id='word_1_62' title='bbox 398 1489 518 1579; x_wconf 90' lang='lat' dir='ltr'>plures</span> <span class='ocrx_word' id='word_1_63' title='bbox 555 1488 716 1578; x_wconf 80' lang='lat' dir='ltr'>herenee,</span> <span class='ocrx_word' id='word_1_64' title='bbox 754 1511 842 1580; x_wconf 91' lang='lat' dir='ltr'>pane</span> <span class='ocrx_word' id='word_1_65' title='bbox 880 1490 1024 1562; x_wconf 91' lang='lat' dir='ltr'>coelesti</span> <span class='ocrx_word' id='word_1_66' title='bbox 1059 1513 1122 1582; x_wconf 89' lang='lat' dir='ltr'>per</span> <span class='ocrx_word' id='word_1_67' title='bbox 1158 1493 1391 1564; x_wconf 84' lang='lat' dir='ltr'>celebrantem</span> <span class='ocrx_word' id='word_1_68' title='bbox 1428 1498 1585 1582; x_wconf 90' lang='lat' dir='ltr'>porrecto</span> <span class='ocrx_word' id='word_1_69' title='bbox 1622 1493 1744 1566; x_wconf 82' lang='lat' dir='ltr'>refecti</span> <span class='ocrx_word' id='word_1_70' title='bbox 1776 1497 1869 1565; x_wconf 92' lang='lat' dir='ltr'>sunt.</span> <span class='ocrx_word' id='word_1_71' title='bbox 1904 1495 1953 1566; x_wconf 84' lang='lat' dir='ltr'>Et</span> 
     </span>
     <span class='ocr_line' id='line_1_9' title="bbox 336 1608 1951 1715; baseline 0.002 -33"><span class='ocrx_word' id='word_1_72' title='bbox 336 1677 338 1682; x_wconf 89' lang='lat'><em>.</em></span> <span class='ocrx_word' id='word_1_73' title='bbox 399 1608 508 1679; x_wconf 89' lang='lat' dir='ltr'>missa</span> <span class='ocrx_word' id='word_1_74' title='bbox 535 1609 693 1699; x_wconf 86' lang='lat' dir='ltr'>expleta,</span> <span class='ocrx_word' id='word_1_75' title='bbox 724 1609 767 1680; x_wconf 90' lang='lat' dir='ltr'>ad</span> <span class='ocrx_word' id='word_1_76' title='bbox 794 1611 970 1683; x_wconf 86' lang='lat' dir='ltr'>fundenda</span> <span class='ocrx_word' id='word_1_77' title='bbox 997 1617 1081 1715; x_wconf 80' lang='lat' dir='ltr'>yota</span> <span class='ocrx_word' id='word_1_78' title='bbox 1107 1611 1150 1684; x_wconf 93' lang='lat' dir='ltr'>de</span> <span class='ocrx_word' id='word_1_79' title='bbox 1178 1612 1337 1704; x_wconf 90' lang='lat' dir='ltr'>eligendo</span> <span class='ocrx_word' id='word_1_80' title='bbox 1371 1612 1488 1683; x_wconf 81' lang='lat' dir='ltr'>futuro</span> <span class='ocrx_word' id='word_1_81' title='bbox 1521 1613 1616 1705; x_wconf 85' lang='lat' dir='ltr'>Rege</span> <span class='ocrx_word' id='word_1_82' title='bbox 1649 1633 1855 1685; x_wconf 87' lang='lat' dir='ltr'>concursum</span> <span class='ocrx_word' id='word_1_83' title='bbox 1883 1618 1951 1686; x_wconf 91' lang='lat' dir='ltr'>est.</span> 
     </span>
     <span class='ocr_line' id='line_1_10' title="bbox 400 1730 1952 1823; baseline 0.005 -24"><span class='ocrx_word' id='word_1_84' title='bbox 400 1730 598 1820; x_wconf 85' lang='lat' dir='ltr'>Antequam</span> <span class='ocrx_word' id='word_1_85' title='bbox 627 1750 709 1800; x_wconf 87' lang='lat' dir='ltr'>rere</span> <span class='ocrx_word' id='word_1_86' title='bbox 737 1730 780 1801; x_wconf 88' lang='lat' dir='ltr'>ad</span> <span class='ocrx_word' id='word_1_87' title='bbox 808 1731 1013 1802; x_wconf 88' lang='lat' dir='ltr'>electionem</span> <span class='ocrx_word' id='word_1_88' title='bbox 1042 1731 1189 1804; x_wconf 87' lang='lat' dir='ltr'>alterius</span> <span class='ocrx_word' id='word_1_89' title='bbox 1217 1731 1325 1823; x_wconf 90' lang='lat' dir='ltr'>Regis</span> <span class='ocrx_word' id='word_1_90' title='bbox 1355 1733 1616 1822; x_wconf 88' lang='lat' dir='ltr'>procederetur,</span> <span class='ocrx_word' id='word_1_91' title='bbox 1646 1733 1781 1805; x_wconf 89' lang='lat' dir='ltr'>animos</span> <span class='ocrx_word' id='word_1_92' title='bbox 1800 1735 1952 1814; x_wconf 85' lang='lat' dir='ltr'>nonnul-</span> 
     </span>
     <span class='ocr_line' id='line_1_11' title="bbox 399 1849 1953 1944; baseline 0.005 -25"><span class='ocrx_word' id='word_1_93' title='bbox 399 1849 513 1920; x_wconf 91' lang='lat' dir='ltr'>lorum</span> <span class='ocrx_word' id='word_1_94' title='bbox 547 1849 829 1922; x_wconf 77' lang='lat' dir='ltr'>consiliariorum</span> <span class='ocrx_word' id='word_1_95' title='bbox 855 1851 1073 1941; x_wconf 81' lang='lat' dir='ltr'>poenitentia</span> <span class='ocrx_word' id='word_1_96' title='bbox 1101 1851 1306 1943; x_wconf 88' lang='lat' dir='ltr'>subingredi</span> <span class='ocrx_word' id='word_1_97' title='bbox 1334 1852 1441 1942; x_wconf 88' lang='lat' dir='ltr'>cepit,</span> <span class='ocrx_word' id='word_1_98' title='bbox 1471 1852 1621 1940; x_wconf 84' lang='grc'><strong>1611166,</strong></span> <span class='ocrx_word' id='word_1_99' title='bbox 1650 1874 1694 1924; x_wconf 88' lang='grc'>16</span> <span class='ocrx_word' id='word_1_100' title='bbox 1722 1853 1845 1926; x_wconf 87' lang='grc'><strong>6166116</strong></span> <span class='ocrx_word' id='word_1_101' title='bbox 1873 1853 1953 1944; x_wconf 88' lang='lat' dir='ltr'>ipsc</span> 
     </span>
     <span class='ocr_line' id='line_1_12' title="bbox 401 1967 1953 2063; baseline 0.005 -24"><span class='ocrx_word' id='word_1_102' title='bbox 401 1969 487 2040; x_wconf 91' lang='lat' dir='ltr'>duos</span> <span class='ocrx_word' id='word_1_103' title='bbox 516 1970 767 2060; x_wconf 89' lang='lat' dir='ltr'>quodammodo</span> <span class='ocrx_word' id='word_1_104' title='bbox 801 1971 908 2043; x_wconf 87' lang='lat' dir='ltr'>simul</span> <span class='ocrx_word' id='word_1_105' title='bbox 939 1972 1053 2063; x_wconf 88' lang='lat' dir='ltr'>Reges</span> <span class='ocrx_word' id='word_1_106' title='bbox 1086 1971 1290 2060; x_wconf 87' lang='lat' dir='ltr'>offenderet,</span> <span class='ocrx_word' id='word_1_107' title='bbox 1325 1977 1360 2044; x_wconf 91' lang='lat' dir='ltr'>et</span> <span class='ocrx_word' id='word_1_108' title='bbox 1387 1973 1519 2044; x_wconf 89' lang='lat' dir='ltr'>Ducem</span> <span class='ocrx_word' id='word_1_109' title='bbox 1547 1967 1782 2062; x_wconf 83' lang='lat' dir='ltr'>Karimirum,</span> <span class='ocrx_word' id='word_1_110' title='bbox 1811 1974 1881 2046; x_wconf 88' lang='lat' dir='ltr'>iam</span> <span class='ocrx_word' id='word_1_111' title='bbox 1909 1995 1953 2048; x_wconf 83' lang='lat' dir='ltr'>er</span> 
     </span>
     <span class='ocr_line' id='line_1_13' title="bbox 401 2090 1952 2184; baseline 0.003 -22"><span class='ocrx_word' id='word_1_112' title='bbox 401 2090 570 2163; x_wconf 92' lang='lat' dir='ltr'>electione</span> <span class='ocrx_word' id='word_1_113' title='bbox 604 2091 775 2182; x_wconf 85' lang='lat' dir='ltr'>superiori</span> <span class='ocrx_word' id='word_1_114' title='bbox 804 2095 958 2183; x_wconf 89' lang='lat' dir='ltr'>tempore</span> <span class='ocrx_word' id='word_1_115' title='bbox 990 2093 1181 2180; x_wconf 89' lang='lat' dir='ltr'>celebrata,</span> <span class='ocrx_word' id='word_1_116' title='bbox 1221 2097 1255 2165; x_wconf 91' lang='lat' dir='ltr'>et</span> <span class='ocrx_word' id='word_1_117' title='bbox 1283 2113 1326 2165; x_wconf 87' lang='lat' dir='ltr'>ex</span> <span class='ocrx_word' id='word_1_118' title='bbox 1355 2093 1574 2166; x_wconf 89' lang='lat' dir='ltr'>successione</span> <span class='ocrx_word' id='word_1_119' title='bbox 1601 2093 1767 2184; x_wconf 90' lang='lat' dir='ltr'>pristina,</span> <span class='ocrx_word' id='word_1_120' title='bbox 1797 2094 1853 2166; x_wconf 91' lang='lat' dir='ltr'>ius</span> <span class='ocrx_word' id='word_1_121' title='bbox 1881 2095 1952 2166; x_wconf 90' lang='lat' dir='ltr'>cla·</span> 
     </span>
     <span class='ocr_line' id='line_1_14' title="bbox 401 2211 1952 2306; baseline 0.001 -24"><span class='ocrx_word' id='word_1_122' title='bbox 401 2211 581 2282; x_wconf 90' lang='lat' dir='ltr'>rissimum</span> <span class='ocrx_word' id='word_1_123' title='bbox 608 2211 810 2298; x_wconf 87' lang='lat' dir='ltr'>habentem,</span> <span class='ocrx_word' id='word_1_124' title='bbox 840 2216 874 2282; x_wconf 92' lang='lat' dir='ltr'>et</span> <span class='ocrx_word' id='word_1_125' title='bbox 902 2211 1138 2305; x_wconf 85' lang='lat' dir='ltr'>Wladislanm</span> <span class='ocrx_word' id='word_1_126' title='bbox 1166 2213 1369 2305; x_wconf 87' lang='lat' dir='ltr'>Hungariae</span> <span class='ocrx_word' id='word_1_127' title='bbox 1397 2217 1432 2286; x_wconf 92' lang='lat' dir='ltr'>et</span> <span class='ocrx_word' id='word_1_128' title='bbox 1458 2214 1625 2286; x_wconf 86' lang='lat' dir='ltr'>Polonieo</span> <span class='ocrx_word' id='word_1_129' title='bbox 1652 2213 1798 2306; x_wconf 84' lang='lat' dir='ltr'>Regem,</span> <span class='ocrx_word' id='word_1_130' title='bbox 1827 2214 1869 2285; x_wconf 92' lang='lat' dir='ltr'>de</span> <span class='ocrx_word' id='word_1_131' title='bbox 1892 2235 1952 2285; x_wconf 89' lang='lat' dir='ltr'>eu-</span> 
     </span>
     <span class='ocr_line' id='line_1_15' title="bbox 401 2331 1953 2421; baseline 0.001 -19"><span class='ocrx_word' id='word_1_132' title='bbox 401 2331 457 2402; x_wconf 91' lang='lat' dir='ltr'>ius</span> <span class='ocrx_word' id='word_1_133' title='bbox 485 2331 561 2402; x_wconf 89' lang='lat' dir='ltr'>vita</span> <span class='ocrx_word' id='word_1_134' title='bbox 587 2332 681 2402; x_wconf 88' lang='lat' dir='ltr'>haud</span> <span class='ocrx_word' id='word_1_135' title='bbox 709 2331 951 2404; x_wconf 89' lang='lat' dir='ltr'>contemnendi</span> <span class='ocrx_word' id='word_1_136' title='bbox 978 2354 1134 2405; x_wconf 86' lang='lat' dir='ltr'>rumores</span> <span class='ocrx_word' id='word_1_137' title='bbox 1162 2337 1246 2406; x_wconf 90' lang='lat' dir='ltr'>tunc</span> <span class='ocrx_word' id='word_1_138' title='bbox 1274 2333 1523 2421; x_wconf 87' lang='lat' dir='ltr'>afferebantur,</span> <span class='ocrx_word' id='word_1_139' title='bbox 1557 2333 1748 2406; x_wconf 87' lang='lat' dir='ltr'>irritarent.</span> <span class='ocrx_word' id='word_1_140' title='bbox 1783 2333 1953 2404; x_wconf 88' lang='lat' dir='ltr'>Plurimis</span> 
     </span>
     <span class='ocr_line' id='line_1_16' title="bbox 401 2451 1952 2543; baseline 0.003 -21"><span class='ocrx_word' id='word_1_141' title='bbox 401 2451 520 2543; x_wconf 88' lang='lat' dir='ltr'>itaque</span> <span class='ocrx_word' id='word_1_142' title='bbox 548 2451 752 2524; x_wconf 92' lang='lat' dir='ltr'>electionem</span> <span class='ocrx_word' id='word_1_143' title='bbox 780 2454 933 2524; x_wconf 86' lang='lat' dir='ltr'>futuram</span> <span class='ocrx_word' id='word_1_144' title='bbox 961 2453 1259 2543; x_wconf 89' lang='lat' dir='ltr'>improbantibus,</span> <span class='ocrx_word' id='word_1_145' title='bbox 1298 2459 1333 2526; x_wconf 91' lang='lat' dir='ltr'>et</span> <span class='ocrx_word' id='word_1_146' title='bbox 1364 2453 1519 2525; x_wconf 89' lang='lat' dir='ltr'>eiusdem</span> <span class='ocrx_word' id='word_1_147' title='bbox 1556 2453 1770 2526; x_wconf 89' lang='lat' dir='ltr'>celeritatem</span> <span class='ocrx_word' id='word_1_148' title='bbox 1804 2473 1952 2526; x_wconf 90' lang='lat' dir='ltr'>commo·</span> 
     </span>
     <span class='ocr_line' id='line_1_17' title="bbox 402 2570 1951 2664; baseline 0.003 -22"><span class='ocrx_word' id='word_1_149' title='bbox 402 2570 457 2642; x_wconf 89' lang='lat' dir='ltr'>dis</span> <span class='ocrx_word' id='word_1_150' title='bbox 484 2571 535 2643; x_wconf 90' lang='lat' dir='ltr'>rei</span> <span class='ocrx_word' id='word_1_151' title='bbox 563 2571 724 2662; x_wconf 90' lang='lat' dir='ltr'>publicae</span> <span class='ocrx_word' id='word_1_152' title='bbox 752 2573 1000 2645; x_wconf 87' lang='lat' dir='ltr'>detrimentum</span> <span class='ocrx_word' id='word_1_153' title='bbox 1028 2574 1216 2646; x_wconf 87' lang='lat' dir='ltr'>allaturam</span> <span class='ocrx_word' id='word_1_154' title='bbox 1244 2573 1499 2661; x_wconf 86' lang='lat' dir='ltr'>asserentibus,</span> <span class='ocrx_word' id='word_1_155' title='bbox 1528 2574 1698 2664; x_wconf 88' lang='lat' dir='ltr'>primores</span> <span class='ocrx_word' id='word_1_156' title='bbox 1723 2594 1766 2645; x_wconf 85' lang='lat' dir='ltr'>ex</span> <span class='ocrx_word' id='word_1_157' title='bbox 1787 2573 1951 2646; x_wconf 90' lang='lat' dir='ltr'>consilia-</span> 
     </span>
     <span class='ocr_line' id='line_1_18' title="bbox 401 2690 1953 2785; baseline 0.002 -23"><span class='ocrx_word' id='word_1_158' title='bbox 401 2690 465 2762; x_wconf 87' lang='lat' dir='ltr'>riis</span> <span class='ocrx_word' id='word_1_159' title='bbox 493 2691 565 2780; x_wconf 83' lang='lat' dir='ltr'>hie,</span> <span class='ocrx_word' id='word_1_160' title='bbox 595 2692 656 2783; x_wconf 90' lang='lat' dir='ltr'>qui</span> <span class='ocrx_word' id='word_1_161' title='bbox 684 2693 888 2765; x_wconf 91' lang='lat' dir='ltr'>electionem</span> <span class='ocrx_word' id='word_1_162' title='bbox 915 2693 1044 2784; x_wconf 89' lang='lat' dir='ltr'>ipsam,</span> <span class='ocrx_word' id='word_1_163' title='bbox 1073 2715 1143 2765; x_wconf 91' lang='lat' dir='ltr'>non</span> <span class='ocrx_word' id='word_1_164' title='bbox 1171 2699 1242 2765; x_wconf 91' lang='lat' dir='ltr'>tem</span> <span class='ocrx_word' id='word_1_165' title='bbox 1269 2694 1483 2781; x_wconf 78' lang='lat' dir='ltr'>rationibnS,</span> <span class='ocrx_word' id='word_1_166' title='bbox 1512 2716 1616 2785; x_wconf 90' lang='lat' dir='ltr'>quam</span> <span class='ocrx_word' id='word_1_167' title='bbox 1644 2694 1953 2766; x_wconf 84' lang='lat' dir='ltr'>vociferationibus</span> 
     </span>
     <span class='ocr_line' id='line_1_19' title="bbox 404 2812 1952 2905; baseline 0.001 -23"><span class='ocrx_word' id='word_1_168' title='bbox 404 2812 630 2900; x_wconf 88' lang='lat' dir='ltr'>damnabant,</span> <span class='ocrx_word' id='word_1_169' title='bbox 660 2813 849 2885; x_wconf 88' lang='lat' dir='ltr'>cedendum</span> <span class='ocrx_word' id='word_1_170' title='bbox 876 2813 961 2903; x_wconf 89' lang='lat' dir='ltr'>rati,</span> <span class='ocrx_word' id='word_1_171' title='bbox 992 2814 1288 2904; x_wconf 88' lang='lat' dir='ltr'>supersedendum</span> <span class='ocrx_word' id='word_1_172' title='bbox 1307 2836 1328 2885; x_wconf 94' lang='lat' dir='ltr'>a</span> <span class='ocrx_word' id='word_1_173' title='bbox 1347 2815 1505 2905; x_wconf 88' lang='lat' dir='ltr'>qualibet</span> <span class='ocrx_word' id='word_1_174' title='bbox 1524 2814 1694 2886; x_wconf 88' lang='lat' dir='ltr'>electione</span> <span class='ocrx_word' id='word_1_175' title='bbox 1712 2815 1952 2886; x_wconf 84' lang='lat' dir='ltr'>decreverunt.</span> 
     </span>
     <span class='ocr_line' id='line_1_20' title="bbox 403 2931 1953 3026; baseline 0.003 -24"><span class='ocrx_word' id='word_1_176' title='bbox 403 2931 458 3004; x_wconf 89' lang='lat' dir='ltr'>Ne</span> <span class='ocrx_word' id='word_1_177' title='bbox 485 2937 601 3003; x_wconf 88' lang='lat' dir='ltr'>tamen</span> <span class='ocrx_word' id='word_1_178' title='bbox 627 2953 833 3024; x_wconf 89' lang='lat' dir='ltr'>progressus</span> <span class='ocrx_word' id='word_1_179' title='bbox 861 2933 903 3006; x_wconf 95' lang='lat' dir='ltr'>de</span> <span class='ocrx_word' id='word_1_180' title='bbox 931 2933 1090 3026; x_wconf 90' lang='lat' dir='ltr'>eligendo</span> <span class='ocrx_word' id='word_1_181' title='bbox 1110 2935 1206 3026; x_wconf 89' lang='lat' dir='ltr'>Rege</span> <span class='ocrx_word' id='word_1_182' title='bbox 1227 2936 1343 3006; x_wconf 85' lang='lat' dir='ltr'>futuro</span> <span class='ocrx_word' id='word_1_183' title='bbox 1363 2934 1671 3021; x_wconf 87' lang='lat' dir='ltr'>intermitteretur,</span> <span class='ocrx_word' id='word_1_184' title='bbox 1700 2935 1847 3006; x_wconf 88' lang='lat' dir='ltr'>alteram</span> <span class='ocrx_word' id='word_1_185' title='bbox 1870 2955 1953 3006; x_wconf 92' lang='lat' dir='ltr'>con-</span> 
     </span>
     <span class='ocr_line' id='line_1_21' title="bbox 403 3053 1955 3145; baseline 0 -21"><span class='ocrx_word' id='word_1_186' title='bbox 403 3053 602 3124; x_wconf 79' lang='lat' dir='ltr'>ventionem</span> <span class='ocrx_word' id='word_1_187' title='bbox 629 3053 825 3144; x_wconf 84' lang='lat' dir='ltr'>generalem</span> <span class='ocrx_word' id='word_1_188' title='bbox 853 3074 914 3144; x_wconf 93' lang='lat' dir='ltr'>pro</span> <span class='ocrx_word' id='word_1_189' title='bbox 943 3054 999 3126; x_wconf 92' lang='lat' dir='ltr'>die</span> <span class='ocrx_word' id='word_1_190' title='bbox 1026 3053 1208 3126; x_wconf 90' lang='lat' dir='ltr'>Dominico</span> <span class='ocrx_word' id='word_1_191' title='bbox 1232 3055 1396 3143; x_wconf 89' lang='lat' dir='ltr'>Laetare,</span> <span class='ocrx_word' id='word_1_192' title='bbox 1426 3055 1463 3125; x_wconf 93' lang='lat' dir='ltr'>in</span> <span class='ocrx_word' id='word_1_193' title='bbox 1482 3055 1600 3126; x_wconf 91' lang='lat' dir='ltr'>eodem</span> <span class='ocrx_word' id='word_1_194' title='bbox 1621 3053 1748 3145; x_wconf 92' lang='lat' dir='ltr'>oppido</span> <span class='ocrx_word' id='word_1_195' title='bbox 1766 3054 1955 3145; x_wconf 79' lang='lat' dir='ltr'>Pyotrlrow</span> 
     </span>
     <span class='ocr_line' id='line_1_22' title="bbox 403 3172 1954 3266; baseline 0 -22"><span class='ocrx_word' id='word_1_196' title='bbox 403 3172 641 3259; x_wconf 87' lang='lat' dir='ltr'>constituunt,</span> <span class='ocrx_word' id='word_1_197' title='bbox 679 3177 714 3245; x_wconf 94' lang='lat' dir='ltr'>et</span> <span class='ocrx_word' id='word_1_198' title='bbox 746 3174 789 3245; x_wconf 91' lang='lat' dir='ltr'>ad</span> <span class='ocrx_word' id='word_1_199' title='bbox 821 3174 953 3246; x_wconf 89' lang='lat' dir='ltr'>Ducem</span> <span class='ocrx_word' id='word_1_200' title='bbox 989 3173 1200 3246; x_wconf 89' lang='lat' dir='ltr'>Lithuaniae</span> <span class='ocrx_word' id='word_1_201' title='bbox 1237 3175 1472 3262; x_wconf 85' lang='lat' dir='ltr'>Kanimirnm,</span> <span class='ocrx_word' id='word_1_202' title='bbox 1511 3196 1601 3246; x_wconf 87' lang='lat' dir='ltr'>nova</span> <span class='ocrx_word' id='word_1_203' title='bbox 1637 3174 1813 3266; x_wconf 87' lang='lat' dir='ltr'>legatione</span> <span class='ocrx_word' id='word_1_204' title='bbox 1850 3174 1954 3245; x_wconf 89' lang='lat' dir='ltr'>illum</span> 
     </span>
     <span class='ocr_line' id='line_1_23' title="bbox 403 3293 1953 3386; baseline -0.001 -21"><span class='ocrx_word' id='word_1_205' title='bbox 403 3293 627 3380; x_wconf 87' lang='lat' dir='ltr'>fleetendum,</span> <span class='ocrx_word' id='word_1_206' title='bbox 662 3293 748 3364; x_wconf 89' lang='lat' dir='ltr'>dnos</span> <span class='ocrx_word' id='word_1_207' title='bbox 780 3294 943 3382; x_wconf 90' lang='lat' dir='ltr'>barones,</span> <span class='ocrx_word' id='word_1_208' title='bbox 978 3294 1227 3366; x_wconf 85' lang='lat' dir='ltr'>Praedborinm</span> <span class='ocrx_word' id='word_1_209' title='bbox 1255 3295 1297 3366; x_wconf 90' lang='lat' dir='ltr'>de</span> <span class='ocrx_word' id='word_1_210' title='bbox 1324 3296 1593 3386; x_wconf 80' lang='lat' dir='ltr'>Konyecnpolye</span> <span class='ocrx_word' id='word_1_211' title='bbox 1621 3293 1953 3380; x_wconf 87' lang='lat' dir='ltr'>Sandomiriensem,</span> 
     </span>
     <span class='ocr_line' id='line_1_24' title="bbox 403 3412 1951 3504; baseline -0.001 -19"><span class='ocrx_word' id='word_1_212' title='bbox 403 3419 438 3486; x_wconf 91' lang='lat' dir='ltr'>et</span> <span class='ocrx_word' id='word_1_213' title='bbox 466 3412 658 3485; x_wconf 83' lang='lat' dir='ltr'>Stiborinm</span> <span class='ocrx_word' id='word_1_214' title='bbox 687 3413 887 3504; x_wconf 77' lang='lat' dir='ltr'>Saarleyslri</span> <span class='ocrx_word' id='word_1_215' title='bbox 915 3413 957 3486; x_wconf 91' lang='lat' dir='ltr'>de</span> <span class='ocrx_word' id='word_1_216' title='bbox 985 3413 1244 3502; x_wconf 82' lang='lat' dir='ltr'>stiborziczo³)</span> <span class='ocrx_word' id='word_1_217' title='bbox 1273 3414 1691 3502; x_wconf 86' lang='lat' dir='ltr'>Inniwladislariensem,</span> <span class='ocrx_word' id='word_1_218' title='bbox 1725 3415 1951 3500; x_wconf 89' lang='lat' dir='ltr'>castellanos,</span> 
     </span>
     <span class='ocr_line' id='line_1_25' title="bbox 405 3533 1953 3626; baseline 0 -22"><span class='ocrx_word' id='word_1_219' title='bbox 405 3555 491 3625; x_wconf 90' lang='lat' dir='ltr'>quos</span> <span class='ocrx_word' id='word_1_220' title='bbox 520 3533 716 3620; x_wconf 88' lang='lat' dir='ltr'>constabat,</span> <span class='ocrx_word' id='word_1_221' title='bbox 747 3534 973 3608; x_wconf 91' lang='lat' dir='ltr'>celebrandae</span> <span class='ocrx_word' id='word_1_222' title='bbox 1001 3533 1042 3606; x_wconf 92' lang='lat' dir='ltr'>de</span> <span class='ocrx_word' id='word_1_223' title='bbox 1072 3536 1189 3606; x_wconf 82' lang='lat' dir='ltr'>futuro</span> <span class='ocrx_word' id='word_1_224' title='bbox 1209 3536 1305 3626; x_wconf 88' lang='lat' dir='ltr'>Rege</span> <span class='ocrx_word' id='word_1_225' title='bbox 1324 3535 1486 3607; x_wconf 90' lang='lat' dir='ltr'>electioni</span> <span class='ocrx_word' id='word_1_226' title='bbox 1505 3534 1731 3626; x_wconf 87' lang='lat' dir='ltr'>propensius,</span> <span class='ocrx_word' id='word_1_227' title='bbox 1753 3556 1856 3625; x_wconf 89' lang='lat' dir='ltr'>quam</span> <span class='ocrx_word' id='word_1_228' title='bbox 1876 3555 1953 3605; x_wconf 91' lang='lat' dir='ltr'>cae-</span> 
     </span>
     <span class='ocr_line' id='line_1_26' title="bbox 404 3653 1953 3744; baseline -0.001 -18"><span class='ocrx_word' id='word_1_229' title='bbox 404 3661 497 3727; x_wconf 88' lang='lat' dir='ltr'>teros</span> <span class='ocrx_word' id='word_1_230' title='bbox 530 3654 732 3726; x_wconf 84' lang='lat' dir='ltr'>aduersatos</span> <span class='ocrx_word' id='word_1_231' title='bbox 765 3654 889 3742; x_wconf 88' lang='lat' dir='ltr'>luisse,</span> <span class='ocrx_word' id='word_1_232' title='bbox 923 3655 1180 3726; x_wconf 88' lang='lat' dir='ltr'>transmittunt.</span> <span class='ocrx_word' id='word_1_233' title='bbox 1221 3655 1373 3744; x_wconf 73' lang='lat' dir='ltr'>Quorum</span> <span class='ocrx_word' id='word_1_234' title='bbox 1407 3654 1695 3744; x_wconf 89' lang='lat' dir='ltr'>persuasionibus</span> <span class='ocrx_word' id='word_1_235' title='bbox 1729 3662 1764 3725; x_wconf 89' lang='lat' dir='ltr'>et</span> <span class='ocrx_word' id='word_1_236' title='bbox 1795 3653 1953 3741; x_wconf 70' lang='lat' dir='ltr'>monitis</span> 
     </span>
     <span class='ocr_line' id='line_1_27' title="bbox 405 3773 1954 3866; baseline -0.001 -20"><span class='ocrx_word' id='word_1_237' title='bbox 405 3779 476 3846; x_wconf 91' lang='lat' dir='ltr'>tam</span> <span class='ocrx_word' id='word_1_238' title='bbox 504 3773 643 3866; x_wconf 90' lang='lat' dir='ltr'>publice</span> <span class='ocrx_word' id='word_1_239' title='bbox 672 3795 775 3864; x_wconf 87' lang='lat' dir='ltr'>quam</span> <span class='ocrx_word' id='word_1_240' title='bbox 803 3773 969 3865; x_wconf 86' lang='lat' dir='ltr'>privatim</span> <span class='ocrx_word' id='word_1_241' title='bbox 997 3774 1247 3866; x_wconf 89' lang='lat' dir='ltr'>proponendis,</span> <span class='ocrx_word' id='word_1_242' title='bbox 1277 3796 1356 3865; x_wconf 91' lang='lat' dir='ltr'>spes</span> <span class='ocrx_word' id='word_1_243' title='bbox 1375 3774 1538 3861; x_wconf 89' lang='lat' dir='ltr'>dabatur,</span> <span class='ocrx_word' id='word_1_244' title='bbox 1560 3775 1667 3845; x_wconf 87' lang='lat' dir='ltr'>Ducis</span> <span class='ocrx_word' id='word_1_245' title='bbox 1687 3773 1859 3844; x_wconf 83' lang='lat' dir='ltr'>Karimiri</span> <span class='ocrx_word' id='word_1_246' title='bbox 1879 3773 1954 3844; x_wconf 85' lang='lat' dir='ltr'>ani-</span> 
     </span>
     <span class='ocr_line' id='line_1_28' title="bbox 406 3891 1954 3982; baseline -0.003 -16"><span class='ocrx_word' id='word_1_247' title='bbox 406 3917 499 3982; x_wconf 89' lang='lat' dir='ltr'>mum</span> <span class='ocrx_word' id='word_1_248' title='bbox 528 3895 571 3965; x_wconf 89' lang='lat' dir='ltr'>ad</span> <span class='ocrx_word' id='word_1_249' title='bbox 600 3895 884 3966; x_wconf 91' lang='lat' dir='ltr'>consentiendum</span> <span class='ocrx_word' id='word_1_250' title='bbox 913 3894 1076 3966; x_wconf 86' lang='lat' dir='ltr'>electioni</span> <span class='ocrx_word' id='word_1_251' title='bbox 1104 3895 1215 3966; x_wconf 87' lang='lat' dir='ltr'>iactae</span> <span class='ocrx_word' id='word_1_252' title='bbox 1234 3895 1276 3966; x_wconf 92' lang='lat' dir='ltr'>de</span> <span class='ocrx_word' id='word_1_253' title='bbox 1295 3915 1347 3981; x_wconf 88' lang='lat' dir='ltr'>se,</span> <span class='ocrx_word' id='word_1_254' title='bbox 1378 3893 1545 3965; x_wconf 82' lang='lat' dir='ltr'>inflexum</span> <span class='ocrx_word' id='word_1_255' title='bbox 1565 3893 1609 3965; x_wconf 93' lang='lat' dir='ltr'>iri</span> <span class='ocrx_word' id='word_1_256' title='bbox 1625 3894 1668 3980; x_wconf 75' lang='lat'>⁴),</span> <span class='ocrx_word' id='word_1_257' title='bbox 1697 3899 1759 3964; x_wconf 89' lang='lat' dir='ltr'>aut</span> <span class='ocrx_word' id='word_1_258' title='bbox 1784 3892 1814 3963; x_wconf 89' lang='lat' dir='ltr'>si</span> <span class='ocrx_word' id='word_1_259' title='bbox 1834 3891 1954 3963; x_wconf 74' lang='grc'><strong>161111-</strong></span> 
     </span>
     <span class='ocr_line' id='line_1_29' title="bbox 404 4012 1955 4105; baseline -0.003 -18"><span class='ocrx_word' id='word_1_260' title='bbox 404 4037 471 4087; x_wconf 92' lang='lat' dir='ltr'>nus</span> <span class='ocrx_word' id='word_1_261' title='bbox 500 4014 728 4105; x_wconf 78' lang='lat' dir='ltr'>procederet,</span> <span class='ocrx_word' id='word_1_262' title='bbox 746 4034 804 4086; x_wconf 89' lang='lat' dir='ltr'>eos</span> <span class='ocrx_word' id='word_1_263' title='bbox 833 4015 1054 4102; x_wconf 89' lang='lat' dir='ltr'>decaetero,</span> <span class='ocrx_word' id='word_1_264' title='bbox 1085 4019 1119 4086; x_wconf 92' lang='lat' dir='ltr'>et</span> <span class='ocrx_word' id='word_1_265' title='bbox 1147 4014 1323 4104; x_wconf 91' lang='lat' dir='ltr'>quoslibet</span> <span class='ocrx_word' id='word_1_266' title='bbox 1350 4014 1455 4101; x_wconf 83' lang='lat' dir='ltr'>alica,</span> <span class='ocrx_word' id='word_1_267' title='bbox 1485 4013 1545 4104; x_wconf 92' lang='lat' dir='ltr'>qui</span> <span class='ocrx_word' id='word_1_268' title='bbox 1574 4013 1777 4086; x_wconf 90' lang='lat' dir='ltr'>electionem</span> <span class='ocrx_word' id='word_1_269' title='bbox 1806 4012 1955 4084; x_wconf 90' lang='lat' dir='ltr'>alterins</span> 
     </span>
     <span class='ocr_line' id='line_1_30' title="bbox 406 4132 1954 4226; baseline -0.004 -18"><span class='ocrx_word' id='word_1_270' title='bbox 406 4134 617 4225; x_wconf 89' lang='lat' dir='ltr'>suspendere</span> <span class='ocrx_word' id='word_1_271' title='bbox 646 4140 680 4206; x_wconf 90' lang='lat' dir='ltr'>et</span> <span class='ocrx_word' id='word_1_272' title='bbox 707 4134 875 4224; x_wconf 90' lang='lat' dir='ltr'>impedire</span> <span class='ocrx_word' id='word_1_273' title='bbox 903 4136 1050 4222; x_wconf 86' lang='grc'><strong>1611611,</strong></span> <span class='ocrx_word' id='word_1_274' title='bbox 1081 4134 1274 4226; x_wconf 87' lang='lat' dir='ltr'>quieturos.</span> <span class='ocrx_word' id='word_1_275' title='bbox 1304 4133 1532 4206; x_wconf 81' lang='lat' dir='ltr'>Commissum</span> <span class='ocrx_word' id='word_1_276' title='bbox 1561 4155 1697 4225; x_wconf 86' lang='lat' dir='ltr'>quoque</span> <span class='ocrx_word' id='word_1_277' title='bbox 1731 4132 1858 4224; x_wconf 89' lang='lat' dir='ltr'>legatis</span> <span class='ocrx_word' id='word_1_278' title='bbox 1886 4137 1954 4220; x_wconf 91' lang='lat' dir='ltr'>est,</span> 
     </span>
     <span class='ocr_line' id='line_1_31' title="bbox 404 4253 1956 4346; baseline -0.002 -19"><span class='ocrx_word' id='word_1_279' title='bbox 404 4261 445 4328; x_wconf 93' lang='lat' dir='ltr'>ut</span> <span class='ocrx_word' id='word_1_280' title='bbox 480 4255 739 4346; x_wconf 90' lang='lat' dir='ltr'>responsionem</span> <span class='ocrx_word' id='word_1_281' title='bbox 776 4255 949 4326; x_wconf 86' lang='lat' dir='ltr'>Kanimiri</span> <span class='ocrx_word' id='word_1_282' title='bbox 983 4255 1090 4328; x_wconf 90' lang='lat' dir='ltr'>Ducis</span> <span class='ocrx_word' id='word_1_283' title='bbox 1123 4254 1336 4326; x_wconf 87' lang='lat' dir='ltr'>Lithuaniae</span> <span class='ocrx_word' id='word_1_284' title='bbox 1368 4254 1419 4326; x_wconf 90' lang='lat' dir='ltr'>eis</span> <span class='ocrx_word' id='word_1_285' title='bbox 1451 4255 1599 4326; x_wconf 86' lang='lat' dir='ltr'>fiendam</span> <span class='ocrx_word' id='word_1_286' title='bbox 1639 4275 1742 4343; x_wconf 85' lang='lat' dir='ltr'>qnam</span> <span class='ocrx_word' id='word_1_287' title='bbox 1775 4253 1956 4324; x_wconf 86' lang='lat' dir='ltr'>celerrime</span> 
     </span>
     <span class='ocr_line' id='line_1_32' title="bbox 404 4371 1956 4466; baseline -0.003 -18"><span class='ocrx_word' id='word_1_288' title='bbox 404 4397 465 4466; x_wconf 92' lang='lat' dir='ltr'>per</span> <span class='ocrx_word' id='word_1_289' title='bbox 493 4375 629 4447; x_wconf 80' lang='lat' dir='ltr'>veloces</span> <span class='ocrx_word' id='word_1_290' title='bbox 658 4375 802 4446; x_wconf 91' lang='lat' dir='ltr'>nuntios</span> <span class='ocrx_word' id='word_1_291' title='bbox 830 4377 873 4446; x_wconf 88' lang='lat' dir='ltr'>ad</span> <span class='ocrx_word' id='word_1_292' title='bbox 902 4376 1055 4448; x_wconf 87' lang='lat' dir='ltr'>seniores</span> <span class='ocrx_word' id='word_1_293' title='bbox 1084 4373 1304 4446; x_wconf 88' lang='lat' dir='ltr'>consiliarios</span> <span class='ocrx_word' id='word_1_294' title='bbox 1332 4374 1591 4459; x_wconf 86' lang='lat' dir='ltr'>transmittant,</span> <span class='ocrx_word' id='word_1_295' title='bbox 1620 4378 1660 4443; x_wconf 96' lang='lat' dir='ltr'>ut</span> <span class='ocrx_word' id='word_1_296' title='bbox 1680 4373 1850 4464; x_wconf 88' lang='lat' dir='ltr'>qualitate</span> <span class='ocrx_word' id='word_1_297' title='bbox 1878 4371 1956 4443; x_wconf 91' lang='lat' dir='ltr'>eius</span> 
     </span>
     <span class='ocr_line' id='line_1_33' title="bbox 407 4494 1957 4586; baseline -0.003 -19"><span class='ocrx_word' id='word_1_298' title='bbox 407 4495 554 4585; x_wconf 79' lang='lat' dir='ltr'>scita5),</span> <span class='ocrx_word' id='word_1_299' title='bbox 583 4495 722 4586; x_wconf 90' lang='lat' dir='ltr'>plenius</span> <span class='ocrx_word' id='word_1_300' title='bbox 752 4497 931 4568; x_wconf 86' lang='lat' dir='ltr'>conferant</span> <span class='ocrx_word' id='word_1_301' title='bbox 950 4501 985 4568; x_wconf 90' lang='grc'>61</span> <span class='ocrx_word' id='word_1_302' title='bbox 1004 4495 1212 4581; x_wconf 90' lang='lat' dir='ltr'>deliberent,</span> <span class='ocrx_word' id='word_1_303' title='bbox 1247 4495 1385 4585; x_wconf 89' lang='lat' dir='ltr'>qualem</span> <span class='ocrx_word' id='word_1_304' title='bbox 1418 4494 1490 4565; x_wconf 90' lang='lat' dir='ltr'>sint</span> <span class='ocrx_word' id='word_1_305' title='bbox 1517 4494 1558 4566; x_wconf 93' lang='lat' dir='ltr'>de</span> <span class='ocrx_word' id='word_1_306' title='bbox 1586 4497 1722 4565; x_wconf 88' lang='lat' dir='ltr'>caetero</span> <span class='ocrx_word' id='word_1_307' title='bbox 1754 4512 1957 4583; x_wconf 89' lang='lat' dir='ltr'>processum</span> 
     </span>
     <span class='ocr_line' id='line_1_34' title="bbox 406 4611 1955 4708; baseline -0.003 -21"><span class='ocrx_word' id='word_1_308' title='bbox 406 4617 443 4688; x_wconf 93' lang='lat' dir='ltr'>in</span> <span class='ocrx_word' id='word_1_309' title='bbox 470 4616 714 4707; x_wconf 88' lang='lat' dir='ltr'>promerendis</span> <span class='ocrx_word' id='word_1_310' title='bbox 741 4616 972 4707; x_wconf 91' lang='lat' dir='ltr'>reipublicae</span> <span class='ocrx_word' id='word_1_311' title='bbox 999 4616 1150 4708; x_wconf 91' lang='lat' dir='ltr'>negotiis</span> <span class='ocrx_word' id='word_1_312' title='bbox 1178 4614 1346 4687; x_wconf 86' lang='lat' dir='ltr'>habituri.</span> <span class='ocrx_word' id='word_1_313' title='bbox 1379 4616 1426 4686; x_wconf 81' lang='lat' dir='ltr'>Et</span> <span class='ocrx_word' id='word_1_314' title='bbox 1453 4615 1509 4686; x_wconf 88' lang='grc'><strong>1116</strong></span> <span class='ocrx_word' id='word_1_315' title='bbox 1538 4614 1676 4705; x_wconf 84' lang='lat' dir='ltr'>quidem</span> <span class='ocrx_word' id='word_1_316' title='bbox 1706 4613 1757 4684; x_wconf 91' lang='lat' dir='ltr'>sic</span> <span class='ocrx_word' id='word_1_317' title='bbox 1784 4611 1955 4701; x_wconf 91' lang='lat' dir='ltr'>composi-</span> 
     </span>
     <span class='ocr_line' id='line_1_35' title="bbox 406 4735 981 4824; baseline 0.005 -19"><span class='ocrx_word' id='word_1_318' title='bbox 406 4735 469 4824; x_wconf 86' lang='grc'><strong>116,</strong></span> <span class='ocrx_word' id='word_1_319' title='bbox 500 4741 692 4809; x_wconf 83' lang='lat' dir='ltr'>conventus</span> <span class='ocrx_word' id='word_1_320' title='bbox 721 4737 889 4808; x_wconf 90' lang='lat' dir='ltr'>dimissus</span> <span class='ocrx_word' id='word_1_321' title='bbox 918 4741 981 4808; x_wconf 91' lang='lat' dir='ltr'>est.</span> 
     </span>
    </p>
   </div>
   <div class='ocr_carea' id='block_1_3' title="bbox 404 5007 1958 5318">
    <p class='ocr_par' dir='ltr' id='par_1_3' title="bbox 404 5007 1958 5318">
     <span class='ocr_line' id='line_1_36' title="bbox 514 5007 1958 5111; baseline -0.008 -20"><span class='ocrx_word' id='word_1_322' title='bbox 514 5029 534 5109; x_wconf 85' lang='lat'>¹)</span> <span class='ocrx_word' id='word_1_323' title='bbox 558 5031 761 5107; x_wconf 86' lang='lat' dir='ltr'>percipiebant</span> <span class='ocrx_word' id='word_1_324' title='bbox 782 5026 846 5090; x_wconf 76' lang='lat' dir='ltr'>Ea.</span> <span class='ocrx_word' id='word_1_325' title='bbox 867 5026 958 5111; x_wconf 83' lang='lat' dir='ltr'>Lips.</span> <span class='ocrx_word' id='word_1_326' title='bbox 983 5021 1009 5111; x_wconf 81' lang='lat'>²)</span> <span class='ocrx_word' id='word_1_327' title='bbox 1034 5007 1217 5088; x_wconf 83' lang='lat' dir='ltr'>Gnesnenais</span> <span class='ocrx_word' id='word_1_328' title='bbox 1240 5027 1379 5086; x_wconf 91' lang='lat' dir='ltr'>videlicet</span> <span class='ocrx_word' id='word_1_329' title='bbox 1401 5023 1464 5085; x_wconf 85' lang='lat' dir='ltr'>Ed.</span> <span class='ocrx_word' id='word_1_330' title='bbox 1489 5021 1579 5105; x_wconf 78' lang='lat' dir='ltr'>Lipe.</span> <span class='ocrx_word' id='word_1_331' title='bbox 1606 5020 1631 5100; x_wconf 79' lang='lat'>³)</span> <span class='ocrx_word' id='word_1_332' title='bbox 1655 5023 1816 5082; x_wconf 82' lang='lat' dir='ltr'>Suarliozki</span> <span class='ocrx_word' id='word_1_333' title='bbox 1840 5021 1876 5081; x_wconf 93' lang='lat' dir='ltr'>de</span> <span class='ocrx_word' id='word_1_334' title='bbox 1893 5021 1958 5082; x_wconf 91' lang='lat' dir='ltr'>Oti·</span> 
     </span>
     <span class='ocr_line' id='line_1_37' title="bbox 404 5121 1958 5210; baseline -0.008 -15"><span class='ocrx_word' id='word_1_335' title='bbox 404 5135 520 5195; x_wconf 87' lang='lat' dir='ltr'>borzice</span> <span class='ocrx_word' id='word_1_336' title='bbox 545 5128 620 5194; x_wconf 76' lang='lat' dir='ltr'>Coc.</span> <span class='ocrx_word' id='word_1_337' title='bbox 644 5129 754 5194; x_wconf 80' lang='lat' dir='ltr'>Przcz.</span> <span class='ocrx_word' id='word_1_338' title='bbox 777 5133 930 5209; x_wconf 78' lang='lat' dir='ltr'>Sarleyski</span> <span class='ocrx_word' id='word_1_339' title='bbox 962 5133 998 5192; x_wconf 91' lang='lat' dir='ltr'>de</span> <span class='ocrx_word' id='word_1_340' title='bbox 1021 5131 1183 5191; x_wconf 84' lang='lat' dir='ltr'>Stibornice</span> <span class='ocrx_word' id='word_1_341' title='bbox 1219 5125 1283 5189; x_wconf 77' lang='lat' dir='ltr'>Ed.</span> <span class='ocrx_word' id='word_1_342' title='bbox 1315 5126 1405 5210; x_wconf 82' lang='lat' dir='ltr'>La&#39;ps.</span> <span class='ocrx_word' id='word_1_343' title='bbox 1438 5125 1463 5203; x_wconf 66' lang='grc'>4)</span> <span class='ocrx_word' id='word_1_344' title='bbox 1487 5127 1695 5206; x_wconf 82' lang='lat' dir='ltr'>inflectendum</span> <span class='ocrx_word' id='word_1_345' title='bbox 1717 5127 1753 5184; x_wconf 90' lang='lat' dir='ltr'>iri</span> <span class='ocrx_word' id='word_1_346' title='bbox 1777 5121 1840 5190; x_wconf 77' lang='lat' dir='ltr'>Ed.</span> <span class='ocrx_word' id='word_1_347' title='bbox 1866 5121 1958 5206; x_wconf 80' lang='lat' dir='ltr'>Lc&#39;ps.</span> 
     </span>
     <span class='ocr_line' id='line_1_38' title="bbox 408 5233 777 5318; baseline 0 -20"><span class='ocrx_word' id='word_1_348' title='bbox 408 5237 434 5316; x_wconf 75' lang='lat'>⁵)</span> <span class='ocrx_word' id='word_1_349' title='bbox 458 5238 577 5315; x_wconf 85' lang='lat' dir='ltr'>cognita</span> <span class='ocrx_word' id='word_1_350' title='bbox 599 5233 661 5298; x_wconf 81' lang='lat' dir='ltr'>Ed.</span> <span class='ocrx_word' id='word_1_351' title='bbox 684 5233 777 5318; x_wconf 61' lang='lat' dir='ltr'>Iope.</span> 
     </span>
    </p>
   </div>
   <div class='ocr_carea' id='block_1_4' title="bbox 0 0 2150 6276">
    <p class='ocr_par' dir='ltr' id='par_1_4' title="bbox 0 0 2150 6276">
     <span class='ocr_line' id='line_1_39' title="bbox 0 0 2150 6276; baseline 0 0"><span class='ocrx_word' id='word_1_352' title='bbox 0 0 2150 6276; x_wconf 95' lang='lat' dir='ltr'> </span> 
     </span>
    </p>
   </div>
  </div>
 </body>
</html>
