4090 6290
140 547 206 653 (Α.
226 549 271 627 D.
292 547 419 652 1480.)
652 573 765 628 urere
791 573 1036 630 recusemus
1064 555 1178 647 (xrrr).
1616 549 1690 634 699

168 877 305 955 terrra
327 877 507 974 burgariae
530 877 599 956 ilex
622 880 735 954 centra
758 895 847 972 spon
870 878 1009 950 omniun
1032 895 1075 955 ex
1096 877 1204 956 morbo
1227 877 1479 968 conualescere,
1502 877 1664 956 rutum

844 999 982 1080 irretit.

242 1249 373 1327 Multas
400 1249 542 1326 interim
570 1251 676 1326 etiam
704 1250 928 1328 Germanicas
955 1251 1130 1348 regiones,
1163 1251 1378 1347 propinquas
1406 1272 1543 1346 quoque
1572 1256 1607 1328 et
1635 1272 1688 1328 rc-

138 1377 268 1464 metas,
297 1373 403 1464 lama,
431 1394 501 1446 nen
528 1378 658 1448 temere
677 1379 814 1465 exorta,
843 1379 1060 1467 pervaserat,
1090 1373 1293 1469 Hungoriae
1312 1374 1444 1468 Regem
1462 1373 1632 1450 Mathiam
1653 1373 1691 1450 iu

139 1496 214 1570 elec
234 1499 260 1586 ¹)
293 1495 423 1586 oliuae,
458 1515 501 1570 ex
530 1495 688 1570 Venetiis
716 1497 759 1569 ed
788 1495 1006 1571 rendendum
1038 1496 1139 1570 illato
1167 1495 1320 1585 Budam,
1354 1496 1569 1571 aconitatum
1597 1517 1686 1572 esse.

138 1617 233 1710 Quae
259 1621 358 1692 tante
386 1617 525 1693 facilius
553 1618 645 1710 apud
672 1617 808 1692 vicinas
835 1617 994 1692 nationes
1023 1617 1156 1693 credita
1184 1621 1256 1708 est,
1285 1622 1414 1711 quanto
1434 1616 1614 1692 ardentius
1633 1616 1686 1692 in·

136 1739 264 1814 teritus
291 1739 392 1813 illius
420 1759 440 1813 a
468 1739 636 1833 singulis,
665 1740 726 1814 sed
754 1743 788 1814 et
811 1739 1001 1833 aprepriis
1029 1739 1210 1834 Hungaris
1237 1739 1461 1832 poscebatur:
1491 1759 1578 1832 ques
1597 1758 1687 1812 anne

138 1861 296 1954 quolibet
323 1860 456 1936 tributo
485 1860 723 1956 quadruplici,
752 1861 816 1935 sub
846 1861 975 1952 colore,
1001 1865 1042 1935 ut
1059 1861 1240 1937 robustius
1268 1863 1379 1934 Turce
1406 1859 1604 1949 resisteret,
1632 1880 1687 1934 re·

136 2003 219 2058 vera
246 1987 380 2072 autem,
409 1983 683 2073 Catholicerum,
713 1988 747 2058 et
770 1983 975 2076 praesertim
995 1983 1222 2077 Imperatoris
1245 1983 1481 2057 Romanorum
1500 1981 1686 2073 Friderici,

138 2124 240 2197 quem
267 2105 310 2178 ad
337 2103 504 2178 iniuriam
537 2104 759 2198 irrogandam
792 2106 1058 2180 fortunatiorem
1073 2103 1104 2196 2)
1137 2104 1295 2194 ridebat,
1334 2107 1369 2177 et
1396 2103 1496 2178 euius
1523 2102 1686 2196 imperia·

136 2225 206 2299 lem
234 2225 350 2300 sedem
379 2225 447 2300 sibi
475 2247 644 2320 usurpare
671 2226 866 2317 nitebatur,
897 2227 1095 2322 derogabat.
1124 2226 1354 2300 Premebatur
1382 2225 1555 2318 siquidem
1579 2224 1685 2317 poda·

135 2347 233 2442 grica
260 2369 364 2424 saeua
391 2352 427 2422 et
453 2347 563 2422 atroci
589 2347 810 2438 infirmitate,
839 2369 859 2422 a
887 2371 955 2442 qua
982 2353 1102 2424 eontra
1134 2370 1231 2440 spem
1259 2352 1294 2423 et
1321 2349 1442 2421 uotum
1469 2346 1683 2436 mortalium,

135 2469 266 2562 peritia
292 2469 583 2562 Aesculapiorum
616 2469 719 2545 facile
761 2469 830 2543 luit
861 2471 1043 2545 liberatus.
1085 2470 1241 2544 Necdum
1279 2469 1412 2543 curatio
1441 2468 1484 2566 ad
1510 2467 1687 2560 integrum

132 2595 358 2684 provenerat,
388 2611 471 2665 auro
499 2591 536 2664 in
564 2591 812 2680 mercenarios,
841 2597 1021 2686 equestres
1050 2596 1084 2666 et
1109 2591 1264 2684 pedites,
1299 2589 1391 2685 qued
1418 2588 1621 2663 Pannonius
1648 2589 1686 2663 in

134 2733 235 2787 suam
262 2711 497 2789 defensionem
526 2713 737 2804 contulerat,
768 2718 924 2808 erogate,
953 2713 1066 2787 mittit
1094 2713 1287 2788 exercitum
1315 2732 1359 2786 ex
1387 2709 1496 2785 variis
1519 2711 1685 2806 gentibus

132 2833 366 2930 permixtum,
401 2833 466 2908 sub
498 2833 628 2908 ducatu
644 2831 675 2923 8)
707 2833 827 2908 Tareri
860 2834 1011 2909 Thomas
1043 2834 1222 2928 Hungari,
1255 2833 1508 2928 Austriamque
1534 2830 1684 2923 invadit,

133 2955 370 3050 oppidumque
397 2955 621 3050 Rakemburg
637 2955 680 3046 4),
716 2955 788 3029 situ
821 2960 855 3030 at
882 2960 957 3030 arte
984 2958 1089 3047 forte,
1119 2955 1241 3030 stratis
1268 2977 1331 3049 per
1357 2958 1532 3029 tormenta
1559 2951 1682 3044 muris,

133 3083 326 3171 expugnat.
360 3078 534 3151 Admouet
567 3077 691 3152 deinde
733 3078 776 3150 ad
814 3099 926 3153 arcem
961 3082 995 3152 et
1023 3078 1189 3171 oppidum
1221 3077 1331 3153 Gracc
1367 3077 1404 3151 in
1433 3075 1572 3151 editiori
1599 3076 1677 3149 loce

132 3200 257 3289 situm,
288 3199 496 3290 exercitum,
525 3203 561 3272 et
587 3197 678 3272 illud
705 3201 889 3274 tormentis
918 3200 1054 3292 quatire
1078 3201 1203 3292 coepit.
1234 3199 1358 3273 Sirtus
1386 3199 1451 3272 sub
1479 3197 1570 3272 idem
1593 3200 1682 3270 tern-

130 3341 199 3413 pus
216 3320 246 3411 5)
274 3321 371 3412 Papa
398 3326 544 3413 quartus
572 3320 787 3393 Florentinis
815 3321 1016 3413 petentibus
1039 3342 1159 3413 pacem
1178 3321 1290 3394 dedit:
1320 3318 1500 3392 mulctatis
1518 3315 1681 3412 perprius

131 3441 271 3534 aliquot
298 3440 498 3534 insignibus
526 3442 652 3514 castris
677 3446 712 3516 et
731 3442 953 3532 civitatibus,
982 3447 1017 3516 et
1044 3444 1222 3517 Romanae
1245 3442 1423 3516 Ecclesiae
1442 3439 1530 3515 sorti
1550 3445 1584 3514 et
1602 3460 1681 3534 pre·

129 3562 279 3656 prietati
305 3568 473 3660 perpetuo
501 3562 645 3636 insertis
661 3563 705 3654 θ).

240 3873 262 3956 ¹)
287 3877 318 3936 in
340 3877 404 3938 loeo
432 3871 508 3938 Coei.
534 3870 622 3937 Caio.
647 3873 673 3954 9)
696 3875 933 3953 opportuniorem
954 3871 1018 3936 Ed.
1042 3871 1133 3957 Lips.
1158 3871 1183 3953 ³)
1208 3875 1262 3935 sub
1285 3873 1375 3934 ductu
1397 3867 1460 3934 Ea.
1476 3869 1566 3954 Lips.
1583 3867 1609 3951 ⁴)
1625 3871 1682 3933 Ra·

128 3981 267 4056 temburg
291 3975 366 4042 eod.
382 3977 491 4042 Przez.
515 3978 761 4058 (Radlrmsbmg).
787 3976 812 4058 ⁵)
836 3980 896 4040 Sub
919 3980 950 4039 id
966 3979 1073 4040 deiude
1096 3986 1211 4055 tempus
1234 3977 1335 4038 Sintes
1358 3974 1422 4040 Ed.
1450 3973 1540 4060 Lips.
1569 3973 1595 4054 ⁶)
1618 3972 1683 4037 Ed.

127 4080 223 4166 Lipa
252 4080 366 4145 addit:
395 4083 480 4144 Finis
508 4083 667 4143 Annalium
699 4084 818 4145 Ioannis
848 4083 1002 4160 Dlugosch
1032 4083 1162 4144 senioris
1193 4081 1335 4143 (lamerici
1362 4081 1577 4144 Oracoviensis.
1600 4080 1682 4142 Laus

128 4188 170 4249 sit
192 4187 270 4248 Dee!
