4090 6290
137 577 204 683 (Α.
226 581 271 656 D.
292 580 419 681 1479.)
468 698 474 709 ἱ
655 609 767 662 creone
793 611 1038 668 uuouuormue
1066 597 1180 687 (xrrr).
1615 601 1689 679 683

136 793 239 886 gulos
268 794 337 870 tore
365 795 530 870 mortales
557 796 726 885 Peloros,
756 797 866 891 stirpe
894 799 964 874 eibi
982 803 1017 875 et
1035 803 1244 896 cognatione
1271 806 1475 882 coniunctos
1495 812 1687 890 astruebat.

136 913 180 996 Iu
207 921 370 1019 sumptae
397 919 579 1019 profusae,
607 919 688 1021 plns
716 941 819 1024 qaam
847 920 935 1003 sorti
962 944 1046 1004 suaa
1073 927 1108 1005 bt
1135 926 1342 1008 condoceret
1369 933 1404 1010 ct
1431 932 1645 1011 conveniret.

133 1277 285 1352 {criniri
307 1281 404 1372 aegre
428 1283 593 1358 exercitur
623 1289 773 1360 arceret
797 1287 914 1378 oppida
945 1288 1051 1361 omnia
1085 1289 1294 1382 oqrsooqaan
1316 1290 1526 1379 varulanae,
1553 1293 1685 1385 quaerar

133 1399 266 1500 strong
287 1404 458 1501 conquirit.
488 1404 604 1517 bireta
624 1406 660 1478 iu
683 1407 807 1481 tironia
829 1427 887 1499 uro
909 1409 1085 1485 boclanda
1107 1428 1187 1502 oros
1212 1412 1300 1486 iuter
1322 1411 1475 1490 latura
1502 1412 1683 1512 congruae

530 1530 564 1606 at
586 1527 780 1608 Rariuiroa
802 1531 952 1610 roloniae
975 1531 1081 1628 aegeo
1103 1532 1301 1610 instituitur.

238 1776 319 1852 Nou
346 1782 467 1855 secuta
494 1780 722 1857 conuentione
750 1781 1034 1874 clomannorum,
1063 1804 1125 1878 pro
1148 1783 1567 1879 Puriboationiefest01)
1594 1785 1687 1863 inter

135 1897 250 1996 Reges
268 1901 451 1993 Poloniae,
476 1903 679 1998 Huugariue
706 1909 742 1980 et
761 1899 949 1981 Bobemiae
965 1903 1008 1996 2),
1038 1905 1232 1980 constituta
1254 1906 1298 1980 ad
1323 1907 1599 1982 concordandum
1618 1909 1687 1984 Re·

134 2043 212 2116 gee,
246 2023 379 2098 bellum
412 2024 642 2100 nihilomiuus
669 2047 690 2098 a
715 2027 880 2120 gentibus
912 2027 1020 2122 regiis
1036 2025 1067 2118 ³)
1100 2032 1221 2102 eontra
1252 2026 1439 2102 Nicolaum
1472 2029 1617 2124 Tunger
1649 2031 1687 2106 in

135 2143 339 2238 episcopatu
366 2145 565 2221 Varmieusi
593 2147 878 2240 continuabatur,
916 2151 1005 2224 festo
1037 2148 1299 2224 Purificationis
1327 2150 1463 2242 elapso,
1492 2156 1532 2224 at
1555 2151 1687 2228 foederi

134 2285 213 2340 cum
241 2267 337 2362 Rege
363 2268 566 2364 Huugarice
581 2269 612 2360 ⁴)
644 2269 807 2344 concluso
840 2269 1159 2361 satisfacereturl).
1202 2269 1349 2345 interim
1383 2292 1465 2345 vero
1498 2275 1595 2346 totus
1622 2273 1686 2349 ille

134 2386 358 2482 episcopatus
383 2411 447 2483 per
472 2390 588 2484 ignem
617 2395 651 2464 et
677 2391 824 2483 praedas
851 2391 1030 2466 desolatus
1059 2397 1129 2482 ast,
1158 2397 1194 2466 et
1222 2413 1340 2467 omnes
1367 2392 1531 2469 civitates
1551 2393 1627 2468 eius
1647 2400 1685 2472 et

134 2529 231 2585 arces
258 2533 320 2605 per
345 2513 460 2606 regias
487 2516 608 2606 gentes
636 2512 855 2606 conquisitae
872 2515 918 2588 'et
936 2513 974 2588 in
992 2518 1203 2607 potestatem
1225 2514 1357 2608 regiam
1385 2515 1682 2609 redactasque-

134 2637 188 2708 ter
215 2638 369 2708 castrum
397 2639 432 2708 et
459 2633 640 2708 civitatem
667 2635 830 2730 Rlsberg‚
865 2657 953 2729 quae
981 2641 1016 2710 et
1043 2636 1122 2730 ipsa
1148 2657 1168 2710 a
1194 2635 1290 2731 regio
1323 2635 1482 2710 exercitu
1510 2637 1554 2710 ab
1586 2643 1683 2711 utra·

136 2776 203 2848 que
238 2761 337 2850 parte
374 2754 531 2830 ciuitatis
563 2756 799 2832 obsidebatur.
832 2757 981 2832 Molesta
1012 2764 1087 2833 erat
1118 2757 1208 2854 Regi
1234 2757 1484 2853 Huugariael)
1511 2757 1597 2834 baec
1624 2759 1684 2834 ob·

134 2876 260 2970 sossio,
288 2877 359 2952 iam
386 2877 478 2952 enim
504 2898 560 2952 res
587 2899 674 2971 pene
702 2878 745 2952 ad
774 2879 989 2954 eversionem
1017 2883 1052 2955 et
1079 2878 1371 2974 conquisitionem
1399 2878 1507 2954 castri
1534 2883 1570 2954 et
1597 2879 1684 2955 ciri·

132 2999 219 3074 tatis
248 3003 283 3074 et
309 2999 399 3074 crois
426 3005 643 3094 peruenerat.
673 2999 751 3075 Rex
771 3021 908 3094 quoque
927 3000 1131 3095 Huugariae
1158 2999 1311 3075 Mathias
1334 3022 1413 3075 cum
1437 2999 1532 3075 omni
1557 3006 1685 3078 conatu

134 3125 170 3196 et
197 3121 314 3196 studio
350 3121 540 3197 conabatur
575 3121 743 3216 Magistro
761 3122 790 3213 7)
828 3127 863 3196 et
895 3121 1033 3213 Ordiui‚
1071 3129 1106 3199 et
1137 3123 1284 3198 Nicolao
1316 3123 1478 3218 Tungou,
1514 3128 1684 3217 tanquam

133 3243 253 3319 iussus
281 3266 302 3318 a
329 3243 470 3318 Summo
498 3245 683 3332 Pontibus,
713 3245 917 3334 subuenire,
947 3250 981 3319 et
1007 3251 1130 3340 gentes
1153 3245 1267 3340 regiae
1286 3265 1330 3318 ex
1350 3264 1470 3338 campo
1490 3245 1682 3338 depellere:

132 3366 267 3440 'lurcos
299 3371 416 3439 temen
448 3363 505 3439 illi
538 3366 715 3454 obstabat,
751 3367 811 3459 qui
844 3366 1005 3458 Regnum
1037 3366 1240 3460 Huugariae
1273 3365 1448 3458 frequenti
1485 3364 1684 3441 vastatione

132 3489 301 3574 vexabat3
330 3486 457 3561 Italiae
486 3507 623 3578 quoque
650 3486 832 3579 Principes
860 3490 983 3560 mutuo
1009 3486 1126 3580 gladio
1155 3508 1192 3559 se
1219 3486 1444 3560 collidebant.
1473 3485 1592 3559 Huius
1612 3486 1682 3559 col·

132 3607 273 3682 lieionis
307 3609 432 3682 Sirius
463 3608 560 3700 Papa
592 3614 667 3682 erat
698 3613 820 3682 uertex
849 3615 884 3682 et
911 3608 1089 3702 princeps;
1122 3607 1337 3681 adiuuabant
1369 3627 1506 3699 quoque
1533 3605 1684 3697 illum⁸)

132 3727 376 3803 Fordiuaudas
408 3728 599 3821 Napuliae,
634 3733 668 3802 et
696 3730 847 3802 Mathias
875 3729 1093 3822 Huugariae,
1128 3730 1258 3822 Reges,
1293 3733 1328 3802 et
1356 3727 1563 3802 Seneneium
1591 3749 1682 3801 com·

131 3851 298 3924 mauites.
325 3852 413 3924 Pars
440 3854 556 3924 autem
584 3851 695 3924 altera
722 3855 797 3924 erat
823 3851 1108 3924 Florentinorum
1136 3855 1171 3923 ot
1190 3850 1418 3937 Venetorum,
1449 3852 1569 3922 eontra
1596 3869 1683 3941 quos

131 3973 230 4065 Papa
257 3971 382 4046 Siutus
409 3970 536 4044 inutile
567 3972 693 4064 agebat
719 3972 868 4056 bellum;
903 3971 1093 4045 adiuvabat
1124 3977 1241 4045 autem
1269 3991 1327 4044 eos
1343 3970 1374 4060 9)
1407 3969 1484 4043 Rex
1512 3968 1683 4043 Francius

132 4099 168 4167 et
195 4095 276 4166 Dux
303 4091 509 4165 Mediolani:
538 4095 573 4164 ot
600 4093 713 4164 multa
740 4093 832 4164 mala
858 4091 954 4186 regio
974 4091 1101 4165 Italiae
1120 4095 1204 4165 tuno
1223 4091 1410 4180 tolerabat,
1442 4079 1526 4163 adeo
1550 4093 1591 4162 ut
1615 4089 1681 4163 Ve-

130 4213 206 4288 neti
233 4217 438 4306 cogerentur
465 4233 543 4285 curn
572 4212 694 4286 Tarnis
723 4214 787 4286 sub
815 4213 948 4306 iniquis
977 4212 1236 4286 conditionibus
1264 4233 1383 4305 pacem
1410 4211 1517 4301 inire,
1542 4215 1577 4285 et
1595 4209 1681 4283 civi·

131 4333 523 4422 tatemScutaliam10)
551 4333 741 4427 insignem,
771 4357 874 4426 quarn
902 4339 1000 4408 tanto
1029 4340 1201 4427 tempore,
1229 4355 1299 4406 non
1319 4332 1394 4407 sine
1413 4333 1512 4406 clade
1529 4331 1683 4404 maxima

131 4456 338 4544 Turoorum,
367 4453 608 4542 defenderent,
641 4476 720 4527 oum
748 4455 829 4528 aliie
857 4456 992 4548 aliquot
1020 4455 1227 4529 civitatibus
1255 4454 1484 4542 oometaneis,
1516 4461 1618 4545 pacto
1647 4456 1683 4525 ot

131 4576 268 4650 foedere
296 4575 418 4648 Turcis
446 4577 540 4648 dare.
569 4575 687 4649 Missis
716 4576 835 4670 itaque
862 4577 998 4668 aliquot
1017 4576 1154 4648 nuntiis
1174 4575 1403 4668 specialibus,
1432 4574 1585 4647 Mathiae
1604 4573 1682 4646 Rex

130 4696 353 4790 Huugariae,
383 4696 427 4768 ed
454 4695 673 4770 Kunimiram
705 4697 872 4771 Poloniae
899 4698 1047 4792 Regem,
1082 4696 1485 4790 obtinuitueugem11)
1513 4693 1589 4767 dari
1616 4692 1681 4766 Ni·

239 5045 264 5126 1)
287 5064 341 5124 pro
363 5046 439 5108 festo
461 5045 677 5108 Pariflcatiouie
707 5045 833 5108 Sanctae
862 5045 974 5106 Mariae
996 5043 1128 5121 Virginis
1150 5037 1214 5105 Ed.
1237 5037 1327 5124 Lipe.
1359 5039 1384 5120 ²)
1407 5040 1484 5102 inter
1506 5039 1681 5102 anlmirum

129 5151 285 5230 Poloniae,
315 5151 457 5211 Mathiam
485 5151 671 5229 Huugariae,
701 5156 731 5210 et
761 5149 954 5210 Wladislaum
984 5148 1144 5209 Bobemiae
1165 5147 1263 5222 Reges
1286 5141 1350 5212 Ed.
1374 5141 1467 5227 Lipe.
1491 5141 1519 5222 ³)
1544 5142 1681 5205 Oasimiri

129 5256 271 5316 Poloniae
293 5255 384 5332 Regis
407 5251 471 5318 Ea.
495 5252 585 5336 Lipe.
610 5250 636 5333 ⁴)
659 5272 725 5314 cum
746 5253 860 5313 Mathia
882 5253 1053 5329 Huugariae
1074 5252 1157 5328 Rege
1176 5246 1238 5312 Ed.
1255 5246 1348 5331 Lipe.
1372 5247 1399 5324 5)
1421 5248 1494 5308 eatis
1509 5252 1600 5308 fieret.
1617 5243 1680 5308 Ed.

130 5356 221 5441 Lipe.
245 5353 272 5435 θ)
295 5357 425 5417 Matthiae
454 5356 530 5433 Regi
560 5357 731 5432 Huugariae
754 5352 818 5417 Ed.
841 5352 935 5437 Lipe.
964 5351 989 5432 τ)
1013 5353 1152 5415 Prassiae
1174 5353 1318 5430 Magistro
1341 5347 1404 5415 Ed.
1428 5346 1519 5433 Lipe.
1544 5349 1570 5429 ⁸)
1593 5367 1681 5426 quem

129 5463 312 5522 adiuvabant
334 5457 398 5520 Ed.
422 5457 513 5542 Lips.
544 5457 572 5536 ⁹)
594 5459 649 5519 hos
671 5459 832 5519 adiuvabat
860 5453 923 5520 Ed.
947 5455 1037 5540 Liqro.
1073 5455 1112 5534 ¹⁰)
1143 5457 1301 5518 Scateliam
1329 5451 1406 5518 cod.
1431 5451 1540 5516 Perea.
1564 5451 1679 5532 (Scate-

129 5565 227 5644 rium).
256 5561 295 5643 ¹¹)
318 5563 452 5624 induciae
474 5559 538 5624 Ea.
562 5558 653 5645 Lipc.
