4090 6290
123 509 192 609 (Α.
212 510 257 585 D.
277 508 404 610 1477.)
632 533 746 586 nunus
772 533 1018 588 uuonacruus
1046 517 1161 607 (xrrr).
1594 515 1667 586 657

123 718 182 791 Ad
207 717 408 792 leniendum
436 721 574 811 quoque
601 717 735 792 animos
763 719 1041 813 deposcentium,
1069 719 1229 793 Andreas
1258 718 1461 812 Oporouski
1488 719 1675 812 episeopus

123 838 343 913 Varmieusis
371 839 415 910 ad
443 838 639 928 Gaesarem,
668 839 843 915 Iohannes
862 841 889 931 ¹)
918 840 1133 914 Draewiculri
1159 840 1318 914 notarius
1346 838 1464 932 regius
1497 840 1541 910 ad
1572 839 1675 912 Wla-

125 958 278 1033 dislaum
298 957 488 1032 Bohcmiae
507 960 654 1053 Regem,
675 981 772 1052 spem
790 981 853 1052 pro
871 982 909 1034 re
927 961 1069 1053 utrique
1088 959 1279 1050 ostensuri,
1299 939 1479 1034 destinati.
1506 959 1678 1053 Aequiori

124 1079 240 1152 animo
269 1079 457 1152 Bohemiae
485 1080 563 1153 Rex
596 1101 670 1154 earn
699 1081 977 1170 excusationem,
1012 1102 1115 1173 quam
1148 1081 1290 1170 Caesar,
1319 1081 1490 1173 suscepit:
1521 1081 1614 1172 quod
1642 1085 1678 1153 et

123 1199 327 1294 morigerari
358 1201 461 1275 illum
493 1201 631 1292 parenti
663 1200 834 1293 oportuit,
868 1205 903 1274 et
935 1201 1004 1274 tria
1036 1200 1150 1274 millia
1182 1202 1389 1275 florenorum
1420 1221 1441 1274 a
1472 1205 1571 1293 patre
1605 1200 1675 1274 sibi

123 1320 317 1411 destinata,
346 1321 495 1413 excepit.

122 1674 275 1748 cruciferi
298 1676 337 1747 de
360 1675 489 1747 Prussia
510 1675 673 1747 baronte
695 1676 798 1747 buces
821 1676 863 1747 ad
886 1677 1158 1766 conspirationem
1181 1678 1296 1748 contra
1318 1676 1436 1765 llogem
1458 1675 1608 1748 l’oloniae
1624 1695 1677 1749 nc·

291 1798 460 1887 qucquam
483 1797 668 1883 solicitant,
692 1800 727 1868 ct
749 1796 919 1868 llcrttnum
943 1796 1081 1868 tmlrsos
1103 1797 1138 1869 in
1160 1797 1347 1887 nagistrum
1371 1798 1506 1912 eligunt.

227 2044 307 2116 Non
333 2043 541 2118 remiserant
567 2043 660 2118 inter
686 2044 772 2117 haec
799 2043 967 2118 Gracileri
994 2045 1036 2118 de
1059 2043 1222 2135 Prussia,
1251 2066 1313 2136 pro
1332 2045 1531 2118 renouando
1550 2052 1673 2118 contra

123 2165 285 2258 Regnum
304 2169 339 2239 et
356 2165 487 2258 Regem
505 2164 673 2238 Poloniao
691 2164 910 2238 Karimirum
934 2165 1044 2254 bello,
1073 2166 1224 2255 animos,
1255 2165 1315 2238 sed
1334 2165 1565 2238 clandestinis
1584 2169 1673 2265 trae-

121 2284 257 2358 tatibus
285 2284 376 2358 illud
403 2305 621 2378 summopore
647 2305 767 2378 gerere
794 2285 908 2377 operis
937 2285 1062 2359 effectu
1086 2290 1305 2360 exaestuant.
1334 2285 1502 2358 Faciebat
1521 2285 1572 2358 eis
1593 2305 1673 2377 spes
1744 2285 1746 2288 ’

122 2411 159 2478 et
186 2405 321 2478 animos
354 2405 506 2478 Mathias
538 2405 741 2499 Hungariae
773 2406 867 2495 Rex,
885 2405 962 2498 'qui
994 2406 1039 2478 ad
1066 2405 1102 2478 id
1128 2406 1263 2479 bellurn
1294 2405 1500 2499 gerendum,
1536 2425 1673 2477 omnem

120 2524 316 2618 impensam
344 2547 443 2598 suam
470 2526 652 2619 pollicitus
680 2531 715 2600 et
743 2547 898 2618 operam,
927 2548 985 2600 eos
1004 2526 1183 2599 animabat
1203 2531 1238 2599 et
1256 2525 1462 2619 instigabat.
1491 2525 1672 2598 Discurre-

120 2647 277 2740 bantquc
305 2647 523 2740 frequentius
551 2647 854 2721 commendatores
882 2668 926 2722 ex
953 2647 1102 2721 Prussia
1127 2647 1164 2720 in
1191 2647 1425 2750 Hungariam,
1455 2647 1499 2718 ad
1526 2647 1671 2739 Hunga-

50 2771 56 2782 '
120 2767 196 2841 riae
222 2768 355 2861 Regem
382 2767 570 2858 Mathiam,
599 2768 811 2842 conficiendo
838 2767 920 2842 hinc
947 2768 1028 2842 inde
1051 2773 1250 2860 pactarum
1270 2768 1381 2861 Rege,
1410 2767 1530 2840 modos
1550 2771 1585 2840 et
1604 2767 1673 2840 toe-

121 2888 223 2980 dera,
261 2909 325 2981 per
361 2910 449 2981 quae
480 2889 543 2962 ille
576 2889 673 2980 ipsos
704 2889 743 2962 in
770 2910 869 2961 suam
901 2890 1102 2963 assumebat
1131 2888 1382 2980 protectionem
1415 2893 1451 2961 et
1483 2887 1672 2960 defensam.

119 3009 314 3084 Faciebant
341 3014 458 3084 autern
485 3009 675 3082 transitum
704 3031 747 3083 ex
774 3010 922 3083 Prussia
948 3011 986 3082 in
1010 3010 1229 3103 Hungariam
1247 3031 1309 3102 por
1326 3009 1487 3102 Regnum
1506 3007 1673 3081 Poloniae

120 3131 160 3204 in
188 3130 313 3205 habitu
340 3130 579 3220 dissimulato,
609 3151 696 3223 quos
715 3129 884 3204 Nicotaus
903 3130 1162 3219 Komorouski,
1191 3131 1233 3204 de
1251 3131 1352 3203 domo
1370 3130 1576 3222 (tiphorum,
1605 3129 1672 3201 Po·

119 3254 241 3340 lonus,
272 3251 362 3345 Regi
388 3251 607 3344 Hungariae,
640 3253 721 3342 post
748 3252 902 3344 spolium
934 3255 1128 3326 castrorum
1159 3251 1197 3324 in
1224 3272 1303 3325 eum
1330 3254 1524 3342 patratum,
1553 3270 1671 3324 recon-

120 3373 282 3462 ciliatus,
319 3372 356 3445 in
388 3371 569 3464 perfidiam
597 3375 632 3445 et
658 3371 884 3446 rebellionem
917 3377 952 3446 et
979 3373 1055 3465 ipse
1083 3376 1206 3446 contra
1232 3373 1364 3465 Regem
1391 3370 1611 3444 Karimirum
1636 3375 1672 3442 et

118 3495 282 3587 Regnum
308 3492 476 3566 Poloniae
505 3496 683 3584 spectans,
712 3513 733 3565 a
759 3493 856 3586 Rege
882 3491 1086 3586 Hungariae
1101 3489 1144 3583 ²),
1174 3491 1231 3564 cui
1259 3513 1296 3566 se
1323 3492 1393 3564 iam
1411 3495 1506 3563 totus
1527 3489 1670 3562 addixe-

117 3617 193 3703 rat,
221 3634 284 3705 per
311 3634 348 3686 se
376 3617 410 3686 et
436 3633 498 3705 per
526 3634 607 3686 suos
635 3613 861 3687 conducebat.
889 3613 1082 3688 Faciebant
1109 3613 1215 3686 etiam
1243 3611 1294 3685 eis
1322 3611 1456 3683 animos
1484 3608 1596 3700 aliqui
1624 3629 1669 3682 ex

119 3733 337 3807 militaribus
357 3736 392 3806 et
410 3733 548 3806 civibus
575 3734 757 3825 Prussiac,
787 3739 822 3808 et
841 3735 1020 3827 signanter
1039 3733 1216 3807 Stiborius
1234 3729 1571 3823 Marienburgensis,
1599 3730 1669 3801 Lu·

119 3853 267 3928 doricus
294 3853 527 3944 Chelmensis,
555 3853 721 3946 palatini,
750 3855 939 3947 Philippus
958 3853 1118 3928 Bischoti
1133 3854 1263 3927 Consul
1281 3851 1494 3938 Gdancnsis‚
1520 3849 1581 3941 qui
1598 3870 1669 3922 om·

117 3973 252 4068 pliores
279 3973 485 4068 largitiones
513 3977 549 4047 et
575 3973 775 4065 libertates,
805 3997 909 4067 quam
937 3995 1026 4070 quac
1053 3979 1151 4048 orant
1178 3973 1254 4046 illis
1282 3972 1370 4046 satis
1397 3972 1534 4064 amplae
1558 3971 1670 4043 aKa-
1716 4049 1718 4051 ,

119 4095 244 4169 aimiro
272 4093 438 4168 Potoniae
464 4095 560 4188 Rege
588 4115 787 4186 concessae,
816 4095 1026 4185 ambientes,
1047 4094 1261 4168 simulabant
1280 4115 1333 4182 se,
1359 4093 1464 4185 idque
1483 4089 1671 4164 (trucidaris

119 4215 382 4310 significabant,
411 4215 449 4287 in
476 4236 595 4289 eorum
622 4215 806 4308 ditionem,
841 4215 1071 4289 iurisiurandi
1098 4215 1255 4288 funiculo
1282 4217 1467 4303 temerato,
1500 4211 1669 4284 transitu·

118 4358 191 4411 ros.
228 4336 271 4408 Id
299 4335 555 4428 cumprimum
581 4357 719 4411 rumore
755 4338 955 4430 vulgatum,
994 4336 1118 4410 deinde
1151 4335 1257 4409 certis
1289 4333 1429 4407 indiciis
1457 4333 1670 4425 patefactum

118 4457 263 4547 fuisset,
291 4455 415 4530 literae
443 4477 580 4549 quoque
607 4457 878 4548 cruciferorum,
908 4457 1036 4550 quibus
1064 4456 1260 4549 perniciosa
1288 4476 1406 4528 eorum
1425 4453 1591 4526 uolunt-as
1610 4451 1668 4525 de-

117 4577 320 4670 tegebatur,
348 4577 579 4669 interceptae,
607 4567 686 4650 Rex
713 4577 916 4650 Kaaimirns
939 4577 1182 4670 magnitudine
1200 4575 1348 4668 periculi
1372 4577 1505 4662 motus,
1534 4576 1575 4645 ut
1594 4571 1667 4644 sin·

117 4698 199 4792 guli
225 4701 298 4770 tam
324 4696 462 4786 fideles,
492 4718 596 4787 quam
627 4697 768 4789 perfidi,
802 4699 1063 4772 continerentur
1099 4697 1137 4770 in
1168 4698 1253 4786 fido,
1287 4697 1431 4770 Petrum
1462 4692 1582 4768 Dunin
1613 4714 1669 4766 co·

119 4819 313 4892 stellannm
341 4816 578 4890 Sirodiensem
606 4822 640 4891 et
668 4817 888 4909 capitaneum
915 4818 1194 4907 Lanciciensem,
1223 4837 1301 4890 cum
1330 4813 1549 4908 sexingentis
1573 4813 1669 4906 equi·

117 4939 219 5013 tibus
246 4942 282 5012 et
310 4937 576 5031 quadringentis
608 4937 805 5030 peditibus,
839 4937 1033 5031 adiungens
1062 4937 1095 5010 ei
1121 4938 1313 5010 Iohannem
1340 4935 1461 5029 Byali‚
1490 4934 1528 5007 in
1556 4933 1670 5007 subsi-

118 5060 218 5134 dium
236 5057 515 5151 in'lllarienburg
532 5055 759 5132 transmittit:
783 5057 952 5150 primitiis
970 5077 1174 5152 guerrarum
1190 5055 1233 5149 ³),
1262 5077 1349 5150 quas
1368 5055 1567 5149 propediem
1586 5053 1669 5128 Oru-

229 5336 252 5414 ¹)
275 5336 401 5398 Ioannes
422 5353 493 5397 vero
515 5330 578 5399 Ed.
602 5332 693 5419 La'ps.
725 5331 751 5416 Ω)
773 5353 792 5396 a
813 5333 926 5396 Mathia
947 5333 1118 5412 Hungariae
1140 5335 1222 5410 Rege
1255 5328 1318 5398 Ea.
1350 5330 1443 5417 Lips.
1475 5328 1501 5414 ⁸)
1525 5329 1669 5394 bellorum

116 5435 185 5506 Ed.
207 5437 299 5524 Lips.

146 5589 532 5646 autumniautumni.
1461 5565 1496 5626 83
