4052 6286
100 545 168 644 (Α.
188 546 234 632 D.
255 544 381 644 roca.)
616 571 729 625 nuces
756 571 1001 626 aeconomus
1028 552 1143 641 (xrrr).

429 869 606 944 lriioriour
627 871 714 943 illins
736 875 855 944 sextus
877 871 1031 944 Razimiri
1053 871 1150 962 Regis
1172 872 1329 946 nascitur.

203 1116 268 1189 Die
296 1116 393 1189 Iovis
415 1118 453 1206 ¹),
483 1117 651 1192 vicesima
679 1119 827 1210 septima
854 1119 991 1212 Aprilis
1007 1119 1051 1210 2),
1080 1125 1160 1212 post
1182 1121 1303 1194 horam
1322 1119 1548 1209 sedecimam,
1577 1120 1651 1202 uli-

96 1237 222 1310 saboth
255 1239 422 1311 Poloniao
454 1239 591 1330 Regina
618 1241 655 1312 in
683 1246 797 1314 cestro
830 1241 1051 1316 Graooviensi
1084 1245 1224 1316 sexium
1251 1240 1381 1329 filium,
1416 1262 1543 1316 nonam
1570 1262 1651 1316 roro

95 1359 246 1448 prolem,
275 1359 453 1449 parturiit.
484 1359 551 1450 Qui
578 1360 614 1432 in
644 1361 792 1434 ecclesia
824 1362 1046 1436 Grecouienei
1074 1384 1095 1434 a
1122 1363 1278 1436 Iohanne
1309 1361 1532 1436 cracoviensi
1559 1360 1651 1454 epie-

96 1498 182 1568 copo
210 1478 286 1569 ipso
314 1479 371 1552 die
400 1480 510 1568 Solis,
541 1485 665 1554 octaua
692 1482 776 1554 Maii
794 1479 824 1571 3)
856 1482 1073 1574 baptisatus,
1102 1483 1146 1556 ad
1174 1482 1390 1574 multiplices
1418 1503 1536 1574 procos
1564 1482 1650 1554 Pro-

96 1598 204 1670 thasii
232 1599 386 1691 episcopi
415 1600 716 1690 Olomunozonsis,
746 1603 848 1676 illum
876 1604 1028 1676 levantis
1047 1605 1089 1678 de
1109 1624 1205 1677 sacro
1226 1604 1336 1692 fonte,
1366 1603 1568 1678 Fridericus
1588 1623 1648 1694 ap·

98 1720 254 1809 pollutus
283 1727 348 1794 est.

94 2081 205 2156 Runiii
228 2080 325 2169 Regis
347 2021 497 2152 Polonioo
520 2079 672 2152 Kurimiri
696 2078 738 2151 ri
761 2080 953 2169 petitionem
983 2080 1109 2170 Georgii
1138 2080 1309 2152 Boionius
1331 2079 1444 2169 Regis,
1474 2096 1532 2168 pro
1553 2080 1651 2155 inter·

251 2201 399 2290 cipionio
421 2201 506 2272 tello
529 2216 571 2272 ox
593 2201 755 2290 linngrrir
776 2201 824 2272 illi
846 2201 1069 2291 impendonte,
1091 2202 1245 2276 mittendi
1267 2201 1496 2274 decernuntur.

200 2452 322 2525 Altero
350 2453 423 2540 die,
451 2455 637 2542 postquam
665 2451 953 2524 Olomononensis
982 2451 1167 2543 episcopus
1194 2449 1403 2524 Prothasius
1423 2471 1466 2524 ex
1485 2449 1651 2524 Gracoria

92 2573 391 2664 disgrediebatur,
421 2573 568 2644 nuntius
592 2572 792 2646 Girnikonis
808 2573 840 2661 4)
868 2571 909 2645 de
928 2573 1188 2646 Poszdnebreth
1207 2571 1292 2644 olim
1311 2571 1500 2644 Bohemiae
1528 2571 1650 2664 Regis,

93 2695 266 2767 Albertus
294 2695 433 2766 Kostlm
459 2694 502 2766 de
530 2692 755 2784 Postupicae,
784 2693 938 2766 aduenit.
968 2693 1035 2784 cui
1064 2693 1236 2768 sedecima
1263 2691 1394 2780 Mario)
1422 2714 1443 2765 a
1470 2691 1650 2766 Karimiro

92 2815 191 2906 Rege
206 2815 237 2903 6)
266 2814 331 2887 sub
357 2814 553 2905 frequentia
577 2814 856 2888 consiliariorum
884 2815 1043 2903 auditus,
1079 2815 1236 2888 oratione
1264 2818 1425 2902 extense,
1460 2833 1603 2906 magnas
1619 2812 1650 2901 τ)

92 2935 132 3006 in
161 2935 379 3008 Kunimirum
408 2934 574 3006 Poloniao
606 2935 737 3027 Regem
769 2935 902 3026 gratias
930 2935 1069 3008 nomine
1102 2933 1348 3022 Girnikonis⁸)
1376 2939 1412 3007 et
1439 2933 1553 3026 Regni
1581 2934 1649 3008 Bo·

91 3056 232 3128 herniae
264 3056 480 3143 cumulabat,
516 3055 607 3147 quod
634 3055 672 3128 in
699 3061 895 3147 opportuno
928 3060 1084 3147 tempore
1116 3055 1260 3129 nuntios
1292 3055 1450 3130 misisset
1476 3054 1646 3147 insignes,

91 3177 158 3267 qui
186 3181 345 3250 exortum
373 3176 642 3268 intercepissent
670 3177 802 3250 bellum
831 3182 867 3249 ot
894 3177 1054 3269 Regnum
1084 3176 1271 3250 Bohemiao
1288 3175 1413 3268 greum
1432 3175 1557 3250 damno
1577 3175 1648 3248 sol·

89 3297 248 3385 sissent,
287 3297 421 3370 sinoore
448 3297 540 3370 inter
567 3303 734 3389 utrasque
766 3302 884 3390 partes
913 3303 1087 3387 versatos,
1121 3317 1408 3385 commemorans,
1438 3316 1475 3369 ee
1502 3295 1648 3373 fiducia·

89 3418 180 3490 liter
200 3418 242 3502 ¹in
270 3418 443 3492 Karimiri
470 3419 579 3510 Regis
595 3419 626 3506 9)
655 3423 881 3510 potestatem,
910 3440 1051 3492 causam
1079 3439 1178 3492 suam
1202 3417 1423 3510 deposuisse:
1451 3437 1545 3492 nunc
1564 3437 1648 3509 quc·

91 3561 165 3631 que
193 3540 354 3630 quamvis
391 3543 513 3632 treuga
532 3540 576 3629 10)
610 3539 794 3614 anuntiie
826 3540 932 3632 regiis
962 3541 1134 3629 coniecta,
1168 3544 1203 3614 ot
1230 3539 1274 3612 ael
1301 3538 1394 3612 diem
1420 3536 1649 3612 Ascensionis

90 3659 239 3733 Domini
266 3660 449 3749 duratura,
489 3660 605 3736 minus
634 3661 766 3734 sincere
794 3682 815 3734 a
841 3666 939 3753 parte
967 3661 1114 3734 aduersa
1142 3665 1281 3734 serrata
1304 3660 1369 3750 sit,
1397 3659 1571 3752 intrepide
1589 3659 1648 3734 rie·

88 3781 310 3873 positurnm;
339 3801 441 3854 orans
461 3781 564 3856 enixe
583 3785 618 3853 ot
637 3781 844 3873 suppliciter
873 3781 1092 3854 Kaaimirum
1120 3781 1268 3874 Regem,
1297 3801 1340 3854 ne
1368 3784 1523 3857 tenorem
1541 3780 1646 3859 oene-

91 3901 274 3976 volentiac
309 3923 390 3994 erga
422 3901 644 3976 Girnikonem
677 3907 711 3976 et
731 3903 775 3992 ¹¹)
809 3902 997 3977 Bohemiae
1028 3903 1160 3995 Regem
1192 3906 1350 3994 ceptum,
1383 3901 1557 3990 remittat,
1587 3899 1648 3974 ssd

88 4021 216 4096 missis
243 4023 344 4095 noris
371 4022 525 4111 nuntiis,
559 4023 691 4098 bellum
719 4029 838 4112 atrox,
873 4023 966 4115 quod
993 4045 1014 4096 a
1042 4023 1176 4096 Mathia
1202 4024 1298 4114 Rege
1326 4022 1364 4096 iu
1391 4020 1562 4096 Bohemia
1587 4039 1646 4113 ge·

86 4143 202 4232 ritur,
231 4142 448 4234 intercipiat,
479 4144 689 4236 Summoque
717 4143 881 4218 Pontifici
907 4144 1019 4216 Paulo
1039 4143 1190 4216 seeundo
1210 4147 1245 4216 et
1263 4141 1443 4218 Ecclesiae
1470 4143 1648 4216 Romanae

86 4265 199 4337 illum
217 4263 433 4338 reconciliet:
463 4285 541 4339 cum
565 4263 751 4357 Georgius,
780 4264 862 4338 data
880 4265 917 4340 in
935 4265 1011 4338 loco
1035 4263 1264 4358 competenti,
1293 4263 1337 4336 ad
1355 4284 1457 4355 quem
1476 4261 1646 4354 ipseper·

87 4385 265 4458 sonaliter
291 4385 452 4460 accedere
479 4385 607 4476 possit,
638 4385 832 4474 audientia,
862 4407 899 4459 so
927 4385 969 4458 de
997 4386 1149 4480 singulis
1168 4384 1314 4463 obiectis
1333 4388 1583 4477 purgaturum,
1611 4387 1648 4455 et

86 4504 276 4595 universa,
305 4507 342 4578 in
370 4507 498 4598 quibus
526 4506 563 4578 in
592 4506 717 4588 Sedem
744 4506 938 4580 Romnum
965 4511 1000 4580 et
1027 4503 1448 4598 contracompactata12)
1475 4502 1644 4596 deliquis-

88 4631 166 4714 set,
200 4627 463 4700 emendaturum
495 4628 589 4700 ultro
623 4626 759 4716 offerat,
793 4632 828 4700 et
859 4627 1124 4702 benevolentiae
1157 4626 1285 4720 magis,
1320 4644 1424 4718 quarn
1456 4623 1646 4712 armisin

86 4748 170 4837 his,
198 4767 286 4840 qnae
313 4749 357 4822 ad
384 4749 487 4824 fidem
516 4751 550 4821 et
576 4747 782 4841 religionem
809 4749 1003 4841 pertinent,
1032 4770 1223 4824 cessurum.
1252 4746 1439 4840 Georgium
1465 4749 1646 4840 praetcrea

207 5079 228 5160 ¹)
251 5077 307 5145 aaa
330 5079 366 5144 ia
389 5077 534 5146 omuibus
559 5075 658 5143 eodo.
682 5087 711 5143 ct
732 5077 770 5142 ire
791 5075 853 5140 Ed.
877 5075 970 5162 Lips.
995 5074 1021 5157 ²)
1045 5075 1155 5138 mensis
1176 5074 1288 5154 Aprilis
1309 5071 1373 5137 md.
1397 5070 1489 5158 Ilipa.
1520 5070 1646 5153 'i'men-

86 5185 139 5250 sis
160 5185 231 5250 Maii
254 5184 316 5251 Ed.
342 5183 434 5268 Lipe.
459 5183 485 5266 ⁴)
509 5185 631 5262 Georgii
652 5181 717 5253 Ed.
741 5180 831 5265 Lips.
857 5179 885 5260 5)
908 5182 1055 5245 sedecima
1076 5179 1187 5244 menois
1209 5180 1281 5245 Maii
1295 5179 1345 5243 die
1358 5175 1423 5247 Ed.
1438 5174 1530 5260 Dipo.
1548 5173 1575 5256 ⁶)
1590 5177 1645 5238 Po-

87 5291 298 5368 loninoRego
319 5283 383 5353 Ed.
408 5287 497 5374 Dipo.
524 5288 548 5368 ⁷)
572 5296 639 5354 aeta
662 5289 783 5368 Georgii
805 5287 981 5366 iustificeris,
1006 5291 1037 5350 et
1057 5285 1271 5363 depositionem
1293 5283 1373 5346 illius
1393 5282 1504 5352 assde
1518 5281 1646 5360 Aposto-

86 5397 153 5460 lica
176 5393 282 5456 iactam
305 5401 481 5472 emanans,
503 5411 627 5470 magnas
650 5389 712 5454 Ed.
737 5388 829 5475 Lupo.
860 5389 888 5471 8)
912 5390 1033 5466 Georgii
1055 5385 1121 5452 Ea*
1136 5385 1226 5472 Lips.
1255 5385 1281 5467 ⁹)
1304 5388 1446 5458 Poloniac
1467 5386 1559 5464 Regis
1581 5381 1644 5450 Ed.

87 5495 186 5584 Lips.
215 5496 253 5582 ¹⁰)
274 5499 401 5562 induciis
424 5494 486 5560 Eoi.
512 5495 600 5582 Lipa.
629 5495 669 5580 ¹¹)
692 5497 853 5574 Georgium
875 5487 939 5558 Ed.
963 5491 1055 5578 Dipo.
1084 5490 1121 5574 ¹⁸)
1146 5493 1304 5572 depectatc
1324 5485 1389 5560 Ed.
1410 5487 1503 5576 Lr'pa
1625 5541 1630 5562 ·.
