4046 6278
63 523 124 622 (lc
141 523 188 597 D.
208 522 336 620 1485.)
568 542 681 598 umen
707 528 1093 616 nuonnonrus(x111).
1528 525 1606 602 409

64 751 127 804 uus
153 728 361 820 Woyeweda
378 728 406 818 ¹)
434 727 642 817 Valachiae,
674 728 880 821 intelligens
913 728 1047 801 animos
1079 727 1209 801 civium
1236 729 1278 802 de
1305 728 1406 802 Killa
1433 730 1471 803 in
1498 731 1605 806 liaci-

62 848 141 920 mirl·
164 847 330 921 Potentes
357 847 468 941 Regis
493 847 662 921 ditionem
686 853 721 921 et
739 848 972 922 obedientiam
990 848 1166 940 proclivos
1186 851 1220 922 et
1238 849 1429 940 plurimam
1449 849 1605 938 enectos,

62 967 150 1060 apud
176 969 371 1059 praefatum
397 967 617 1040 Karimirum
644 967 811 1041 Polonlee
838 969 968 1061 Regem
995 967 1111 1041 literis
1139 969 1346 1042 necessariis
1374 971 1418 1042 ad
1446 970 1539 1044 cives
1565 971 1608 1045 de

61 1087 157 1160 Killa
183 1087 352 1177 obtentis,
381 1091 416 1160 et
443 1086 681 1180 intelligentie
708 1087 913 1162 decivitate
940 1087 1095 1162 deiende
1114 1109 1192 1160 oum
1211 1088 1286 1161 illis
1305 1089 1444 1178 habita,
1473 1089 1608 1164 dierum

62 1228 127 1280 uno
142 1205 174 1296 ²)
202 1228 281 1280 cum
309 1207 391 1280 forti
418 1208 576 1281 exercitu
602 1208 640 1281 in
667 1207 803 1280 Kiliam
830 1207 1006 1299 pervenit,
1035 1213 1070 1280 et
1097 1207 1271 1299 permissu
1290 1208 1438 1298 civium,
1466 1227 1510 1283 ne
1528 1231 1606 1302 pro·

63 1324 204 1398 ditionis
222 1325 426 1400 riderentur
442 1326 511 1415 rei,
541 1330 642 1418 porte
659 1348 730 1400 una
749 1327 966 1415 subdentem,
996 1326 1176 1400 civitatem
1194 1329 1386 1418 praefatam
1405 1329 1470 1402 sub
1488 1329 1602 1402 noctis

63 1445 172 1518 medio
199 1445 476 1538 comprehendit,
505 1447 662 1538 duosque
688 1446 778 1520 arcis
806 1446 1022 1538 omnitenens,
1053 1447 1114 1538 qui
1143 1448 1230 1520 forte
1257 1447 1301 1520 ad
1327 1448 1531 1539 nuptiarum
1551 1468 1605 1520 so·

61 1564 264 1637 tenuitatem
291 1565 451 1653 invitati,
480 1565 668 1639 delicatius
696 1565 830 1657 epulati
858 1571 957 1652 suut,
987 1565 1025 1638 in
1052 1563 1178 1657 oppido
1203 1565 1395 1656 offendens,
1425 1586 1533 1639 unum
1552 1587 1606 1641 ce·

62 1684 129 1777 pit;
158 1685 249 1758 alter
275 1705 373 1773 vero,
403 1685 471 1758 etsi
498 1685 535 1757 in
562 1705 672 1758 arcem
703 1683 900 1778 effugisset,
934 1689 1065 1758 terrore
1092 1689 1209 1758 temen
1237 1687 1377 1774 mortio,
1410 1687 1607 1778 quaesibi,

62 1805 141 1878 dum
168 1826 232 1878 arx
260 1806 543 1898 interciperetur,
578 1806 798 1895 imminebat,
833 1811 868 1878 et
895 1825 957 1898 spe
985 1806 1078 1878 vitae
1108 1812 1142 1880 et
1170 1827 1369 1894 munerum,
1405 1827 1494 1899 quae
1527 1804 1608 1878 olfe-

62 1923 242 2013 rebantur,
271 1926 470 2016 perculsus,
500 1945 613 2000 arcem
639 1926 678 1998 in
705 1930 915 2018 potestatem
943 1926 1114 2018 Stephani
1142 1926 1262 1999 tradit.
1292 1927 1445 1999 Maxime
1471 1925 1528 1998 his
1547 1947 1607 1998 au-

63 2043 145 2118 ditis
172 2045 363 2118 'lurcorum
400 2044 527 2119 Saesar
562 2047 786 2139 frangebatur
818 2045 981 2118 molestia
1012 2050 1047 2119 et
1073 2045 1142 2133 ire,
1180 2046 1404 2137 animumque
1440 2045 1608 2132 caesaris,

64 2167 185 2256 suapte
217 2165 333 2238 furore
365 2165 524 2256 plenum,
556 2165 674 2239 Radul
706 2165 904 2258 praesentia
937 2186 1000 2236 sue
1032 2165 1187 2258 igniebat
1203 2164 1246 2254 3),
1276 2171 1311 2238 et
1339 2165 1500 2238 celeriter
1532 2165 1608 2238 Ste-
1691 2231 1693 2235 ,

62 2283 167 2376 phari
193 2284 376 2376 perfidiam
403 2284 639 2358 ulciscendam
667 2285 889 2372 admonebat,
920 2285 981 2376 qni
1004 2305 1182 2376 nunquam
1201 2285 1292 2356 fidus
1312 2284 1438 2357 fuisset
1457 2283 1609 2372 caesari,

64 2407 96 2476 et
122 2403 188 2476 sub
216 2409 403 2495 praetextu
430 2404 573 2493 tributi,
607 2406 818 2478 Polonorum
847 2404 1023 2479 serviebat
1054 2405 1159 2498 Regi,
1195 2405 1270 2478 eius
1298 2425 1436 2497 quoque
1463 2403 1611 2476 consilio

64 2527 97 2596 et
122 2523 286 2596 mandato
313 2524 449 2598 Kiliam
476 2525 718 2618 interceperat.
747 2526 873 2618 ltaque
892 2527 1025 2598 Turous
1045 2524 1173 2597 armari
1193 2524 1384 2598 exercitum
1404 2528 1524 2596 contra
1543 2523 1610 2595 Va·

63 2642 213 2716 lachiem
239 2643 406 2732 iusserat,
435 2649 470 2717 et
489 2645 688 2738 Stephanus
697 2645 886 2733 omnibus,
916 2649 987 2717 tam
1016 2643 1246 2731 militaribus,
1276 2665 1380 2735 quam
1399 2643 1609 2736 agrestibus,
1759 2650 1761 2654 ’

64 2763 112 2836 ita
137 2767 179 2835 ut
207 2765 302 2837 sclao
329 2764 477 2837 feminae
505 2771 540 2836 et
562 2765 662 2856 pueri
689 2767 725 2838 in
753 2765 897 2838 aedibus
924 2767 1159 2852 remanerent,
1187 2763 1223 2836 in
1252 2785 1348 2836 arma
1374 2763 1521 2851 coactis,
1551 2763 1609 2835 ob-

64 2883 155 2955 riam
183 2883 241 2955 illi
268 2885 493 2975 procedebat,
522 2885 611 2957 mori
638 2906 716 2959 oum
745 2885 818 2958 suis
846 2884 1038 2972 universis,
1068 2889 1130 2955 aut
1153 2881 1291 2957 vincere
1310 2888 1465 2975 paratus.
1495 2884 1609 2974 Impe-

64 3007 158 3075 rator
186 3002 307 3094 itaquo
334 3005 540 3092 Turcorum,
571 3005 632 3096 qui
659 3005 748 3077 alias
767 3003 930 3077 nuntium
949 3004 1104 3077 eiusdem
1124 3003 1310 3094 Stephani,
1339 3009 1419 3096 post
1437 3003 1609 3094 intercep-

65 3130 135 3195 tam
162 3123 316 3213 Kiliam,
346 3144 424 3196 cnm
452 3124 585 3197 tributo
613 3129 648 3196 et
675 3124 877 3198 muneribus
905 3125 949 3196 ad
968 3145 1006 3196 se
1024 3123 1186 3210 missum,
1217 3128 1253 3198 et
1277 3143 1340 3215 pro
1359 3122 1612 3214 interseptione

65 3242 184 3314 Kitiao
212 3242 350 3335 aliquas
387 3243 647 3318 satisfactiones
685 3249 913 3332 asserentem,
942 3243 1198 3336 captivaverat,
1227 3249 1262 3315 et
1289 3241 1480 3334 potentiam
1504 3242 1612 3335 Regis

65 3361 276 3435 Polonorum
304 3383 557 3455 expavescens,
586 3368 726 3438 etcum
753 3364 892 3438 homine
919 3363 1007 3437 mori
1033 3367 1156 3458 pereto
1174 3363 1409 3454 periculosum
1431 3363 1614 3434 decernere

66 3486 251 3573 reputans,
281 3487 316 3555 et
342 3482 506 3556 nuntium
534 3483 719 3576 Stephani,
753 3505 855 3577 quem
882 3483 1040 3570 tenebat,
1073 3483 1279 3555 honoratum
1306 3481 1457 3569 remisit,
1491 3487 1526 3554 et
1553 3481 1613 3553 ex-

68 3601 268 3674 cusationes
295 3601 338 3675 de
365 3601 617 3695 interceptione
643 3603 763 3677 Kiliae
790 3605 833 3676 ad
861 3601 1136 3676 satisfactionem
1163 3601 1307 3693 accepit.

152 3955 372 4044 wlturna
394 3955 581 4044 oppidorum
602 3954 783 4028 Stratonis
805 3971 906 4044 puros
928 3953 1123 4040 bracenam,
1147 3953 1304 4028 dictave
1328 3955 1363 4024 ot
1385 3953 1528 4026 wenta.

171 4200 330 4292 Septima
349 4200 485 4292 Aprilis
500 4200 532 4290 ⁴)
561 4201 725 4293 oppidum
745 4200 957 4288 Stradomia,
986 4199 1066 4272 urbi
1084 4198 1304 4272 draooviensi
1324 4198 1542 4292 contiguum,
1571 4199 1614 4271 ab

68 4320 166 4414 igue,
197 4341 298 4412 quem
326 4321 453 4394 mulier
480 4320 587 4393 coctis
614 4321 764 4413 panibus
791 4341 914 4412 parum
941 4319 1086 4412 provide
1113 4322 1330 4408 servaverat,
1359 4319 1397 4391 in
1414 4323 1516 4392 nocte
1535 4338 1614 4390 cum

69 4441 217 4514 ecclesia
244 4440 392 4514 Sanctae
419 4440 591 4533 Hedvigis
610 4445 645 4514 et
663 4440 832 4532 hospitali
851 4439 1090 4532 conflagravit.
1119 4439 1369 4511 hlonasterium
1388 4437 1510 4511 Sancti
1529 4438 1613 4510 Ber·

69 4560 211 4633 nardini
244 4579 322 4633 cum
355 4559 519 4649 ecclesia,
551 4560 802 4653 propitiatione
833 4559 953 4632 divina
988 4565 1023 4632 et
1057 4561 1205 4631 fratrum
1241 4558 1367 4632 devota
1397 4557 1615 4664 invocatione

70 4686 250 4753 servatum
264 4679 308 4770 5).
338 4679 411 4754 Sub
430 4679 549 4754 eodem
568 4684 723 4772 tempore
741 4680 927 4768 Kladeos,
956 4679 1106 4752 Wartha
1124 4678 1161 4750 iu
1180 4677 1304 4751 Maiori
1322 4677 1474 4751 Potomia
1487 4697 1613 4750 arsere.

179 4953 204 5034 ¹)
227 4953 381 5014 Palatinus
403 4947 467 5014 Ed.
490 4948 581 5036 Lipa.
606 4950 632 5033 ²)
656 4953 770 5015 dierum
791 4957 858 5014 octo
880 4949 943 5014 Ed.
966 4949 1057 5034 Ltpe.
1075 4947 1100 5035 ³)
1117 4951 1294 5014 incendebat
1307 4947 1371 5012 Ed.
1388 4945 1478 5031 Ltpe.
1495 4943 1523 5028 ⁴)
1537 4965 1616 5009 men·

75 5057 118 5118 sis
140 5056 254 5134 Aprilis
276 5052 340 5117 Ed.
364 5052 454 5138 Lipa.
479 5053 506 5135 ⁵)
527 5060 676 5117 servatum
699 5060 753 5117 est.
776 5051 841 5118 Ed.
863 5051 958 5138 Dipo.

98 5567 121 5609 J.
134 5566 231 5616 mm
245 5564 307 5608 ΕΜ.
320 5563 400 5606 rnen.
413 5563 440 5605 'L
448 5561 477 5604 V.
