4082 6284
358 501 434 575 342
867 521 980 577 crana
1005 523 1251 577 nuonnorrrua
1278 506 1393 596 (xm).
1628 502 1696 602 (Α.
1716 503 1764 579 D.
1786 501 1928 600 1462.)
2011 504 2014 509 ’

1709 647 1717 674 r

351 709 456 784 leslai
488 709 595 784 Ducis
633 709 913 784 Warsaoriensis
947 710 1087 798 relicta,
1124 731 1204 784 cum
1241 709 1426 784 Vincentio
1463 711 1505 784 de
1543 711 1682 786 Giaicne
1718 710 1919 786 llasoriae

352 831 521 904 marsalco
549 837 584 904 et
612 831 732 923 paucis
768 831 849 904 aliis
882 830 1093 904 consiliariis
1125 832 1253 924 (Paulo
1282 832 1444 925 episcopo
1473 833 1655 906 Ploauensi
1678 837 1714 906 et
1731 830 1920 906 Primori·

354 949 420 1024 bus
439 951 615 1026 Maseriae
633 952 752 1026 venire
770 951 1047 1045 negligentibus)
1075 951 1291 1040 advenisset,
1320 952 1490 1026 Nicolans
1510 953 1552 1026 de
1572 953 1829 1044 llyeraeupeoa
1852 953 1926 1024 Da

356 1075 528 1144 aratorum
555 1074 699 1157 Ductor,
728 1070 922 1145 Canonicus
949 1071 1167 1161 Plocnensis,
1197 1073 1303 1146 rerba
1322 1073 1349 1163 ¹)
1376 1095 1438 1165 pro
1466 1073 1624 1146 Ducibus
1651 1073 1838 1147 llasoriae
1871 1073 1926 1143 ia-

358 1190 471 1279 ciens,
500 1191 590 1284 petit
616 1213 678 1284 per
704 1191 924 1265 Kanimirum
952 1193 1082 1286 Regem
1110 1192 1232 1266 literas
1252 1200 1287 1267 et
1305 1193 1523 1266 munimenta
1550 1215 1655 1286 snper
1673 1193 1927 1267 successionis

356 1309 395 1383 in
422 1310 664 1404 Principatum
690 1312 915 1385 Plocnensem
943 1312 1018 1385 iure
1049 1312 1247 1385 monstrari.
1276 1313 1479 1386 Karimirus
1506 1320 1623 1387 autem
1651 1315 1729 1388 Rex
1763 1315 1927 1386 moleste

359 1431 474 1504 ferens
501 1432 708 1506 Plocnenses
735 1438 822 1507 natu
849 1432 997 1506 maiores
1025 1431 1062 1504 iu
1088 1439 1306 1525 praesentem
1335 1438 1560 1522 conuentum,
1590 1433 1640 1508 eis
1660 1434 1926 1527 expetentibus

357 1551 579 1641 institutum,
607 1574 677 1626 non
704 1553 860 1642 venisse,
890 1559 924 1627 at
953 1552 1132 1643 feminam,
1170 1576 1247 1627 cum
1275 1576 1344 1646 qua
1377 1553 1469 1626 nihil
1497 1554 1662 1647 transigi,
1692 1561 1925 1626 transactum

358 1693 441 1745 vero
478 1672 647 1746 infirmari
678 1695 797 1766 posse,
835 1673 990 1762 misisse,
1028 1674 1160 1748 adhaec
1191 1674 1336 1767 insuper
1366 1675 1629 1767 productionem
1662 1675 1811 1762 iuriam,
1857 1694 1925 1766 pro

359 1793 573 1885 exploranda
600 1793 712 1887 magis
739 1815 865 1867 causae
897 1793 1111 1882 conditione,
1146 1817 1250 1887 quam
1282 1794 1477 1867 dirimenda
1491 1792 1522 1885 ²)
1550 1795 1774 1888 quaestione,
1807 1794 1920 1887 flagi·

358 1919 484 2000 talam,
512 1913 604 1986 nihil
622 1936 659 1988 se
678 1919 837 1988 acturum
857 1936 935 1988 cum
954 1936 994 1988 aa
1013 1914 1206 2007 paucitate,
1236 1935 1325 2006 quae
1343 1915 1559 2002 advenisset,
1579 1916 1780 2008 respondit;
1800 1915 1923 1988 alium

360 2055 496 2129 quoque
523 2033 631 2122 diem,
661 2035 753 2126 apud
779 2035 1028 2127 Ppctrkoviam
1061 2036 1240 2127 profesto
1273 2035 1394 2109 Sancti
1426 2035 1585 2122 Martini,
1615 2036 1652 2108 in
1680 2036 1935 2108 Plocaensem·

361 2153 561 2246 episcopum
583 2161 617 2228 et
635 2156 798 2242 barones,
828 2155 919 2247 quod
947 2176 999 2243 se,
1030 2175 1111 2227 raro
1135 2159 1171 2228 et
1189 2156 1343 2229 naturali
1367 2155 1533 2244 Domino,
1561 2156 1716 2244 deserto,
1744 2155 1923 2228 Warsxo·

359 2273 499 2347 rienses
518 2276 632 2348 Duces
651 2275 688 2348 in
707 2277 911 2364 Plocnkam,
940 2297 1046 2348 causa
1065 2275 1221 2349 indecisa
1235 2273 1279 2365 ³),
1308 2275 1551 2365 admisissent,
1574 2275 1731 2370 graviter
1748 2274 1925 2348 invectus

360 2394 560 2483 constituit,
594 2395 638 2468 ad
669 2395 841 2490 illumque
873 2396 1087 2489 principales
1119 2418 1163 2470 ex
1195 2397 1445 2471 Plooueusibus
1477 2397 1597 2471 uenire
1629 2396 1752 2470 iussit:
1794 2417 1872 2488 quo
1888 2397 1923 2484 ⁴)

253 2600 257 2606 ¹
359 2515 508 2588 Ducissa
535 2516 691 2590 Barbara
718 2523 753 2591 et
778 2517 968 2592 baronibus
997 2539 1114 2591 secum
1133 2517 1393 2611 praesentibus,
1423 2539 1523 2592 secus
1543 2539 1647 2610 quam
1667 2522 1921 2609 speraverant,

358 2656 431 2708 rem
458 2635 625 2710 incidisse
651 2638 881 2727 dolentibus„
897 2659 967 2711 non
994 2639 1070 2714 sine
1099 2639 1247 2732 quadam
1275 2638 1497 2713 cunctatione
1524 2643 1683 2732 accepto,
1713 2643 1923 2711 conventus

360 2755 528 2829 dimissus
556 2763 622 2834 est.

518 3117 690 3190 bracorlaa
712 3133 830 3207 magna
852 3134 942 3206 para,
964 3135 1040 3188 nox
1062 3117 1179 3190 dainda
1201 3117 1350 3190 lanalcla
1372 3133 1444 3188 aura
1466 3133 1541 3188 area
1563 3113 1754 3206 romagnat.

466 3363 643 3437 Vicesima
678 3363 828 3456 septima
859 3363 996 3456 Aprilis
1010 3363 1042 3455 5)
1074 3363 1130 3437 die
1157 3363 1297 3452 Martis,
1332 3362 1572 3436 Crotoniensis
1604 3361 1733 3435 civitas
1763 3363 1924 3434 alteram

362 3483 614 3572 calamitatem,
643 3485 754 3558 altera
781 3485 928 3558 necdum
956 3489 1150 3572 transacta,
1177 3485 1389 3576 perterrens,
1418 3483 1500 3576 igne
1527 3483 1696 3556 immenso
1715 3482 1822 3570 arsit,
1855 3482 1924 3574 qui

363 3625 406 3678 ex
425 3603 652 3679 interioribus
672 3605 873 3678 monasterii
892 3605 1175 3678 Praedicatorum
1195 3605 1344 3678 Sanctae
1372 3603 1572 3692 Trinitatis,
1598 3601 1786 3676 alchimius
1809 3625 1924 3695 opera

363 3725 468 3799 certia
501 3725 668 3799 tratribus
699 3723 957 3814 laborantibus,
990 3747 1034 3800 ex
1061 3725 1253 3799 levissimis
1285 3724 1399 3798 initiis
1436 3729 1549 3813 ortus,
1583 3729 1715 3798 tectum
1744 3723 1923 3797 ecclesiae

363 3845 481 3918 subita
507 3845 686 3919 celeritate
713 3846 904 3939 corripiens
932 3851 966 3918 et
993 3847 1197 3934 absorbens,
1225 3845 1263 3918 in
1289 3844 1467 3937 proximas
1494 3846 1631 3937 plateas
1658 3849 1836 3937 potestate
1868 3844 1920 3916 ir-

364 3965 555 4039 revocabili
574 3966 754 4039 desaevire
773 3966 902 4060 coepit,
933 3969 1073 4060 lateque
1092 3971 1254 4039 manante
1282 3965 1457 4052 incendio,
1487 3965 1640 4038 utnulla
1666 3965 1823 4037 hnmana
1846 3985 1919 4056 ope

361 4085 528 4179 restringi
555 4087 712 4174 salente,
741 4087 989 4161 monasterium
1008 4095 1043 4160 et
1062 4087 1180 4161 aedem
1200 4086 1320 4158 Sancti
1339 4084 1534 4171 Francisci,
1555 4085 1639 4158 item
1659 4083 1799 4156 Curiam
1820 4085 1919 4175 epis-

361 4208 533 4298 copalem,
553 4207 638 4281 item
657 4208 890 4297 castrensem,
912 4207 1214 4301 argentariorum,
1230 4205 1466 4294 taxarunt),
1486 4204 1627 4298 Legati,
1644 4205 1917 4291 Fraternitatis,

364 4326 624 4416 Columbarum,
657 4328 835 4401 Pistorum
864 4335 898 4402 et
925 4329 1150 4416 Iudaeorum,
1183 4327 1319 4419 plateas
1352 4326 1542 4418 conflagrat
1558 4327 1601 4416 ⁷),
1631 4327 1770 4416 fereque
1799 4325 1920 4398 media

363 4470 444 4542 pars
471 4447 628 4521 ciuitatis
655 4449 735 4542 igne
762 4449 932 4523 horrendo
960 4455 995 4522 et
1021 4469 1133 4540 usque
1152 4448 1188 4520 in
1207 4447 1323 4520 noctis
1350 4449 1471 4519 horam
1499 4447 1700 4534 secundam,
1729 4467 1810 4518 cunr
1829 4447 1919 4518 hora

367 4569 597 4660 vesperorum
617 4570 805 4661 coepisset,
827 4569 1046 4658 continuato,
1067 4571 1253 4661 absumpta
1266 4567 1310 4656 θ).
1338 4568 1449 4660 Plaga
1472 4567 1596 4660 ingens
1615 4573 1650 4638 et
1668 4567 1730 4638 rix
1750 4565 1916 4639 ducentis

364 4692 571 4764 florenorum
598 4689 757 4763 millibus
785 4691 1028 4777 instauranda,
1058 4711 1136 4762 cum
1164 4687 1340 4780 superiore
1374 4687 1518 4778 collata,
1556 4687 1780 4760 vehementer
1803 4689 1918 4759 Deum

363 4810 721 4903 praevaricationibus
749 4809 911 4883 humanis
942 4810 1071 4882 iratum
1086 4809 1117 4899 9)
1145 4809 1378 4895 monstrabat,
1402 4829 1423 4880 a
1449 4807 1630 4880 nonnullis
1658 4807 1702 4879 ob
1730 4806 1914 4900 indignam

362 4931 612 5024 episcopalem,
650 4931 969 5023 sacerdotalemque
1005 4929 1264 5017 exiliationem,
1302 4927 1580 5020 propulsionom,
1610 4926 1858 5020 spoliationem
1877 4931 1914 5000 et

472 5225 495 5306 ¹)
519 5229 611 5289 rerba
633 5224 718 5289 deest
739 5224 776 5288 ia
800 5220 876 5288 cod.
905 5221 993 5292 Galo.
1017 5223 1044 5304 ⁹)
1067 5221 1253 5285 decernenda
1276 5215 1352 5284 cod.
1374 5215 1484 5282 Praaa.
1509 5214 1609 5302 ³)non
1626 5219 1728 5280 decisa
1741 5214 1806 5278 Ed.
1822 5214 1912 5299 La'pa.

366 5329 394 5412 ⁴)
416 5333 475 5393 Ubi
497 5331 615 5392 tandem
638 5327 701 5392 Ed.
725 5327 816 5412 Lipa.
841 5327 869 5406 ι>
890 5329 1001 5389 mensis
1022 5327 1135 5404 Aprilis
1157 5321 1220 5387 Ed.
1243 5321 1334 5408 Lipa.
1357 5321 1384 5403 ⁸)
1406 5323 1532 5383 lixarum
1554 5319 1617 5384 Ed.
1642 5319 1734 5406 Lipa.
1752 5318 1911 5409 ⁷)combu-

304 5473 306 5476 -
365 5437 404 5498 rit
424 5431 487 5506 Ed,
510 5432 601 5530 Lipa.
626 5433 652 5526 ⁸)
675 5435 831 5526 absumpta
853 5437 899 5495 eat
919 5427 983 5506 Ed.
1007 5428 1097 5527 Lipa.
1121 5427 1149 5510 ⁹)
1172 5430 1279 5502 iratum
1300 5445 1368 5500 ease
1390 5422 1453 5488 Ed.
1477 5423 1568 5520 Lipr.
