4046 6278
80 579 151 679 (Α.
172 581 217 654 D.
238 579 363 680 1404.)
597 605 709 656 ursan
736 604 980 657 uuonnenuus
1007 587 1122 674 (xm).
1555 585 1630 658 3¹95

84 788 308 876 ,libertatem
337 793 408 860 tam
435 789 472 860 in
500 788 618 881 aquis,
647 809 750 880 quam
778 788 814 861 in
842 787 923 860 aliis
941 788 1101 880 partibus
1125 789 1271 877 nostris,
1301 810 1389 882 quea
1408 791 1452 864 ad
1470 793 1629 864 nostrum

84 914 270 1000 „speetant
297 909 515 996 Dominium,
545 908 709 981 videlieet
727 914 854 981 terram
874 913 1028 980 nostram
1047 908 1218 997 intrandi,
1249 909 1469 997 transeundi,
1498 931 1629 983 meroes

84 1048 192 1116 „suas
218 1028 391 1102 uendendi
419 1036 453 1100 et
481 1029 632 1116 emendi,
667 1049 892 1120 quaeeunque
925 1028 1117 1115 voluerint,
1151 1033 1186 1101 et
1212 1029 1443 1102 nihilominus
1477 1031 1520 1102 ad
1549 1051 1630 1112 suas

84 1147 325 1239 ,provincias
354 1149 446 1221 unde
473 1149 634 1236 veniunt,
663 1149 845 1236 redeundi,
881 1148 956 1221 sine
984 1149 1078 1221 omni
1106 1149 1288 1222 exactione
1314 1149 1444 1221 telonei
1472 1155 1508 1223 et
1535 1151 1629 1223 solu·

83 1267 215 1355 „tione
244 1269 460 1342 Adiieientes
488 1275 605 1341 autem
637 1267 725 1360 ipsis
757 1269 990 1360 burgensibus
1018 1269 1060 1341 de
1086 1273 1206 1341 nostra
1233 1269 1462 1358 liberalitate,
1491 1291 1535 1343 ne
1563 1271 1627 1344 ali·

83 1389 190 1480 „quis
217 1391 396 1462 hominum
423 1395 620 1462 nostrorum
648 1389 743 1481 ipsos
770 1389 977 1481 burgenses,
1007 1388 1038 1460 si
1066 1388 1196 1480 aliquis
1224 1388 1380 1480 ipsorum
1398 1411 1419 1461 a
1439 1391 1548 1464 latero
1567 1413 1627 1464 no·

83 1509 174 1598 ,stri
202 1510 371 1596 Dominii,
400 1514 611 1601 tempestate
638 1510 794 1602 agitante
823 1509 931 1600 (quod
950 1508 1059 1597 absit)
1078 1509 1300 1600 naufragium
1318 1511 1520 1600 pertulerit,
1548 1533 1626 1603 gre·

82 1650 190 1717 ,aare
221 1635 421 1721 praesumat
448 1630 485 1702 in
513 1650 670 1721 eorpore,
705 1630 779 1702 sive
807 1630 842 1700 iu
870 1629 974 1701 rebus
1006 1628 1087 1700 aliis
1116 1627 1397 1721 quibusounqua,
1431 1653 1493 1704 nso
1521 1631 1628 1704 etiem

83 1749 262 1841 „aliquam
291 1772 461 1822 summam
489 1750 656 1841 peenniae
684 1754 892 1841 extorquere
919 1749 1046 1821 audeat
1073 1748 1110 1819 in
1137 1748 1203 1820 tali
1230 1748 1386 1840 perieulo
1406 1772 1426 1822 a
1444 1751 1626 1844 burgensi·

83 1869 174 1958 ,bus
202 1871 414 1961 supradietis
433 1871 472 1959 ¹).
502 1869 671 1942 Volumus
699 1871 843 1961 iusuper
871 1875 906 1942 et
933 1869 1149 1956 inhibemus,
1177 1873 1218 1940 ut
1244 1869 1365 1940 nullus
1389 1872 1528 1944 omnino
1546 1892 1626 1944 nos-

82 1993 240 2078 ,trorum
268 2011 523 2078 sueoessorum,
553 2011 615 2062 seu
643 1989 847 2062 officialium
865 1993 1079 2076 nostrorum,
1099 1990 1190 2060 hano
1208 1993 1363 2062 nostram
1382 1989 1627 2064 rationabilem

6 2153 7 2158 =
82 2109 328 2198 ,donationem
356 2115 390 2182 et
417 2110 547 2182 laetum
580 2109 768 2201 infringere
796 2109 937 2194 audeat,
971 2110 1029 2182 rel
1056 2109 1088 2182 ei
1116 2129 1204 2182 ausu
1231 2111 1416 2182 temerario
1443 2111 1627 2185 contraire.

83 2229 229 2317 ,Testes
258 2235 374 2302 autem
401 2229 507 2301 huius
535 2229 733 2302 donationis
762 2235 860 2300 sunt:
889 2229 1049 2301 dominus
1068 2227 1244 2300 Henrieus
1263 2228 1370 2301 abbas
1390 2231 1432 2304 de
1451 2231 1625 2322 Polpelin,

82 2349 268 2438 ,dominus
297 2349 440 2422 Vislaus
468 2349 636 2423 ecelesiae
671 2348 888 2421 (laminensis
924 2348 1063 2437 Custos,
1097 2347 1259 2420 dominus
1292 2348 1500 2440 Sueneaa2)
1528 2353 1625 2444 pals·
1711 2409 1718 2414 .

82 2469 204 2556 ,tinus
240 2471 429 2558 Dunensis,
467 2469 631 2542 dominus·
660 2469 792 2540 Paulus
809 2467 839 2556 3)
870 2467 1050 2560 palatinus
1087 2469 1315 2556 Sueonensis,
1354 2470 1516 2544 dominus
1552 2474 1626 2545 An-

82 2589 206 2678 ,dreas
221 2590 253 2679 ⁴)
281 2591 494 2664 castellanus
522 2589 710 2676 Dunensis,
742 2589 904 2661 dominus
932 2587 1131 2661 Stanislans
1147 2587 1178 2677 ⁵)
1206 2589 1420 2662 oestellanus
1449 2591 1626 2665 Sunonen-

81 2709 172 2798 ,sis,
201 2709 362 2782 dominus
389 2709 566 2782 Uneslaus
581 2709 613 2797 ⁰)
641 2708 914 2781 sueeamerarius
942 2707 1131 2796 Denensis,
1161 2713 1196 2780 et
1214 2707 1277 2780 alii
1297 2731 1400 2798 quem
1419 2711 1540 2802 plures
1558 2712 1628 2785 uiri

81 2831 173 2918 „fide
199 2829 309 2923 digni.
338 2831 388 2904 Ut
415 2835 531 2903 autem
558 2831 645 2902 haee
671 2835 791 2902 nostra
818 2828 958 2901 donatio
987 2827 1081 2900 omni
1108 2849 1193 2901 aero
1221 2829 1439 2902 inviolabilis
1466 2851 1626 2922 perseve-

81 2956 175 3039 ,ret,
213 2952 302 3023 hene
329 2950 491 3043 paginam
519 2950 630 3023 nostri
659 2949 772 3042 sigilli
798 2948 989 3021 munimine
1017 2949 1231 3021 eontulimus
1258 2949 1467 3022 roboratam.
1498 2952 1627 3026 Aotum

81 3075 138 3158 ,et
167 3071 288 3143 datum
316 3070 353 3142 in
381 3070 544 3144 ananam
560 3069 590 3159 ²)
618 3091 679 3161 per
711 3090 834 3141 manus
867 3068 999 3141 domini
1026 3068 1208 3142 Theodrioi
1241 3069 1414 3160 ospellani
1447 3071 1564 3145 euriae
1591 3075 1627 3145 et

81 3191 250 3278 ,noterii,
284 3192 385 3261 Anno
413 3190 554 3262 Domini
581 3189 770 3262 Millesimo
798 3187 869 3261 00⁰
894 3189 1118 3281 nonagesimo
1146 3188 1285 3261 tertio.“

188 3311 252 3399 ,In
269 3310 409 3382 nomine
428 3309 584 3397 Domini,
613 3311 737 3382 Amen.
766 3309 856 3381 Dum
876 3308 967 3380 vivit
986 3307 1090 3381 litera
1105 3307 1148 3398 ⁸),
1178 3309 1269 3381 vivit
1288 3313 1323 3381 et
1342 3309 1433 3382 aetio
1452 3309 1576 3384 literae
1591 3311 1622 3401 ⁹)

81 3430 305 3518 „summissa
335 3431 435 3502 ouius
463 3429 610 3503 assertio
629 3429 742 3501 nutrit
761 3428 977 3517 memoriam,
998 3433 1032 3501 et
1050 3429 1211 3501 roborata
1229 3429 1379 3521 suseipit
1397 3429 1623 3504 incrementa.

81 3549 179 3638 ,Nos
206 3551 317 3642 igitur
341 3547 515 3624 'seeundus
543 3550 758 3622 Prsmislaus
779 3549 822 3638 ¹⁰)
855 3549 918 3621 Dei
946 3551 1061 3641 gratia
1088 3549 1169 3620 Dux
1197 3549 1340 3621 Maioris
1368 3549 1535 3622 Poloniae
1562 3572 1621 3622 no·

81 3675 180 3758 ,tum
208 3691 283 3744 esse
311 3672 473 3742 volumus
501 3670 676 3742 universis
704 3675 776 3741 tam
805 3668 1064 3760 praesentibus
1100 3689 1202 3760 quam
1231 3669 1377 3756 tuturis,
1406 3677 1625 3760 praesentem

81 3790 265 3882 ,peginam
303 3791 531 3882 inspecturis,
570 3791 661 3882 quod
694 3791 843 3861 dileetus
877 3795 1023 3880 patruus
1055 3793 1189 3876 noster,
1225 3789 1439 3881 magnificus
1464 3789 1625 3862 dominus

81 3910 271 4002 „Princeps
299 3911 477 4004 Msougius
497 3912 542 4000 ¹¹)
570 3907 640 3982 Dei
669 3910 783 4002 gratia
811 3911 891 3981 Dux
910 3909 1152 3996 Pomeraniae‚
1181 3909 1350 4000 inspeetis
1369 3909 1532 3981 fidelibus
1552 3930 1622 3982 ser-

80 4029 204 4119 ,uitiis
232 4031 361 4104 nivium
389 4033 431 4103 de
458 4031 623 4124 leingo,
653 4051 741 4121 quae
767 4029 834 4102 sibi
854 4029 1058 4120 saepissime
1077 4027 1228 4100 fideliter
1245 4028 1491 4119 impenderunt
1509 4034 1544 4101 et
1562 4029 1622 4100 ad·

80 4151 172 4238 ,hue
198 4149 395 4242 impendere
423 4173 491 4223 non
519 4149 726 4238 obmittunt,
760 4149 909 4222 eontulit
937 4149 1066 4222 eisdem
1094 4148 1230 4220 eiribus
1258 4148 1490 4220 omnimodam
1517 4131 1622 4221 liber-

80 4274 212 4358 ,tatem
240 4276 311 4342 tam
339 4271 375 4342 in
404 4271 520 4362 aquis,
554 4291 657 4362 quem
686 4271 722 4342 in
750 4270 832 4342 aliis
860 4269 1018 4361 partibus
1052 4268 1142 4356 suis,
1176 4289 1264 4358 quae
1292 4273 1452 4359 speetant
1483 4267 1527 4339 ad
1555 4269 1622 4340 Do·

81 4389 249 4478 ,minium
269 4391 398 4481 ipsine,
428 4390 592 4463 videlieet
612 4397 738 4463 terram
758 4411 856 4462 suam
876 4389 1046 4475 intrandi,
1077 4389 1297 4476 transeundi,
1322 4409 1521 4478 mercesque
1540 4409 1624 4460 suas

81 4509 275 4598 „vendendi
303 4517 337 4582 et
365 4509 500 4583 emendi
526 4511 671 4598 ibidem,
702 4531 927 4601 quascunque
947 4507 1139 4596 voluerint,
1169 4515 1203 4580 et
1222 4507 1452 4579 nibilominus
1481 4507 1524 4578 ad
1542 4528 1621 4598 pro-

82 4627 237 4716 „rineias
266 4650 364 4716 suas,
394 4631 484 4702 rande
512 4629 673 4718 ueniunt,
703 4629 885 4716 redeundi,
915 4629 990 4702 sine
1018 4627 1111 4700 omni
1141 4627 1322 4701 exustione
1350 4627 1479 4700 telonei
1507 4631 1542 4698 et
1567 4647 1620 4698 so-

82 4749 254 4838 „lutione3
283 4749 451 4822 adiieiens
480 4749 568 4841 ipsis
596 4750 827 4842 burgensibus
855 4750 897 4822 de
924 4747 1037 4840 ipsius
1057 4747 1101 4838 ¹²)
1130 4767 1224 4820 mera
1242 4747 1473 4833 liberalitate,
1493 4767 1537 4818 ne
1556 4745 1621 4816 ali-

382 4956 489 4963 ---.-.

185 5054 208 5133 ¹)
230 5057 400 5132 praedietis.
426 5053 488 5118 Ed.
512 5054 604 5139 Lips.
636 5054 662 5139 ²)
685 5057 749 5116 Pan
772 5057 895 5118 Swenea
920 5051 995 5118 Coo.
1022 5050 1109 5117 Oula.
1142 5053 1170 5134 ³)
1193 5057 1256 5115 Pan
1285 5055 1395 5114 Paulus
1426 5047 1502 5118 Coa.
1535 5046 1623 5114 Calo.

78 5154 104 5236 ⁴)
127 5159 191 5218 Pan
212 5159 348 5228 Andreas
377 5157 452 5221 eoo.
478 5154 566 5223 Colo.
591 5157 617 5238 ⁶)
640 5161 703 5220 Pan
726 5159 892 5220 Stenislaus
917 5153 992 5222 Coa
1023 5155 1110 5224 Gale.
1135 5155 1161 5236 ⁰)
1184 5159 1247 5218 Pan
1270 5157 1417 5218 Uneslaus
1441 5150 1517 5219 God.
1536 5149 1624 5217 Cala.

76 5261 220 5320 Dominus
242 5262 372 5322 Meslaus
395 5259 458 5322 Ed.
482 5258 573 5342 Isips.
598 5260 623 5338 ⁷)
648 5263 678 5320 in
702 5262 828 5326 Gdunsk
851 5257 913 5322 Ed.
938 5259 1030 5343 Lips.
1056 5257 1083 5343 8)
1106 5261 1211 5321 vivunt
1232 5262 1336 5321 literae
1358 5251 1421 5320 Ed.
1440 5255 1530 5340 La‘pa
1548 5255 1574 5336 ⁹)
1590 5259 1623 5316 li·

77 5365 148 5423 teris
169 5360 233 5424 Ed.
258 5361 349 5446 Lipo.
378 5363 416 5442 ¹⁰)
439 5366 635 5426 Praemisleus
658 5363 721 5427 Ed.
746 5362 839 5449 Lipe.
876 5363 911 5442 11)
936 5365 1099 5428 Veeiarirus
1122 5360 1185 5427 Ed.
1209 5359 1299 5445 Lips.
1336 5359 1373 5439 Ν)
1397 5361 1435 5422 de
1457 5361 1551 5438 ipsius
1572 5379 1623 5438 pa·

78 5467 134 5524 trui
156 5457 219 5526 Ed.
244 5462 335 5548 Lipe.
