4082 6284
93 525 161 630 (Α.
183 529 377 630 ὓ.1459.)
611 555 725 608 arnna
750 554 995 608 uuouucuuus
1023 537 1137 627 (xum).
1568 475 1646 610 '299

142 853 279 926 lacobus
302 853 342 925 de
365 853 471 926 benuo
494 855 613 926 misem
635 856 677 927 ad
699 855 785 926 Pium
807 856 924 946 Papum
947 855 1137 942 coeundum,
1159 855 1283 927 busun
1306 855 1346 928 de
1368 855 1597 928 bruellerornm

320 980 322 984 '
362 992 404 1046 ox
427 975 556 1049 mosia
577 975 612 1046 ln
633 975 774 1048 insuam
796 976 947 1048 Tenedon
969 976 1188 1066 translatione
1211 977 1381 1049 subrutae.

199 1222 349 1296 Iaoobus
381 1222 423 1295 de
451 1222 566 1296 Sanno
586 1224 612 1312 ¹)
645 1223 911 1297 Protonotarius
944 1223 1175 1315 apostolicus,
1210 1222 1424 1296 Gnesnensis
1458 1229 1493 1298 et
1522 1224 1644 1298 craco-

90 1340 228 1415 viensis
255 1342 501 1434 Praepositus,
531 1366 551 1416 a
578 1343 758 1416 Kanimiro
787 1344 953 1417 Polouiae
974 1344 1071 1436 Rege
1103 1344 1146 1415 ad
1173 1342 1277 1416 Pium
1299 1344 1432 1434 Papam
1452 1346 1643 1418 secuudum

90 1461 241 1548 missus,
274 1463 356 1535 dum
393 1463 496 1536 illum
527 1464 691 1536 Mantuae
724 1468 933 1537 conventum
961 1464 1096 1555 Regum
1129 1467 1164 1536 et
1195 1462 1415 1554 Principum,
1453 1485 1515 1554 pro
1549 1465 1644 1538 bello

91 1583 206 1656 ‘lurco
231 1583 416 1656 indicendo
436 1589 470 1656 et
488 1583 809 1675 Constantinopolis
832 1583 1110 1674 recuperatione,
1138 1587 1298 1675 agentem
1326 1582 1543 1672 offendisset,
1565 1586 1643 1659 obe-

89 1702 263 1776 dientiam
287 1704 344 1776 illi
362 1703 470 1796 Regis
490 1709 524 1776 et
543 1703 657 1796 Regni
685 1703 839 1791 nomine,
868 1709 908 1776 ut
935 1705 1054 1776 iussus
1082 1709 1171 1791 erat,
1200 1703 1395 1795 praestitit:
1425 1725 1464 1776 eo
1492 1705 1644 1795 primum

89 1844 152 1914 por
179 1827 354 1896 tractatus
381 1823 605 1896 intermedios
634 1830 808 1912 extracto,
837 1825 929 1915 quod
956 1825 1052 1915 Papa
1079 1823 1251 1896 militares
1279 1829 1314 1896 et
1341 1822 1436 1896 eires
1464 1825 1641 1914 Prussiue‚

91 1964 179 2034 quos
208 1941 273 2016 sub
302 1944 465 2017 Censoris
493 1943 530 2016 in
559 1944 721 2036 Magistri
750 1949 784 2017 et
811 1945 952 2017 Ordinis
980 1943 1212 2017 obedientiam
1240 1943 1352 2017 redire
1384 1943 1552 2034 iusserat,
1582 1946 1641 2019 ab·

90 2062 217 2151 solvit,
247 2071 282 2136 et
308 2064 346 2138 in
374 2069 544 2155 quantum
572 2064 785 2157 indigerent,
814 2085 876 2155 pro
904 2063 1079 2158 absolutis
1106 2063 1310 2136 declaravit.
1339 2064 1385 2136 Et
1414 2065 1574 2155 quamvis
1603 2088 1640 2140 se

90 2182 209 2256 uerbis
238 2183 327 2277 Regi
354 2191 389 2258 et
416 2185 537 2277 Regno
565 2186 680 2258 lavere
709 2189 897 2272 astrueret,
935 2184 1189 2257 Cruciferorum
1225 2187 1341 2257 tamen
1369 2190 1504 2276 partem
1536 2206 1640 2277 quam

91 2303 246 2377 maxime
276 2306 520 2397 promovebat,
553 2305 782 2378 Almaunicae
814 2304 965 2393 nationi,
1003 2305 1096 2395 apud
1130 2325 1233 2396 quam
1266 2304 1303 2376 in
1335 2304 1433 2377 curia
1468 2305 1640 2379 Priderici

89 2422 320 2514 Imperatoris
348 2425 451 2518 longo
479 2431 634 2517 tempore
662 2431 888 2498 conversatus
909 2426 1037 2513 fuerat,
1058 2425 1143 2497 adeo
1163 2425 1318 2513 deditus,
1338 2428 1378 2496 ut
1397 2425 1503 2497 etiam
1523 2447 1641 2500 omncs

90 2542 196 2632 alios,
228 2545 270 2618 de
300 2567 368 2636 qno
396 2545 452 2618 illi
480 2545 667 2638 collegium
687 2545 924 2618 Cardinalium
943 2549 978 2618 et
995 2544 1217 2636 Principum,
1242 2543 1447 2637 Regumque
1475 2549 1640 2635 oratores,

90 2664 283 2754 plurimum
312 2666 579 2755 succensebant,
607 2665 816 2759 negligeret:
850 2687 984 2740 omnem
1012 2687 1112 2737 suam
1139 2664 1303 2738 fiduciam
1332 2686 1520 2757 reponens,
1549 2667 1643 2759 quod

90 2786 346 2858 Almuunorum
373 2785 532 2877 potentia
559 2790 594 2857 et
622 2786 755 2858 Turcus
783 2786 923 2877 Europa
948 2785 1054 2876 pelli,
1084 2791 1119 2857 et
1146 2785 1470 2878 Constantinopolis
1497 2807 1640 2878 recupe-

90 2906 161 2978 rari
189 2906 344 2979 deberet.
373 2905 527 2978 Maximo
554 2906 699 2997 insuper
722 2905 839 2979 studio
858 2911 894 2978 et
911 2926 995 2978 cura
1017 2905 1166 2997 praefati
1194 2905 1313 2978 Iacobi
1336 2906 1378 2978 de
1398 2906 1512 2980 Seuuo
1527 2904 1558 2996 2)
1585 2927 1640 2979 re·

89 3025 138 3118 gii
166 3025 287 3100 nuntii
314 3026 513 3100 laboratum
540 3031 576 3098 et
603 3031 774 3100 certatum
802 3030 871 3114 eet,
900 3029 941 3098 nt
964 3025 1054 3098 Ordo
1083 3025 1336 3099 (trucidatorum
1355 3026 1397 3100 de
1415 3026 1562 3099 Prussia
1578 3047 1641 3116 pe-

90 3146 185 3220 uitus
214 3145 296 3219 iude
324 3147 524 3235 tolleretur,
552 3167 596 3219 ue
624 3147 737 3238 Reges
766 3145 972 3234 catholiam,
1007 3145 1135 3238 quibus
1167 3146 1363 3218 eoufiuabat
1378 3144 1421 3236 ³),
1450 3146 1639 3220 domestico

89 3267 180 3340 bello
200 3266 415 3355 involveret,
444 3271 478 3340 et
496 3269 728 3341 transferetur
746 3267 789 3339 ad
808 3266 961 3339 insulam
988 3267 1149 3340 Tenedon
1164 3265 1208 3356 4),
1236 3271 1276 3337 ut
1303 3266 1395 3354 illic,
1424 3267 1526 3340 iuxta
1553 3287 1637 3340 suae

89 3387 340 3478 professionem
366 3389 525 3480 regulae,
554 3387 704 3460 militiae
731 3387 768 3460 iu
794 3386 960 3459 barbaros
989 3407 1133 3475 vacans,
1162 3389 1291 3459 Turcos
1318 3386 1411 3460 bello
1437 3387 1636 3461 lacesseret.

90 3507 368 3580 Translationem
388 3513 503 3581 autem
523 3507 740 3595 huiusmodi,
769 3529 838 3578 non
860 3507 973 3579 solum
991 3507 1139 3579 Iacobus
1159 3506 1202 3578 de
1221 3507 1335 3579 Seuno
1352 3506 1382 3596 5)
1409 3506 1528 3598 regius
1548 3530 1637 3580 nun·

93 3627 180 3717 tius,
212 3629 273 3700 sed
288 3629 319 3718 6)
347 3628 502 3700 omnium
534 3628 669 3720 Regum
707 3633 742 3701 ct
773 3627 977 3718 Principum
1005 3629 1158 3698 oratores
1191 3626 1425 3700 fervidissime
1456 3649 1632 3718 promove·

90 3748 187 3837 baut,
219 3755 254 3821 et
273 3748 423 3822 solicitis
441 3748 612 3840 urgebant
628 3749 658 3835 ⁷)
685 3747 929 3839 Apostolicum
957 3746 1101 3834 studiis,
1130 3750 1170 3818 nt
1189 3747 1374 3819 translatio
1393 3747 1486 3838 ipsa,
1516 3752 1552 3819 et
1570 3749 1634 3820 Re-

91 3868 216 3942 clcsiae
244 3868 308 3941 Dei
336 3873 370 3941 et
397 3867 674 3940 Christianorum
702 3868 781 3961 paui
807 3867 1019 3955 necessaria,
1054 3867 1140 3941 solis
1173 3866 1358 3939 Almannis
1386 3865 1423 3938 in
1449 3868 1634 3940 adversum

90 3989 300 4077 nitentibus,
337 3989 531 4062 universali
563 4009 734 4062 consensu
766 3989 1002 4062 demutaretur
1016 3987 1064 4077 8t:
1102 3989 1200 4079 Papa
1231 3993 1348 4060 tamen
1379 3987 1633 4061 cruciferorum

90 4115 223 4200 partem
250 4109 401 4182 maxime
434 4109 637 4196 adiuvante,
672 4110 849 4183 decretum
881 4109 1083 4181 huiusmodi
1117 4113 1200 4181 tunc
1231 4107 1381 4180 obtineri
1407 4129 1477 4180 uon
1504 4109 1632 4200 potuit.

91 4230 275 4304 Decretum
311 4235 427 4302 autem
463 4229 501 4302 iu
533 4250 573 4302 eo
605 4235 779 4302 conventu
816 4229 899 4316 fuit,
936 4250 980 4301 ne
1011 4229 1069 4302 cui
1096 4250 1116 4300 a
1142 4228 1364 4320 processibus
1397 4233 1432 4300 et
1458 4229 1632 4300 mandatis

91 4351 290 4440 apostolicis
318 4350 362 4420 ad
389 4352 545 4421 futurum
569 4349 762 4422 Concilium
781 4350 923 4441 impune
942 4351 1120 4441 appellare
1143 4349 1276 4422 liceret.
1305 4348 1560 4439 Respondendo
1579 4349 1632 4420 in-

91 4490 190 4562 super
219 4471 383 4544 Summus
411 4469 575 4542 Pontifex
603 4470 689 4542 Pius
705 4471 736 4560 9)
765 4470 911 4542 oratoris
940 4469 1048 4562 Regis
1077 4469 1195 4542 Iaccbi
1214 4469 1255 4540 de
1275 4469 1405 4557 Seuuo,
1434 4469 1633 4559 Praepositi

90 4590 324 4664 Graccviensis
345 4591 401 4678 1⁰),
431 4596 615 4678 venunstae,
646 4611 707 4681 per
734 4613 837 4682 quam
866 4591 1098 4663 obedientium
1129 4589 1269 4662 nomine
1306 4590 1412 4682 Regis
1450 4595 1486 4661 et
1517 4589 1631 4682 Regni

90 4709 252 4784 Polouiae
271 4712 470 4802 praestabat
488 4711 644 4801 publice,
674 4711 839 4798 orationi,
869 4710 1087 4783 Karimirum
1115 4710 1281 4784 Poloniae
1300 4712 1428 4802 Regem
1448 4710 1490 4782 de
1508 4717 1629 4800 poten-

92 4831 138 4902 tie
155 4831 351 4904 Gdanensis
372 4831 544 4919 civitatis,
574 4852 663 4922 quae
681 4831 913 4924 quadraginta
931 4831 1044 4902 millia
1063 4830 1216 4902 militum
1236 4850 1369 4902 armare
1387 4835 1521 4921 posset,
1547 4851 1636 4902 suae.

193 5139 217 5219 ¹)
240 5139 277 5200 de
299 5140 417 5216 Sycnuo
440 5134 503 5200 Ed.
527 5135 622 5220 Lips.
646 5133 671 5208 'l
696 5138 733 5200 de
755 5139 874 5216 Syenuo
896 5135 961 5201 Ec.
983 5135 1074 5221 Lips.
1099 5135 1126 5217 3)
1142 5138 1264 5198 confluis
1280 5142 1326 5199 est
1340 5134 1402 5198 Ed.
1419 5134 1512 5220 Lips.
1529 5132 1557 5220 4)
1573 5139 1647 5199 ΤΘ»

92 5243 191 5304 nedum
214 5239 276 5304 Ed.
304 5239 397 5324 Lipe.
431 5239 456 5320 ὁ)
481 5243 518 5302 de
541 5242 660 5317 Syeuno
683 5238 745 5302 Ed.
773 5239 865 5323 Lipe.
890 5237 918 5324 ⁶)
943 5242 995 5302 sed
1018 5242 1106 5302 ctiam
1128 5237 1191 5302 Eu.
1215 5238 1306 5324 Lips.
1335 5239 1360 5319 ⁷)
1383 5241 1530 5318 rogabant
1554 5235 1629 5304 Coa.

93 5341 193 5410 Przez.
221 5345 249 5424 8)
272 5346 478 5407 decerneretur
500 5340 563 5406 Ed.
587 5341 677 5426 Lips.
710 5343 736 5422 9)
759 5345 830 5406 Pius
853 5344 999 5405 secundus
1023 5336 1087 5405 Ed.
1111 5341 1205 5426 Lipe.
1240 5342 1280 5422 ¹⁰)
1303 5343 1485 5406 Guesueueis
1507 5348 1539 5404 et
1560 5343 1629 5404 Ora-

94 5445 316 5511 ademisset.
340 5446 431 5530 Lips.
