4152 6270
133 537 200 638 (Α.
220 538 266 614 D.
287 536 413 639 1453.)
647 563 762 615 urens
788 562 1032 616 nuooncnrus
1061 544 1175 634 (nrm).
1613 540 1686 616 133

135 748 280 840 plianda
307 749 373 821 fide
400 749 574 823 ratholioa
601 749 694 823 inter
721 751 869 842 populos
897 751 1090 842 neophytos
1119 749 1273 843 optimus
1292 755 1327 825 et
1346 750 1553 844 singularis,
1583 773 1688 842 snper

133 869 358 942 commissum
387 870 456 943 sibi
488 891 628 964 gregem
663 871 921 944 studiosissime
953 871 1157 964 invigilans.
1192 871 1309 944 Huius
1341 885 1441 964 pater
1467 894 1511 946 en
1538 871 1689 945 Livonia

135 997 253 1080 ortua,
293 991 497 1064 continuum
533 992 683 1065 habebat
719 992 909 1065 incolatum
938 991 975 1065 in
1003 992 1125 1082 Vilna,
1164 992 1225 1066 ubi
1253 999 1288 1066 et
1315 992 1391 1085 ipse
1418 992 1571 1066 Mathias
1585 991 1689 1085 epis·

134 1135 261 1205 nopae,
291 1114 333 1186 ab
361 1135 400 1186 eo
428 1114 637 1206 produntur,
666 1113 806 1188 natione
834 1113 1033 1186 Lithuanus
1062 1115 1264 1207 putabatur.
1300 1113 1395 1188 Huie
1427 1113 1597 1188 suecessit
1624 1112 1688 1186 Ni·

134 1235 275 1322 cotaus,
314 1239 412 1326 patro
443 1235 576 1307 Polono
609 1241 731 1323 natus,
768 1235 899 1309 nobilis
932 1236 973 1308 de
1005 1236 1105 1309 domo
1138 1235 1362 1328 Wyenyawa.
1401 1235 1621 1328 absumptus
1654 1239 1690 1308 et

132 1355 270 1428 Paulus
303 1355 489 1447 episeopus
521 1356 834 1447 Kamyeneeensi8‚
873 1357 910 1428 in
942 1355 1124 1430 Dominioa
1157 1355 1295 1444 Indioa,
1333 1378 1422 1448 quae
1456 1356 1524 1429 luit
1555 1355 1690 1430 deoima

134 1481 261 1548 octava
288 1477 418 1551 mensis
446 1475 581 1565 Martii,
611 1479 772 1569 sepultus
791 1477 829 1550 in
848 1477 994 1552 eeclesia
1023 1499 1086 1550 sua
1104 1476 1399 1569 Kamyeneoensi:
1429 1477 1484 1550 vir
1503 1475 1611 1550 mirae
1629 1477 1688 1551 be·

135 1597 341 1688 nigritatis,
371 1598 431 1690 qui
459 1618 594 1671 omnem
623 1598 859 1671 substantiam
883 1620 982 1671 suam
1006 1597 1043 1671 in
1061 1619 1148 1671 usus
1174 1618 1368 1690 pauperum
1395 1599 1688 1691 presbyterorum,

133 1739 255 1792 seeum
282 1719 501 1813 degentium,
529 1719 723 1793 liberaliter
751 1720 925 1813 erogabat.
955 1721 1013 1792 lta
1040 1719 1076 1792 in
1104 1701 1204 1793 brevi
1233 1724 1387 1812 tempore
1414 1723 1486 1793 tres
1505 1718 1688 1812 pontihoes

131 1840 338 1931 provintiae
371 1840 585 1914 Gnesnensis
624 1839 755 1914 sublati
789 1846 882 1913 sunt.
917 1840 1010 1914 Huio
1043 1840 1214 1914 suooessit
1246 1841 1420 1914 Iohannes
1452 1840 1630 1914 Labuoahi
1650 1840 1689 1930 ¹),

133 1961 269 2034 nobilis
296 1962 338 2034 de
367 1962 466 2034 domo
495 1962 661 2054 Zagroba.
700 1962 889 2035 Constabat
917 1967 1033 2035 autem
1065 1963 1262 2054 praelatum
1290 1961 1459 2035 Mathiam
1488 1961 1690 2054 episeopum
1729 2038 1733 2044 ,

133 2082 341 2156 Vilnensem
373 2087 408 2154 et
440 2082 477 2155 in
509 2081 584 2155 vita
617 2091 651 2156 et
682 2083 719 2156 in
751 2088 861 2156 morte
892 2083 1031 2176 gravari
1047 2082 1078 2174 2)
1106 2082 1324 2177 poenitentia
1357 2105 1462 2174 super
1492 2083 1566 2172 his,
1602 2103 1690 2174 quae

131 2225 200 2294 pro
227 2203 415 2276 Lithuanis
444 2207 565 2276 eontra
591 2205 742 2277 Polonos
769 2226 893 2296 parum
920 2227 1017 2294 rere,
1051 2227 1174 2296 parum
1202 2204 1311 2293 inste,
1345 2225 1450 2296 super
1476 2203 1690 2297 proprietate

133 2329 174 2397 et
200 2324 277 2397 iure
304 2330 476 2397 terrarum
504 2325 694 2398 Luozensis
711 2324 741 2414 3)
770 2331 805 2398 et
832 2327 998 2400 Podoliae
1025 2326 1194 2419 privatim
1222 2330 1257 2399 et
1284 2325 1424 2418 publiea
1448 2325 1690 2411 adamaverat,

133 2444 201 2536 qui
229 2445 339 2518 totius
372 2440 534 2519 veritatis
567 2446 635 2519 fuit
668 2447 828 2520 oonsoius
857 2469 893 2520 se
921 2447 1169 2540 multiplieiter
1200 2447 1374 2538 affeoisse,
1402 2446 1595 2539 expetendo
1624 2445 1692 2518 sibi

33 2616 39 2630 .
133 2589 156 2636 a
188 2566 258 2638 Deo
287 2565 362 2638 dari
390 2566 544 2658 spatium
572 2573 606 2640 et
634 2568 765 2654 looum,
795 2567 832 2639 in
860 2589 928 2659 quo
956 2569 1046 2641 male
1071 2567 1327 2660 inperatoribus
1355 2567 1612 2641 Lithuanorum
1630 2586 1693 2658 per

133 2707 219 2759 enm
246 2691 338 2776 sata,
368 2687 506 2762 meliori
533 2687 730 2782 veriorique
757 2695 877 2783 posset
903 2689 1151 2768 retractatione
1178 2688 1387 2764 rescindere.

165 3045 316 3118 l'hrrtm
338 3048 372 3119 in
395 3047 555 3119 Peteliam
577 3048 807 3138 irrumpentes,
831 3050 871 3120 ab
895 3051 1014 3139 exigua
1037 3049 1224 3120 Polonornm
1246 3065 1343 3121 maru
1366 3047 1500 3120 duotore
1523 3047 1665 3118 Iohanne

473 3169 588 3256 taron,
610 3170 645 3240 in
668 3187 780 3260 eampo
802 3170 960 3242 &aanor
983 3171 1050 3242 lero
1073 3187 1185 3242 onnes
1208 3169 1368 3242 dolentur.

246 3414 345 3488 Circa
372 3417 499 3489 festum
527 3416 698 3506 Pasohae,
729 3417 821 3509 quod
845 3403 993 3490 ¹radebat
1020 3417 1057 3490 in
1085 3417 1234 3509 primam
1257 3415 1349 3490 diem
1368 3415 1505 3509 Aprilis
1521 3416 1564 3506 ⁴),
1594 3436 1693 3488 exer-

131 3537 234 3610 eitus
263 3536 511 3609 Thartarorum
530 3539 641 3609 terras
660 3537 844 3626 Podoliae,
873 3539 972 3611 velut
996 3537 1090 3610 omni
1109 3537 1309 3612 defensione
1327 3558 1474 3626 saeuas,
1503 3534 1695 3628 praedandi

130 3657 274 3745 animo,
312 3662 347 3732 et
380 3657 579 3730 districtum
612 3659 900 3733 Trebouliensem
931 3658 1127 3751 ingreditur
1141 3658 1184 3749 l).
1219 3661 1310 3731 Dum
1342 3680 1480 3752 quoque
1507 3657 1607 3730 nullo
1635 3656 1694 3729 ob-

131 3783 276 3866 stante,
313 3779 446 3870 passim
482 3777 725 3868 discurrendo,
764 3781 895 3852 multas
932 3780 1066 3852 animas
1082 3780 1113 3869 θ)
1146 3779 1332 3872 utriusque
1366 3801 1472 3854 sexus
1505 3783 1539 3853 et
1572 3798 1697 3870 peoora

130 3903 245 3991 capta
272 3899 387 3972 laetus
415 3899 601 3973 abduceret
628 3903 663 3973 et
690 3899 815 3973 bifarie
841 3900 979 3973 divisus
1007 3907 1115 3975 esset:
1144 3899 1200 3973 vir
1227 3901 1369 3993 quidam
1396 3901 1511 3974 animo
1541 3904 1576 3972 et
1595 3899 1693 3992 inge·

124 4020 200 4122 nio
229 4019 395 4113 insignis,
425 4021 599 4094 Iohannes
627 4021 735 4093 hasen
769 4021 967 4094 tenutarius
995 4021 1032 4094 in
1060 4021 1284 4114 Zinhowyeen
1301 4021 1344 4111 7),
1374 4020 1504 4094 nobilis
1532 4020 1574 4094 de
1595 4020 1695 4092 domo

129 4141 330 4233 Pomponi,
359 4162 436 4214 oum
460 4143 616 4214 Iohanne
635 4141 831 4234 Nyemyeen
847 4142 878 4232 8)
908 4141 945 4215 in
964 4141 1162 4216 Lethieaou
1176 4143 1221 4232 9),
1250 4147 1286 4215 et
1304 4141 1526 4234 hlaoayelyeh
1544 4139 1581 4213 in
1600 4141 1695 4232 Mye-

126 4261 305 4334 dzibosne
325 4262 381 4351 ¹⁰),
420 4261 622 4351 tenutariis,
656 4263 804 4336 eolleota
831 4263 961 4356 exigua
989 4263 1147 4354 equiturn
1175 4267 1210 4336 et
1236 4262 1395 4355 peditum
1422 4261 1553 4355 agresti
1577 4282 1693 4347 mann,

125 4403 200 4457 eos
230 4381 439 4474 insequitur.
469 4383 599 4456 Verum
627 4381 709 4474 quia
737 4388 772 4455 et
799 4382 935 4456 viribus
968 4388 1003 4456 et
1030 4403 1172 4456 numero
1200 4405 1238 4456 se
1265 4383 1408 4456 videbat
1438 4381 1600 4454 hostibus
1628 4379 1692 4452 im-

124 4524 279 4597 parem,
308 4506 426 4595 aperte
452 4504 635 4576 decernere
654 4503 805 4590 veritus,
835 4509 1044 4596 oportunum
1073 4507 1211 4596 tempus
1235 4505 1278 4576 ad
1302 4503 1553 4591 dimicandum,
1582 4499 1696 4574 noetis

123 4624 299 4699 latebras
326 4629 441 4711 ratus,
471 4625 719 4696 Thartarorum
746 4623 928 4697 inseentus
956 4645 1097 4718 agmen,
1126 4624 1163 4696 id
1190 4625 1283 4717 quod
1311 4624 1426 4697 animo
1446 4622 1696 4709 destinaverat,

125 4765 266 4821 omnes
302 4743 417 4836 sopori
449 4743 602 4834 deditos,
641 4743 728 4818 feria
761 4745 913 4818 secunda
944 4750 1025 4838 post
1057 4746 1272 4819 Conductum
1307 4745 1479 4832 Paschae,
1513 4743 1551 4816 in
1577 4761 1698 4834 eampo

126 4869 335 4953 Krasnou‚
364 4885 472 4957 prope
498 4864 646 4938 fiuvium
673 4865 778 4938 Stura
798 4866 854 4956 ¹¹),
883 4865 976 4940 inter
1002 4866 1130 4958 Ostrog
1148 4870 1183 4940 et
1201 4865 1425 4958 Zinhowyeoa
1443 4863 1638 4956 reperiens,
1666 4865 1701 4934 ol

254 5173 286 5256 ¹)-
300 5175 449 5238 Labeezlri
473 5171 550 5239 Cael.
579 5173 667 5244 Galo.
700 5173 727 5254 ²)
750 5175 835 5252 gravi
857 5172 920 5238 Ed.
944 5172 1037 5258 Lipo.
1071 5173 1095 5255 ³)
1118 5173 1297 5236 Lucenslum
1323 5169 1386 5235 Ed.
1417 5167 1510 5255 Lapa.
1542 5165 1568 5250 4)
1591 5169 1702 5232 mansis

120 5281 258 5362 Aprilis
282 5277 344 5342 Ed.
368 5278 461 5362 Lipe.
487 5279 512 5360 ⁶)
535 5281 662 5358 ingressi
685 5285 762 5341 sunt.
784 5277 848 5341 Ed.
872 5276 965 5363 Lapa.
991 5276 1017 5358 ⁰)
1040 5280 1147 5339 multos
1170 5279 1304 5339 homines
1327 5273 1391 5338 Ed.
1415 5273 1508 5358 Lipe.
1535 5269 1700 5358 ¹)Szniho.·

120 5389 215 5450 wiee
244 5379 320 5446 Coa.
342 5381 451 5446 Przoz.
476 5381 502 5462 ⁸)
525 5385 659 5445 Miemieo
684 5378 760 5446 Cori.
783 5381 893 5446 Praez.
918 5381 944 5462 9)
966 5382 1116 5444 Latioaow
1145 5378 1221 5443 eoa.
1245 5378 1353 5442 Przea.
1382 5377 1421 5460 ¹⁰)
1440 5377 1622 5440 Miedaibone
1637 5372 1700 5437 Ea.

121 5491 241 5574 Lipa.
270 5486 306 5567 ¹¹)
330 5487 427 5549 ahuaz
449 5483 511 5549 Ed.
535 5484 628 5570 [ripa
