4040 6290
370 559 445 632 608
872 572 990 627 nunna
1014 567 1260 624 nuonucnrus
1287 549 1402 636 (mu).
1640 537 1779 638 (M).
1797 531 1927 632 1474.)

370 762 489 837 vincia
514 765 550 836 et
575 760 685 834 latins
705 780 743 833 sc
760 757 992 846 diffundente,
1019 753 1234 849 Ppotrkovia
1257 772 1434 846 emesena,
1464 749 1635 841 imperata
1656 742 1845 820 universis
1864 744 1928 816 ter.-
1980 737 1982 745 ’

368 883 419 956 ris
446 881 561 975 Regni
587 881 644 954 sui
671 878 911 975 expeditione,
942 881 977 950 et
1003 881 1045 949 ut
1072 874 1205 968 singuli
1236 894 1299 966 pro
1327 874 1419 946 festo
1445 867 1713 961 Assumptionis
1743 862 1930 960 gloriosis

371 1005 479 1078 simae
511 1000 669 1094 Virginis
702 1001 848 1087 Mariae,
882 998 974 1090 apud
1007 995 1174 1090 oppidum
1206 994 1354 1069 Methov
1387 989 1651 1066 exercitualiter
1683 985 1930 1070 convenirent,

369 1121 526 1198 evocatis
554 1120 660 1195 etiam
687 1119 725 1192 in
751 1121 842 1192 hane
869 1115 1127 1209 expeditionem
1159 1113 1370 1187 Lithuaniae
1398 1112 1564 1205 Boparie,
1592 1109 1824 1186 curiensibus
1845 1106 1875 1195 ¹)
1901 1114 1932 1180 et

373 1239 569 1329 Thartarie,
598 1241 695 1314 eolus
723 1239 801 1332 ipse
829 1238 873 1310 ad
901 1237 1067 1330 oppidum
1099 1235 1221 1310 Novae
1248 1233 1412 1308 Civitatis
1439 1233 1601 1323 divertit,
1633 1232 1676 1306 de
1703 1229 1931 1305 neceemtati-

372 1361 438 1435 bus
471 1359 583 1432 futuri
614 1359 702 1434 belli
734 1358 952 1450 provisurus.
990 1355 1139 1430 Interim
1174 1354 1231 1428 illi
1263 1354 1378 1430 tristis
1414 1353 1561 1428 nuntius
1599 1352 1758 1445 quinque
1792 1349 1932 1423 vicibus

373 1479 516 1554 Martini
544 1477 814 1554 Gastolthovion
842 1477 1016 1570 capitanei
1043 1475 1257 1568 Kyovieneie
1285 1477 1416 1549 allatus
1444 1479 1516 1564 est,
1545 1473 1751 1566 significans
1781 1472 1930 1544 nunus

374 1619 492 1676 rorum
524 1599 717 1687 exercitus,
751 1597 891 1672 iniussn
923 1597 980 1670 sui
1012 1595 1185 1686 (lassaris,
1224 1597 1289 1670 sub
1322 1596 1408 1670 duce
1435 1596 1571 1687 Apdor,
1603 1594 1677 1668 filio
1704 1591 1878 1686 Ecnigeri
1891 1589 1931 1680 ²),

374 1723 602 1814 congregatos
635 1718 834 1808 advenisse,
867 1722 979 1792 terras
1011 1716 1126 1810 Regni
1159 1720 1194 1792 et
1220 1717 1378 1790 Ducatne
1409 1716 1528 1809 Magni
1558 1715 1775 1789 Lithuaniae
1807 1712 1934 1786 hostili

374 1840 491 1914 animo
518 1840 732 1933 irrupturos:
761 1843 885 1930 petens
913 1836 982 1910 eibi
1000 1837 1045 1910 ad
1063 1857 1181 1910 eorum
1208 1836 1477 1928 repressionem,
1506 1857 1611 1929 quam
1630 1856 1667 1910 se
1685 1837 1859 1908 elnonae
1876 1854 1932 1906 ex-

374 1960 518 2034 hibebat
544 1959 766 2047 effecturum,
798 1957 963 2051 gentibus
991 1961 1026 2029 et
1052 1956 1212 2047 pecuniis
1245 1957 1438 2032 subveniri.
1471 1957 1521 2028 nt
1552 1955 1758 2030 Kauimirus
1793 1955 1879 2028 Bsx
1893 1951 1933 2043 ²),

374 2085 416 2153 ut
443 2101 580 2172 semper
611 2083 686 2154 erat
717 2078 826 2152 animi
853 2079 897 2150 ad
923 2075 1219 2150 dissimulandum
1246 2083 1282 2150 et
1307 2076 1556 2170 negligendum
1587 2077 1706 2168 proni,
1743 2075 1933 2149 denuntia

374 2199 465 2274 tioui
491 2203 564 2273 tam
590 2199 808 2292 periculosae
834 2197 938 2272 fidem
964 2218 1035 2270 uon
1062 2197 1247 2288 adhibens,
1276 2198 1377 2272 illam
1403 2219 1466 2290 pro
1494 2197 1607 2271 otiosa
1633 2197 1758 2285 duxit,
1797 2200 1842 2268 ut
1868 2216 1934 2268 non

368 2321 491 2394 solum
517 2319 670 2392 Martino
698 2317 969 2394 Gastolthovvicn
997 2315 1126 2390 solatia
1140 2317 1172 2406 ⁴)
1199 2319 1379 2409 postulata
1405 2339 1475 2390 non
1498 2317 1669 2406 mitteret,
1699 2316 1764 2392 eod
1784 2336 1852 2390 nec
1870 2317 1933 2388 Po

370 2440 491 2514 -dolice
517 2444 553 2512 et
580 2439 732 2520 Rnssiae
759 2443 887 2528 terras,
916 2442 958 2511 ub
985 2437 1055 2510 sibi
1077 2459 1098 2510 a
1117 2438 1367 2512 Thartarorum
1393 2438 1594 2527 invasione,
1624 2439 1709 2530 fuga
1728 2443 1767 2512 et
1788 2437 1934 2510 latitatn

376 2561 614 2650 consulerent,
643 2560 891 2652 praemuniret.
919 2559 1045 2650 itaque
1064 2562 1100 2632 et
1118 2557 1293 2632 militibus
1312 2563 1348 2632 et
1366 2558 1581 2651 agrestibus,
1609 2557 1784 2632 interris
1814 2577 1935 2630 secure
2009 2642 2010 2645 g

377 2681 640 2774 quiescentibus
662 2685 703 2754 et
722 2679 912 2753 domestico
931 2679 1067 2768 labore,
1087 2699 1246 2752 messura
1263 2677 1429 2752 videlicet
1448 2679 1605 2771 frugum,
1635 2678 1842 2770 occupatis,
1874 2678 1935 2750 sub

377 2801 527 2894 praeisti
554 2801 675 2892 Apdor
692 2801 759 2874 filii
777 2798 936 2893 Ecuigeri
955 2800 1081 2887 ductu,
1109 2799 1359 2872 Thartarorum
1377 2798 1462 2871 vilis
1482 2803 1516 2871 et
1535 2799 1817 2871 contemnendus
1836 2819 1934 2873 suer-

376 2921 488 3010 eitus,
517 2920 580 2993 vix
608 2923 741 3012 septem
768 2919 882 2993 millia
907 2919 1065 3013 gentium
1093 2919 1184 2992 male
1212 2923 1424 2992 armatarum
1451 2919 1579 2992 habero
1603 2919 1855 3007 existimatus,
1884 2940 1935 2992 re-

378 3045 485 3134 ponte
511 3040 550 3114 in
576 3044 688 3114 terras
719 3039 885 3114 Podoliae
912 3045 947 3113 et
973 3038 1142 3129 burnice,
1176 3039 1267 3112 circa
1294 3040 1423 3112 festum
1455 3038 1577 3112 Sancti
1607 3038 1782 3112 Iohannis
1811 3039 1934 3131 Bapti-

380 3166 472 3251 stae,
501 3159 621 3252 irvuit,
650 3165 685 3235 et
704 3160 836 3234 cladem
856 3160 1034 3252 ingentem
1061 3159 1154 3233 circa
1180 3160 1442 3255 Kamyenyecc,
1471 3158 1612 3249 Halios,
1641 3159 1835 3252 Glinpani,
1864 3161 1934 3232 Du-

379 3301 513 3373 napov,
547 3281 727 3374 Golegori,
761 3281 909 3355 Zbarasu
925 3281 968 3370 5),
1001 3280 1098 3374 igne,
1131 3280 1234 3353 caede
1261 3283 1296 3354 et
1323 3279 1420 3352 omni
1449 3278 1661 3352 vastationis
1691 3299 1825 3372 genere
1853 3279 1934 3374 egit.

380 3402 488 3476 Gaius
515 3405 631 3490 tanta,
666 3400 856 3475 sceleribus
888 3400 1093 3475 exserendis
1126 3401 1238 3476 Deum
1269 3399 1558 3493 provocantibus,
1591 3399 1773 3484 ferebatur
1800 3402 1934 3494 magni-

380 3522 465 3595 tudo
493 3521 618 3611 inisse,
646 3525 688 3594 ut
713 3542 776 3614 per
802 3525 943 3594 centum
970 3520 1138 3594 milliaria
1164 3519 1202 3593 in
1226 3521 1385 3612 longum,
1414 3540 1476 3611 per
1494 3519 1642 3613 triginta
1660 3539 1745 3594 vcro
1764 3519 1806 3594 in
1824 3523 1933 3594 latum

373 3641 502 3731 inerit,
530 3641 670 3715 nemine
697 3640 933 3716 defensionem
961 3644 1172 3732 opponente,
1201 3644 1376 3733 protensa.
1405 3640 1519 3712 Multa
1536 3639 1652 3712 millia
1669 3641 1867 3734 utriusque
1884 3664 1932 3716 se-

381 3783 449 3836 xus
476 3762 673 3851 hominum,
701 3780 771 3834 non
799 3762 914 3834 solum
940 3761 983 3834 de
1009 3760 1227 3853 agrestibus,
1255 3760 1316 3834 sed
1342 3763 1378 3834 et
1404 3760 1447 3833 de
1474 3759 1670 3850 nobilibus,
1701 3762 1853 3856 propter
1884 3763 1932 3836 in·

382 3885 560 3974 speratum
587 3901 706 3955 eorum
733 3881 937 3970 adventum,
967 3901 1069 3972 quem
1096 3901 1160 3954 nec
1186 3880 1388 3953 Kanimirus
1414 3879 1581 3954 Poloniae
1608 3881 1705 3970 Rex,
1734 3882 1824 3956 licet
1848 3889 1930 3956 tam·

381 4003 535 4096 pestivo,
564 4007 605 4075 ut
630 4001 892 4094 praemisimus,
921 3997 1076 4093 quinque
1094 4000 1419 4074 denuntiationibus
1439 4000 1614 4089 avisatus,
1643 4021 1708 4075 uec
1727 4003 1932 4094 capitaneus

373 4122 598 4216 ,Kyoviensis
617 4121 790 4195 Martinus
808 4121 1096 4210 Gaetolthovicu,
1117 4122 1255 4194 curavit
1272 4121 1488 4195 innotescere
1502 4121 1547 4210 θ),
1575 4121 1614 4193 in
1632 4127 1845 4213 perpetuam
1866 4145 1931 4198 aar·

370 4244 534 4317 ,vitutem
566 4248 650 4317 sunt
680 4242 824 4316 reducta
840 4241 870 4331 7)
903 4245 939 4314 et
965 4241 1176 4314 venundata.
1210 4240 1376 4316 Podoliae
1406 4241 1503 4334 regio
1529 4241 1568 4314 in
1595 4240 1749 4335 singulis
1785 4246 1859 4320 fere
1885 4246 1931 4316 lo-

383 4364 435 4438 cis
449 4362 494 4455 Β),
523 4365 566 4436 ab
593 4362 733 4436 homine
759 4381 872 4454 usque
898 4361 943 4434 ad
969 4380 1091 4454 pecus,
1120 4362 1294 4450 desolata,
1322 4362 1475 4455 gemitus
1507 4364 1543 4434 et
1570 4361 1732 4454 ploratus
1764 4364 1806 4438 in
1834 4386 1877 4440 ea
1901 4369 1932 4438 et

371 4484 478 4558 aliis·
494 4484 645 4557 Rueeiae
672 4483 777 4572 locis,
810 4503 952 4555 suorum
985 4482 1168 4555 charorum
1200 4486 1329 4556 mortes
1356 4487 1392 4556 et
1419 4480 1663 4572 abductiones,
1698 4484 1744 4557 ab
1772 4483 1849 4574 bie,
1879 4485 1932 4577 qui

373 4603 517 4678 residui
544 4608 659 4693 erant,
688 4602 989 4696 deplangentium,
1019 4607 1055 4676 et
1081 4623 1164 4675 snos
1183 4601 1366 4694 Principes
1385 4606 1489 4695 atque
1507 4607 1659 4676 rectores
1679 4606 1931 4692 execrantium,

370 4745 497 4818 <usque
524 4725 568 4797 ad
594 4723 774 4796 Altiesimi
800 4722 1003 4816 pertingens
1030 4723 1210 4811 thronum,
1240 4722 1464 4796 audiebatur:
1491 4721 1634 4796 interim
1661 4723 1760 4796 iusta
1787 4725 1932 4800 forsitan

369 4845 555 4920 effervens
581 4844 706 4932 rabie,
722 4847 763 4915 ut
789 4842 987 4917 niterentur
1014 4843 1083 4917 sibi
1109 4844 1153 4916 de
1179 4843 1249 4916 alio
1276 4842 1441 4935 Principe
1459 4841 1658 4934 providere,
1687 4843 1872 4934 videntes,
1898 4867 1931 4918 aa

371 4964 598 5056 nouaclum
624 4963 668 5037 ab
694 4983 776 5055 ope,
805 4964 866 5037 sed
893 4963 999 5037 etiam
1027 4963 1121 5036 omni
1148 4982 1210 5055 spo
1236 4963 1438 5038 destitutos.
1471 4962 1662 5056 Gregorius
1691 4964 1931 5057 Leopoliansis

367 5286 371 5294 =
406 5260 409 5268 '
458 5259 475 5268 ''
489 5256 520 5336 ¹¹)
542 5256 658 5318 iduliois
678 5253 743 5318 Ed.
766 5253 858 5339 Lo'p'e.
883 5253 910 5335 ²)
933 5255 1067 5332 Esn'g'gcr
1091 5249 1174 5318 Coa·
1190 5251 1300 5316 Prz'ez.
1315 5252 1351 5334 '⁸)
1373 5253 1438 5315 Rex
1457 5255 1601 5317 Poloniae
1623 5251 1843 5340 Eddana)
1856 5259 1930 5319 auxi·

367 5363 430 5424 :lia
450 5356 515 5432 Ed.
538 5357 633 5443 Lapa.
658 5356 685 5442 ὗ)
709 5355 988 5428 Zbcraeuicne.Ed.
1010 5355 1112 5440 Irr'pra
1131 5353 1334 5433 ‘laetificare
1353 5354 1420 5422 Ed.
1443 5354 1534 5441 luipo.
1559 5355 1586 5438 7)
1608 5359 1745 5422 deducta.
1758 5359 1826 5423 Ed.
1847 5358 1930 5444 Lipr.

390 5463 417 5546 ⁸)
439 5465 502 5526 suis
523 5463 597 5525 loeis
619 5459 682 5524 Ed.
705 5459 799 5545 Lips.
1902 5519 1905 5524 i
