4046 6278
373 572 448 644 404
878 587 990 642 urana
1016 587 1260 641 nuonucnros
1287 568 1400 657 (xrrr).
1634 561 1702 662 (lt
1722 561 1771 636 D.
1792 558 1929 658 1465.)

370 776 477 851 coslai
496 777 522 865 ¹)
534 771 537 778 ’
550 773 831 849 Rathiboriensis
859 772 967 846 Ducis
985 773 1124 860 relicta,
1153 773 1189 844 in
1212 770 1384 845 Rathibor
1402 771 1563 860 moritur,
1584 777 1619 845 ot
1638 771 1675 844 in
1695 767 1924 843 monasterio

372 894 692 969 sanctimonialium
721 892 853 965 ordinis
881 893 1164 965 Praedicatorum
1192 890 1372 984 sepelitur.

763 1245 915 1318 Kannirl
937 1246 1035 1336 llagv'a
1056 1249 1091 1318 in
1113 1246 1281 1337 dungaros
1303 1245 1528 1318 narmctudo.

480 1493 652 1567 Grandem
669 1491 851 1580 iniuriam,
869 1493 1083 1585 grandiaque
1102 1493 1230 1585 spolia,
1251 1492 1452 1566 Karimirus
1471 1493 1638 1566 Poloniae
1656 1493 1735 1566 Ber
1757 1492 1802 1564 ab
1826 1490 1932 1562 Erne-

375 1613 446 1686 rico
475 1613 566 1686 Diak
592 1613 822 1704 gubsmatore
849 1612 1052 1705 Hungariae
1080 1632 1119 1686 eo
1147 1633 1236 1685 anno
1263 1633 1410 1704 passus,
1439 1612 1482 1684 ad
1501 1611 1719 1685 inferendum
1740 1609 1936 1702 Hungaris

375 1732 524 1819 bellum,
554 1731 647 1804 bello
674 1731 827 1823 graviori
854 1733 1044 1804 'lurcorum
1072 1731 1266 1823 occupatis,
1299 1731 1423 1824 perlici
1450 1753 1519 1803 non
1536 1729 1567 1819 Ἃ)
1594 1730 1727 1823 potuit,
1759 1729 1935 1821 quamvis

377 1851 603 1925 exacerbatus
620 1849 663 1939 ³),
702 1851 793 1941 quod
830 1851 1094 1942 Senepusiensis
1122 1855 1157 1924 et
1184 1851 1295 1924 omnis
1332 1850 1555 1924 circumcirca
1590 1851 1808 1922 Polonorum
1841 1849 1936 1940 Regi

378 1969 540 2044 subditus
569 1992 650 2064 ager
677 1969 902 2062 diriperetur,
933 1972 1091 2062 ferroque
1118 1977 1153 2043 et
1180 1971 1260 2064 igne
1288 1971 1323 2043 in
1351 1971 1528 2063 plerisque
1555 1971 1641 2044 locis
1669 1973 1896 2042 vastaretur.

827 2319 1038 2434 ANNUS
1075 2319 1304 2434 DOMINI
1340 2319 1475 2433 1465.

390 2565 542 2656 oppidum
564 2563 661 2636 love
683 2563 810 2636 l’olonir
832 2563 971 2637 deditur.
994 2563 1144 2637 drucllarl
1167 2563 1327 2635 lolam
1350 2565 1506 2650 annul,
1529 2563 1679 2653 praedam
1700 2565 1735 2635 in
1759 2561 1929 2651 stargard

1038 2683 1270 2756 mutabantur.

487 2930 682 3004 Salvatoris
710 2929 821 3002 nostri
853 2929 983 3002 Christi
1016 2931 1105 3003 diem
1138 2931 1289 3002 natalem
1317 2927 1518 3002 Karimirus
1545 2927 1711 3001 Polonias
1738 2927 1822 3001 Rex
1855 2949 1938 3000 cum

383 3055 542 3125 consorte
575 3069 638 3120 sua
665 3047 847 3122 Elisabeth
878 3048 1029 3141 Regina,
1063 3049 1099 3120 in
1114 3049 1146 3138 4)
1175 3049 1297 3122 diebus
1330 3047 1624 3140 subsequentibus
1656 3047 1749 3139 apud
1785 3048 1937 3122 (trodno

383 3169 513 3243 tenuit:
542 3188 655 3260 nequo
682 3167 773 3240 enim
800 3171 941 3258 propter
967 3172 1116 3258 pestem,
1151 3189 1239 3260 quae
1266 3167 1492 3261 grassabatur
1518 3167 1744 3255 Lithuaniae‚
1781 3168 1937 3241 Vilncn-

384 3309 455 3363 sem
483 3287 664 3362 civitatem
691 3291 752 3359 aut
779 3286 850 3359 alic
876 3287 1025 3359 cultiora
1051 3288 1129 3360 loca
1156 3291 1292 3380 poterat
1310 3287 1416 3360 adire.
1446 3287 1499 3359 Ex
1519 3287 1658 3361 tirodno
1677 3293 1797 3361 autom
1817 3289 1938 3362 disce·

383 3409 485 3497 dens,
522 3409 559 3479 in
586 3408 719 3479 Kovno
747 3427 784 3480 ss
811 3406 977 3495 contulit,
1010 3407 1072 3480 ubi
1098 3429 1167 3480 non
1195 3407 1365 3481 mediocre
1396 3407 1522 3480 hiemis
1554 3413 1693 3499 tempus
1724 3409 1866 3500 eregit.
1896 3409 1940 3481 In

384 3533 517 3620 septem
544 3547 679 3600 mensos
695 3525 725 3615 5)
753 3525 871 3618 oppidi
900 3527 1005 3600 Nove
1032 3528 1102 3599 iam
1129 3527 1335 3600 tendebatur
1362 3527 1512 3614 obsidio,
1540 3527 1622 3598 dum
1647 3527 1778 3619 Caspar
1796 3529 1938 3601 Nosth·

386 3649 485 3736 vica,
514 3646 644 3720 Slesita
669 3665 810 3739 genere,
839 3652 874 3719 et
900 3645 961 3738 qui
989 3647 1089 3720 sein
1116 3647 1243 3738 oppido
1271 3647 1465 3738 Ohoynicra
1490 3647 1633 3739 gerebat
1664 3668 1725 3738 pro
1754 3648 1939 3739 praeside,

386 3767 611 3860 sexingentos
639 3772 817 3858 equestres
844 3772 879 3840 et
906 3767 1177 3859 quadringentos
1204 3767 1399 3858 pedestres,
1428 3767 1556 3860 exigua
1574 3767 1744 3854 mercede,
1776 3768 1844 3840 ssd
1864 3789 1939 3839 am-

385 3889 445 3980 pla
471 3885 714 3978 placitatione,
748 3906 791 3958 er
820 3885 1027 3958 Almanniae
1060 3887 1219 3979 partibus
1247 3886 1283 3958 in
1312 3886 1541 3978 Choynicnam
1573 3885 1751 3959 conducit:
1788 3887 1875 3960 illic
1904 3907 1940 3959 se

388 4006 560 4099 spondens
588 4005 721 4097 largius
749 4005 952 4078 donativum
980 4007 1248 4097 praestiturum,
1278 4011 1449 4097 quatenus
1477 4027 1594 4079 eorum
1614 4005 1755 4078 brachio
1777 4005 1939 4079 obsidio·
2020 4053 2021 4108 ,

387 4147 466 4202 nem
494 4125 600 4197 Nove
627 4125 780 4197 tolleret.
815 4124 882 4216 Qui
909 4125 951 4198 ab
978 4125 1105 4198 hiemis
1133 4125 1338 4217 asperitate,
1371 4147 1459 4218 quae
1491 4124 1594 4197 solito
1621 4124 1770 4218 rigidior
1804 4147 1939 4217 prove·
2020 4137 2021 4226 J

387 4250 502 4334 norat,
540 4245 737 4317 itinerando
775 4249 810 4317 et
846 4265 941 4317 arma
972 4245 1009 4317 in
1040 4243 1242 4336 corporibus
1275 4245 1430 4333 terendo,
1465 4246 1685 4318 vshomentor
1718 4244 1871 4332 violati,
1905 4247 1942 4319 in
2020 4239 2021 4306 i

387 4363 617 4457 (lhoyuicuam
644 4364 902 4456 pervenientes,
931 4367 1051 4456 plures
1069 4371 1131 4437 aut
1150 4365 1358 4456 oppetebant
1385 4368 1545 4452 mortem,
1575 4369 1636 4437 ant
1662 4365 1836 4437 diuturno
1858 4387 1940 4439 con·

387 4484 595 4559 ficiebantur
621 4484 804 4576 languore;
832 4485 977 4573 caeteri,
1006 4485 1134 4574 quibus
1161 4485 1330 4577 integrior
1348 4484 1447 4576 vigor
1464 4487 1692 4572 remanserat,
1721 4505 1940 4577 cognoscen-

389 4610 442 4678 tes
470 4625 507 4677 se
534 4625 555 4675 a
581 4604 730 4695 casparo
758 4603 957 4676 Nosthvicn
985 4604 1197 4691 ludificatos‚
1226 4609 1424 4676 remearunt
1450 4605 1494 4675 ad
1520 4603 1671 4694 propria.
1700 4605 1755 4675 Ad
1786 4626 1942 4696 quorum

388 4722 658 4817 repressionem,
688 4722 719 4795 si
746 4723 906 4796 accedere
934 4723 1132 4797 obsidentes
1159 4723 1411 4815 perrexissent,
1446 4743 1489 4795 ox
1518 4721 1678 4795 omnibus
1706 4723 1826 4815 regiae
1859 4746 1940 4817 par·

389 4844 438 4918 tis
466 4841 690 4915 Pruthenicis
706 4842 738 4932 θ)
765 4841 949 4934 praesidiis
977 4843 1125 4932 milites,
1154 4865 1174 4915 a
1201 4843 1346 4915 civitate
1377 4863 1514 4934 quoque
1545 4841 1688 4915 Gdanslr
1716 4843 1940 4934 equestrium

391 4987 431 5038 ac
459 4961 674 5056 pedestrium
702 4982 841 5055 agmen,
871 4968 1118 5051 convenerant,
1147 4985 1224 5036 cum
1252 4961 1412 5034 hostibus
1440 4983 1562 5033 manus
1590 4965 1625 5033 et
1652 4961 1828 5052 praelium
1860 4985 1941 5037 con·

392 5083 531 5161 surturi.
560 5081 702 5157 Obsessi
729 5081 848 5174 itaque
875 5083 968 5174 apud
994 5083 1116 5171 Nove,
1150 5083 1389 5174 intelligentes
1417 5103 1499 5153 suos
1530 5080 1644 5174 rigore
1670 5082 1823 5154 brumali
1857 5104 1939 5156 con·

503 5359 525 5439 ¹)
549 5359 696 5420 Vmcontii
718 5353 781 5420 Ed.
806 5353 898 5440 Lips.
923 5353 948 5433 ¹)
970 5358 1051 5417 nulla
1072 5358 1185 5417 ratione
1207 5352 1270 5418 Ed.
1294 5352 1387 5437 Lips.
1411 5353 1437 5434 ³)
1461 5356 1653 5416 exacerbatus
1668 5359 1748 5416 essct
1762 5350 1825 5414 Ed.
1846 5352 1943 5438 Lipa

397 5463 424 5546 ⁴)
439 5465 508 5526 dum
523 5459 585 5525 Ed.
600 5459 690 5545 Lips.
715 5456 743 5546 ὓ)
758 5463 792 5522 In
808 5464 922 5523 sextum
936 5477 1065 5522 mensem
1089 5455 1150 5521 Ed.
1166 5455 1259 5542 Lips.
1283 5455 1309 5538 θ)
1324 5457 1511 5521 Prothenicis
1530 5457 1666 5535 partibus
1685 5459 1734 5519 vel
1756 5443 1819 5518 Ed»
1847 5455 1943 5542 Life.

2019 4989 2020 5038 l

2018 5039 2020 5084 l

2018 5487 2020 5562 l
