4152 6270
903 549 1019 606 nmmo.
1040 547 1285 606 nuonucnsus
1308 532 1422 623 (riu).
1650 525 1716 634 (Α.
1736 526 1782 608 Ι).
1800 523 1935 632 lm.)

605 850 903 942 seminecem
923 850 963 924 et
985 850 1131 926 oddone
1151 851 1238 926 cirili
1259 851 1344 924 bebo
1365 851 1531 931 turcum
1553 853 1719 928 taccu.

499 1103 687 1175 lurcorum
714 1101 907 1194 Imperator
932 1123 1009 1175 cum
1038 1101 1262 1176 multitudine
1289 1104 1464 1178 exercitus
1487 1105 1629 1179 ueniens
1648 1105 1685 1178 in
1703 1107 1929 1198 opprobrium

397 1223 618 1309 Graecorum,
647 1221 843 1296 aedificarit
870 1227 1021 1296 castrum
1048 1223 1334 1318 inexpugnabile,
1364 1226 1407 1298 ud
1434 1247 1495 1302 sex
1523 1226 1689 1300 milliario
1715 1249 1735 1300 a
1757 1227 1928 1301 Constar-

396 1343 561 1437 tinopoli,
589 1343 625 1417 in
653 1344 783 1418 Stricto
811 1345 934 1434 marie,
961 1347 1053 1438 quod
1071 1345 1190 1420 Sancti
1209 1346 1350 1440 Georgii
1368 1348 1549 1422 brachium
1565 1349 1778 1440 appellatur,
1807 1349 1931 1442 rigore

397 1465 496 1540 euius
522 1465 699 1559 navigatio
727 1470 762 1540 et
789 1467 973 1556 transitus,
1002 1467 1070 1541 nisi
1099 1468 1140 1541 de
1163 1468 1389 1560 permissione
1407 1470 1611 1559 Tuscorum,
1640 1469 1852 1544 intermissa.
1882 1471 1931 1544 Et

396 1593 535 1682 peraeto
571 1593 700 1676 castro,
737 1595 899 1680 posucrat
926 1609 963 1662 se
989 1591 1121 1662 Tuscus
1149 1610 1226 1662 cum
1253 1590 1403 1684 nauigiis
1427 1590 1463 1666 in
1481 1592 1575 1664 latus
1593 1590 1930 1685 Constantinopolis

397 1709 489 1804 quod
515 1709 658 1802 respicit
685 1730 794 1798 mare,
823 1709 1044 1802 opprimendo
1071 1710 1200 1784 dictam
1226 1710 1416 1785 ciuitatem.
1451 1711 1523 1786 Sub
1549 1711 1611 1784 illo
1639 1717 1756 1787 autem
1773 1719 1932 1806 tempore

397 1830 558 1905 seuiebat
584 1851 605 1904 a
631 1831 741 1905 Roma
771 1831 899 1904 missus
921 1853 983 1924 per
1009 1831 1193 1906 Nicolaum
1224 1833 1355 1924 Papam
1382 1833 1541 1926 quintum
1569 1834 1791 1928 Legatusdo
1816 1836 1931 1908 latere

396 1951 433 2026 iu
460 1951 657 2041 Graeciam,
684 1952 841 2026 Isidorus
868 1953 1050 2046 episeopus
1079 1953 1280 2028 sabinensis
1309 1953 1518 2043 dominabis,
1548 1953 1688 2028 natione
1714 1955 1867 2030 Graecus
1894 1961 1932 2028 et

396 2073 675 2168 archiepiscopus
703 2074 916 2167 Kyouiensis
944 2075 1017 2149 sire
1044 2075 1208 2164 Rosciae,
1236 2097 1298 2149 nee
1324 2080 1439 2152 tamen
1456 2081 1598 2170 propter
1620 2078 1811 2152 exercitum
1837 2079 1930 2151 Tur·

396 2217 513 2270 corum
531 2196 679 2270 audebat
698 2194 972 2290 appropinquare
991 2197 1033 2270 ad
1047 2197 1398 2290 Constantinopolim,
1418 2197 1812 2292 Genetantinopclitanis
1826 2199 1930 2292 igna-

395 2315 461 2407 ris,
489 2318 574 2410 quid
601 2319 766 2406 fecerent,
795 2339 857 2392 nec
884 2318 1082 2392 valentibus
1114 2319 1234 2391 iurare
1261 2318 1393 2392 dictum
1421 2318 1654 2408 Gurdinalem,
1688 2319 1750 2413 qui
1777 2319 1813 2393 in
1839 2321 1937 2397 nari

395 2441 469 2514 erat
496 2443 531 2513 et
557 2444 706 2532 quatuor
739 2439 850 2533 galeis
882 2440 1014 2533 grossis
1041 2441 1082 2514 de
1110 2439 1307 2514 mercantiis
1334 2439 1501 2533 inportu
1533 2441 1575 2515 do
1607 2443 1642 2514 la
1668 2443 1788 2530 Petra,
1817 2442 1929 2534 porti-

395 2565 502 2636 nente
524 2561 568 2634 ad
594 2561 784 2635 Ionuonses
804 2562 841 2650 1Ν).
874 2561 978 2634 Venit
1005 2583 1083 2655 ergo
1111 2563 1287 2653 praelatus
1319 2561 1512 2636 Cardinslis
1540 2563 1583 2635 ad
1610 2567 1762 2636 castrum
1789 2561 1866 2657 Rog
1882 2561 1929 2654 ἲ),

395 2683 486 2776 quod
512 2684 589 2757 Rex
624 2683 828 2776 Alphonsus
864 2683 1063 2776 drogonum
1095 2683 1132 2756 in
1159 2683 1380 2776 opprobrium
1418 2683 1665 2758 Saracenorum
1698 2707 1787 2758 anno
1820 2685 1929 2758 etiam

394 2803 457 2878 illo
483 2805 688 2898 perfecerat,
720 2807 857 2896 petens,
891 2810 931 2877 ut
959 2805 1156 2878 Beruordus
1187 2805 1229 2878 de
1256 2805 1351 2878 Villa
1382 2803 1531 2894 Mariua,
1565 2805 1766 2898 capitaneus
1794 2807 1924 2880 elassis

394 2925 502 3021 Regis
533 2925 696 3019 praelati,
737 2925 872 3000 veniret
913 2947 990 2999 cum
1023 2949 1086 2999 sua
1116 2925 1274 3018 potentia
1288 2924 1318 3016 ³)
1351 2931 1385 3000 et
1416 2926 1552 3000 iuuaret
1584 2927 1711 3001 dictam
1743 2927 1925 3002 cirilstem

393 3046 822 3140 constantinopolitanam.
854 3047 920 3140 Qui
937 3047 1098 3140 precibus
1117 3047 1270 3121 eiusdem
1293 3047 1487 3144 cardinalis
1504 3053 1539 3121 et
1557 3050 1768 3122 necessitate
1785 3049 1926 3141 publica

393 3167 667 3243 Christianorum
693 3173 888 3260 permotus,
916 3169 1014 3242 illico
1040 3168 1137 3242 uenit
1163 3190 1241 3241 eum
1269 3168 1448 3244 duodecim
1474 3169 1586 3262 galeis
1615 3169 1689 3242 suis
1716 3175 1751 3243 et
1778 3191 1841 3243 ser
1862 3193 1923 3264 ga·

255 3345 262 3352 .
394 3289 514 3378 lestis,
542 3289 579 3362 id
606 3294 674 3378 est,
702 3288 813 3382 galeis
841 3289 1031 3362 subtilibus
1058 3289 1143 3364 benc
1170 3290 1330 3379 armatis3
1359 3289 1504 3398 dimissa
1526 3291 1724 3382 provisione
1751 3291 1922 3364 defensio-

392 3411 447 3484 nis
474 3410 510 3486 in
529 3413 642 3484 castro
669 3410 804 3504 Rogo,
832 3411 988 3496 aduenit,
1016 3413 1051 3484 et
1070 3411 1209 3484 iunctus
1224 3410 1255 3500 5)
1284 3417 1361 3485 octo
1383 3410 1495 3504 galcis
1525 3411 1735 3485 Venetorum
1753 3416 1788 3484 et
1807 3434 1922 3504 sump-

392 3528 439 3604 tis
457 3531 661 3625 praedictis,
680 3553 768 3604 nare
787 3532 1013 3605 Ionuensium
1028 3531 1059 3622 θ)
1087 3535 1121 3606 et
1140 3537 1290 3624 quatuor
1316 3533 1427 3626 galeis
1446 3533 1728 3621 metuendorum,
1754 3533 1796 3606 ab
1816 3531 1922 3605 omni·

391 3653 457 3727 bus
488 3651 699 3726 unanimiter
731 3653 861 3726 clectus
893 3653 1111 3745 capitaneus,
1143 3652 1242 3726 uenit
1267 3654 1310 3726 ad
1338 3655 1469 3742 locum,
1500 3654 1560 3726 ubi
1592 3654 1724 3726 'lurcus
1757 3675 1836 3726 cum
1862 3675 1922 3724 suc
1968 3661 1973 3694 '

391 3774 548 3867 potentio
574 3777 663 3860 erat,
692 3778 831 3847 etcum
858 3773 990 3866 impetu
1017 3773 1167 3848 terribili
1193 3773 1325 3848 dictum
1353 3775 1502 3847 Turcum
1530 3779 1564 3848 ot
1592 3775 1784 3848 exereitum
1810 3796 1921 3860 suum,

390 3895 482 3969 nibil
512 3897 583 3968 tale
615 3895 865 3988 suspicantem,
902 3895 1084 3984 invadens,
1123 3895 1311 3988 oppressit,
1348 3895 1550 3988 dissiparit3
1583 3903 1618 3969 ot
1644 3895 1724 3968 dato
1753 3894 1917 3988 suffragio

391 4015 543 4106 civitati,
577 4015 776 4090 discurrens
802 4037 864 4108 per
889 4016 997 4090 maria
1024 4017 1087 4089 illa
1114 4039 1192 4090 cum
1220 4017 1294 4091 suis
1321 4017 1434 4090 solum
1471 4017 1639 4110 navigiis,
1676 4038 1739 4090 ser
1765 4017 1920 4109 galeatae

390 4157 530 4232 poscas
556 4137 763 4230 captivarit,
791 4138 911 4229 plenos
939 4138 1059 4210 Tuccia
1085 4139 1274 4212 nobilibus.
1306 4139 1407 4212 Alter
1439 4139 1580 4230 iusuper
1606 4138 1801 4230 Imperator
1837 4138 1920 4209 Tur-

390 4281 509 4333 corum
540 4259 576 4332 in
608 4258 759 4332 Orientis
790 4259 965 4351 partibus,
999 4281 1076 4332 cum
1107 4260 1230 4352 grandi
1261 4260 1417 4352 potentis
1455 4259 1634 4332 obsidebat
1669 4259 1850 4346 Rhodum,
1888 4263 1921 4329 et

390 4381 459 4454 ism
485 4379 651 4474 Magister
677 4379 793 4454 Rhodi
819 4381 1027 4454 necessitate
1054 4381 1279 4467 constrictus,
1312 4381 1453 4472 petebat
1484 4379 1658 4452 cnsilium
1676 4379 1719 4452 ab
1747 4379 1918 4452 omnibus.

390 4501 458 4574 Sed
484 4501 574 4574 alter
600 4501 795 4594 Imperator
818 4501 966 4590 Turnus,
996 4501 1159 4574 inimicus
1186 4501 1395 4590 obsidentis,
1425 4500 1521 4574 venit
1544 4507 1664 4574 contra
1692 4501 1919 4573 obsidentem:

389 4625 425 4696 et
452 4623 542 4694 locta
568 4626 622 4694 cst
648 4627 783 4716 strages
809 4642 932 4716 magna
963 4623 1224 4710 interiorem,
1261 4643 1323 4715 per
1349 4643 1452 4714 quam
1467 4599 1596 4696 'sthodi
1623 4621 1740 4694 insula
1772 4621 1920 4695 liberata

390 4747 455 4815 est.
489 4741 662 4816 Soldanus
694 4742 837 4836 insuper
868 4766 946 4817 cum
977 4744 1127 4817 maximo
1156 4745 1327 4833 exercitu,
1361 4765 1463 4836 quem
1495 4747 1777 4836 praeparauerat,
1807 4742 1918 4815 uenie-

390 4864 450 4937 bat
476 4863 519 4936 ad
547 4865 793 4938 destruendum
820 4871 972 4940 castrum
999 4867 1077 4959 Rog
1092 4866 1138 4956 7);
1167 4865 1408 4960 sedquoniam
1428 4867 1622 4960 Imperator
1642 4865 1833 4937 lurcorum
1851 4884 1918 4935 ma-

388 5007 478 5080 gnus
505 4985 617 5060 hostis
645 4991 721 5060 erat
746 4985 913 5075 soldano,
940 4991 1122 5081 propterea
1148 4986 1252 5060 irruit
1278 4987 1314 5059 in
1344 4987 1533 5060 Soldanum
1557 4991 1591 5060 et
1612 4983 1715 5080 fregit
1730 4983 1918 5074 8benerei-

495 5279 518 5360 ¹)
541 5277 723 5343 Genuenses.
747 5277 810 5343 Ed.
835 5277 927 5365 Lips.
952 5278 976 5360 ²)
998 5267 1067 5342 Kolr
1088 5275 1164 5343 Cod.
1180 5274 1288 5343 Przez.
1312 5279 1338 5358 3)
1361 5284 1507 5358 potestate
1530 5273 1593 5338 md.
1610 5275 1700 5361 Lips.
1719 5275 1747 5356 ⁴)
1760 5278 1829 5338 Kclr
1847 5271 1920 5340 Ood.

387 5377 555 5551 ἑνικά)
578 5385 757 5550 οὲίιινθηῒίε
780 5381 844 5446 Ed.
862 5380 954 5468 Lips.
985 5381 1012 5464 ⁸)
1035 5385 1235 5448 Genuemium
1257 5375 1321 5445 Ed.
1348 5381 1437 5466 Lt‘pe.
1470 5381 1495 5464 ⁷)
1517 5382 1586 5443 Kolr
1610 5373 1686 5444 de.
1710 5377 1819 5444 Praese.
1842 5377 1870 5466 8)
1893 5385 1922 5442 et

420 5493 473 5567 gat
550 5533 558 5552 .
621 5507 674 5574 ps.
