4046 6278
80 539 147 641 (Α.
166 539 212 616 ὓ.
231 540 361 641 taes.)
595 563 708 618 nunus
735 563 981 619 uuomucurus
1008 544 1123 637 (xrrr).
1556 543 1630 618 431

80 864 223 937 lebret
247 863 398 954 oppidum
419 863 582 938 lunanum
604 863 733 938 menn
756 883 799 938 ex
813 869 908 956 parte
929 866 1028 956 legis
1050 864 1202 938 Kammin‘
1225 865 1409 956 interolplt,
1433 868 1469 939 ot
1491 869 1634 940 ombun

621 969 744 1044 leland
767 971 889 1061 regim
912 969 1092 1044 detonsum.

181 1217 247 1290 Die
274 1215 437 1306 Veneris,
466 1216 600 1291 deeima
627 1218 757 1292 mensis
785 1218 939 1312 Aprilis,
968 1218 1144 1292 Iohannes
1172 1218 1315 1294 Skalslri
1342 1219 1496 1312 partium
1514 1219 1628 1316 regia·

77 1359 153 1410 rum
182 1338 274 1429 apud
303 1337 485 1412 Prussiam
517 1339 629 1412 maior
659 1339 862 1432 capitaneus
895 1344 931 1414 et
957 1339 995 1414 in
1023 1342 1051 1414 F
1053 1341 1219 1434 rumborg
1249 1335 1465 1432 tenutarins,
1501 1343 1621 1416 ooadu·

77 1458 170 1532 natis
198 1457 267 1531 sibi
295 1478 339 1531 ex
366 1458 448 1532 aliis
466 1459 582 1552 regiis
610 1459 797 1552 praesidiis
824 1461 999 1554 frequenti
1027 1460 1145 1553 equite
1172 1465 1278 1553 atque
1304 1461 1439 1554 pedite,
1468 1463 1626 1540 Melsnal

79 1578 244 1673 oppidum
271 1579 426 1672 partium
454 1579 757 1670 Orueileriearum,
787 1582 876 1656 olam
903 1585 1010 1656 noete·
1031 1581 1230 1676 ingressus,
1259 1581 1457 1676 intercipit,
1486 1589 1522 1658 et
1539 1585 1629 1658 mul-

78 1701 125 1774 tis
153 1701 320 1791 fortunis,
349 1721 436 1794 quas
464 1699 541 1774 illio
566 1705 723 1795 agrestes
750 1702 794 1774 ad
821 1702 1008 1775 tutandum
1036 1701 1259 1793 invexerant,
1288 1707 1394 1797 atquo
1421 1705 1549 1798 oppido
1567 1726 1628 1799 poa

78 1823 182 1912 titus,
213 1822 398 1914 sexaginta
425 1822 581 1896 hostium
609 1823 816 1916 armigeros,
844 1822 1060 1915 praesidium
1086 1822 1163 1896 illio
1181 1823 1407 1900 observantes
1428 1829 1514 1916 (nox
1533 1827 1626 1900 euim

79 1944 276 2037 pavidiores
308 1944 428 2018 hostes
461 1943 627 2034 iaciebat)
655 1944 823 2037 eaptivat.
858 1945 1019 2039 algebant
1051 1949 1137 2019 tune
1168 1945 1262 2038 apud
1293 1945 1474 2040 Kiusberg
1499 1947 1629 2040 prinoi-

77 2066 175 2158 pales
202 2065 359 2139 hostium
386 2065 561 2157 capitanei
588 2069 623 2140 ot
641 2066 803 2140 duotores
831 2065 1007 2156 ordinum,
1037 2087 1184 2155 moram,
1214 2065 1344 2160 quippe
1367 2067 1484 2142 vocati
1504 2087 1525 2142 a
1545 2068 1629 2143 Gru·-

77 2186 218 2260 oiferioo
245 2186 414 2280 Magistro
442 2186 637 2276 Ludovieo,
656 2190 707 2260 ‘ut
733 2191 862 2262 terram
891 2186 1147 2277 Sambieusem,
1181 2208 1286 2280 quam
1314 2187 1439 2263 elassis
1465 2188 1628 2264 Gdanen·

78 2307 142 2397 sis,
171 2308 386 2400 populatum
411 2306 528 2399 illam,
556 2307 768 2402 ingressura*
786 2312 876 2398 erat,
905 2312 1121 2398 tutarentur,
1149 2307 1237 2382 illue
1259 2313 1505 2385 convenerant.
1535 2303 1630 2403 Quae

78 2428 217 2502 novitas
244 2447 349 2521 super
375 2428 630 2522 interceptione
656 2430 813 2504 Melsualr
839 2430 1038 2516 intellecta,
1067 2452 1137 2504 uon
1164 2449 1265 2504 essue
1293 2435 1333 2505 ot
1355 2430 1565 2525 Magistrum
1594 2436 1630 2506 ot

77 2571 174 2640 suos,
204 2571 308 2643 quarn
335 2571 399 2642 par
426 2553 516 2639 erat,
544 2551 719 2625 turbavit:
748 2550 942 2626 obsidionis
969 2551 1062 2625 eninr
1089 2551 1218 2641 instar,
1247 2555 1350 2644 oapta
1376 2574 1398 2626 a
1423 2553 1530 2647 regiis
1543 2569 1627 2648 gen·

77 2672 172 2746 tibus
200 2671 372 2759 Malenoi,
401 2671 624 2766 intelligebat
651 2692 689 2746 se
715 2671 809 2765 apud
836 2671 1015 2766 Kinsberg
1040 2687 1200 2765 pressum
1220 2671 1277 2747 iri.
1305 2673 1352 2746 Mt
1369 2673 1515 2766 proinde
1534 2675 1629 2748 Hen-

81 2793 196 2867 rieum
225 2793 267 2867 de
294 2792 437 2866 Plaven
465 2791 588 2884 quinta
616 2791 672 2866 die
699 2798 781 2886 post
807 2793 1096 2886 interseptionem
1127 2797 1246 2886 (ratus
1274 2794 1407 2868 milites
1440 2795 1557 2890 regios
1585 2815 1629 2870 ex

77 2913 232 2988 Melsuslr
264 2913 302 2988 in
328 2912 505 3007 praesidia
537 2914 642 2988 solita
674 2914 880 3005 deduxisse,
918 2920 954 2990 et
981 2915 1138 2990 Melsualr
1170 2914 1209 2988 in
1241 2914 1446 3008 laugnidato
1479 2937 1624 2992 numero

76 3035 279 3128 reliquisse)
307 3055 387 3109 enm
413 3034 528 3108 tribus
555 3035 716 3110 millibus
744 3036 960 3129 equestrium
992 3041 1028 3110 et
1053 3035 1271 3130 pedestrium
1298 3035 1335 3110 iu
1362 3036 1519 3111 Melsuak
1544 3037 1625 3112 mit·

77 3157 135 3230 tit:
165 3157 228 3250 qui
255 3155 481 3230 advenientes
500 3157 540 3247 ¹),
569 3178 591 3231 a
616 3156 732 3230 media
758 3162 860 3231 noete
886 3178 998 3252 usque
1016 3157 1061 3231 ad
1077 3156 1236 3232 meridiei
1254 3158 1390 3246 horam,
1419 3157 1457 3232 in
1476 3163 1628 3251 quatuor

77 3278 239 3372 partibus
266 3276 432 3370 oppidum
460 3277 633 3372 aggressi,
661 3277 753 3351 illud
780 3278 865 3353 adeo
893 3278 976 3352 lorti
998 3277 1181 3352 invasione
1199 3277 1470 3374 impugnabant,
1498 3284 1539 3353 ut
1557 3301 1628 3354 una

84 3399 246 3493 disrupta
262 3402 365 3492 portu
378 3396 422 3490 ²),
446 3404 713 3493 reeuperaturos
732 3420 785 3490 so,
811 3399 903 3492 quod
921 3400 1126 3489 amiserant,
1147 3398 1413 3476 existimabant..
1438 3401 1506 3477 Sed
1523 3400 1631 3476 utris·

78 3542 143 3615 quo
169 3541 232 3615 pro
260 3519 409 3594 vintoris
439 3521 697 3611 adnitentibus,
731 3520 888 3594 hostium
921 3521 1062 3596 dueeuti
1089 3520 1127 3594 in
1153 3520 1315 3614 disrupta
1344 3526 1447 3614 porta
1478 3542 1628 3616 superne

76 3643 185 3731 eaesi,
214 3641 343 3728 eaeteri
369 3641 547 3716 vulnerati
575 3645 611 3717 et
636 3641 800 3716 nonnmli
830 3641 936 3735 eapti.
965 3641 1141 3716 Hemieus
1168 3642 1211 3716 de
1237 3643 1379 3718 Plaveu
1402 3643 1627 3718 Commenda-

76 3767 131 3837 tor
158 3763 244 3837 olim
279 3761 522 3856 Mlbingensis,
559 3783 685 3856 magna
711 3762 765 3836 ira
792 3767 829 3837 et
855 3762 974 3837 dolore
1008 3763 1209 3856 persulsus,
1249 3763 1342 3857 quod
1374 3769 1410 3839 et
1441 3785 1480 3840 eo
1507 3765 1625 3858 prohi-

75 3884 178 3960 bente
204 3883 503 3979 impugnationem
530 3883 651 3977 oppidi
677 3883 835 3978 aggressi
861 3885 1016 3975 fuerant,
1046 3888 1081 3958 et
1101 3884 1223 3976 plures
1248 3905 1353 3978 quam
1379 3906 1442 3979 pro
1465 3907 1622 3976 numero,

76 4005 182 4100 regiis
210 4004 385 4079 militibus
413 4003 540 4094 salvis,
571 4004 784 4095 aesiderant,
816 4005 973 4099 grauiter
999 4006 1203 4080 vulneratos
1229 4005 1274 4078 ad
1301 4010 1456 4080 oestrum
1483 4007 1626 4082 Holand

76 4148 136 4220 epe
167 4127 349 4220 impletor,
382 4126 475 4219 quod
506 4125 598 4200 illud
631 4125 734 4200 fueile
761 4126 1011 4220 interoiperont
1043 4130 1078 4200 ot
1109 4126 1330 4201 temerariam
1362 4127 1495 4202 eladem
1532 4127 1626 4221 apud

77 4248 232 4324 Melsualr
258 4252 436 4340 aooeptam
465 4247 603 4322 meliori
630 4247 779 4322 viatoria
805 4247 1035 4341 eorrigerent,
1063 4247 1173 4322 duoit.
1203 4247 1272 4322 Sed
1291 4248 1433 4322 fortuma
1453 4269 1532 4322 enm
1550 4249 1626 4324 loeo

76 4375 211 4444 mutata
236 4390 306 4442 non
332 4374 402 4443 est:
430 4369 541 4442 multo
570 4367 663 4442 enim
688 4370 808 4462 plures
835 4369 928 4444 eirea
946 4370 1102 4459 Holsnd,
1131 4369 1214 4444 dnm
1234 4369 1438 4444 temerarius
1454 4367 1485 4460 3)
1514 4369 1623 4444 simu·

75 4493 189 4566 lantes
216 4512 253 4566 se
279 4489 426 4584 pavidos
454 4495 490 4564 et
517 4491 619 4583 quasi
645 4489 811 4565 resistere
838 4512 909 4564 non
935 4512 1056 4581 ausos,
1090 4491 1223 4564 milites
1258 4489 1374 4584 regios
1407 4495 1623 4584 oppugnant,

77 4612 286 4687 oooiderant
311 4612 369 4685 Ita
395 4611 565 4705 Magister
590 4611 757 4686 Prussiae
783 4610 985 4686 Ludovious
1011 4633 1120 4684 unum
1148 4610 1370 4704 dispendium
1389 4614 1552 4705 satagens
1570 4631 1623 4685 rs·

77 4732 248 4822 soindere,
277 4732 405 4820 altero,
433 4751 543 4825 aeque
570 4753 711 4826 magno,
740 4732 903 4823 obrutus,
931 4731 1108 4827 geminum
1135 4730 1296 4824 pertulit.

190 5005 214 5094 ¹)
245 5009 302 5086 Qui
332 5011 362 5070 iu
392 5009 546 5073 Melsohak
575 5009 768 5072 advenientes
802 5003 866 5071 Ed.
897 5005 991 5092 nipe.
1028 5007 1054 5088 ς)
1083 5012 1168 5085 parta
1200 5001 1278 5069 ooo.
1311 5003 1421 5069 Prm.
1456 5003 1485 5088 ³)
1515 5011 1626 5068 temore

77 5107 139 5184 Ed.
164 5109 254 5196 Ilipa.
1400 5129 1401 5134 κ
