4126 6280
400 533 474 608 172
907 555 1021 610 urens
1047 555 1294 610 nuonnomrus
1320 537 1434 628 (xrrrt.
1670 535 1735 634 (Α.
1756 534 1802 610 D.
1822 532 1943 635 1454.)

403 745 486 832 „eut
503 741 652 816 alienari
670 741 929 834 permittemus,
954 746 1018 816 aut
1035 743 1305 818 consentiemus.
1335 743 1603 832 Promittantes,
1624 745 1780 836 praefato
1801 745 1944 816 Domino

402 862 603 954 ,Kaeimiro
631 862 721 956 Regi
746 868 783 936 et
810 862 885 938 suis
913 863 1174 938 successoribus
1202 863 1358 958 Regibus
1386 864 1569 952 Poloniae,
1606 863 1644 938 iu
1677 865 1839 938 omnibus
1872 865 1944 937 feli·

403 983 523 1075 „cibus
543 983 770 1074 cledistete,
791 989 827 1058 et
846 984 1113 1077 quibuscunque
1132 985 1288 1072 casibus,
1309 1005 1389 1077 ope,
1409 985 1600 1077 praesidio,
1626 986 1773 1060 oonsilio
1793 993 1829 1060 et
1848 986 1944 1058 auxi-

403 1105 489 1196 ,lio‚
518 1105 670 1180 fideliter
696 1109 817 1180 contra
844 1126 1070 1198 quoscunque
1099 1126 1218 1179 eorum
1245 1106 1365 1179 hostes
1393 1113 1428 1178 et
1455 1105 1692 1196 adversarios,
1722 1112 1757 1180 et
1776 1128 1945 1199 quascun-

404 1247 492 1318 ,que
511 1247 677 1318 personas
696 1226 953 1302 ecclesiastices
972 1227 1029 1302 rel
1048 1228 1260 1315 saeculares,
1281 1248 1488 1319 quecunque
1507 1229 1751 1320 praefulgeant
1765 1227 1946 1322 dignitate,

405 1347 710 1438 „communitates
747 1348 1014 1436 universitates,
1052 1353 1087 1422 et
1115 1347 1295 1442 signanter
1330 1353 1452 1422 contra
1488 1349 1695 1442 Magistrum
1724 1355 1758 1423 et
1786 1349 1948 1423 Ordinem

406 1469 602 1562 ,quondam
629 1468 811 1558 Prussiae,
840 1468 1074 1558 Almauuiae,
1097 1469 1282 1559 Livoniae,
1312 1469 1463 1542 fideliter
1481 1469 1596 1542 animo
1615 1477 1651 1544 et
1668 1471 1789 1558 rebus,
1818 1476 1855 1543 et
1873 1491 1948 1542 eum

406 1590 553 1681 „effectu
581 1590 765 1678 assistere,
799 1595 833 1663 et
859 1591 1004 1678 bonum,
1037 1590 1142 1680 utile,
1177 1591 1393 1664 commodum
1421 1576 1456 1664 et
1482 1591 1668 1664 honestum
1696 1592 1855 1664 eiusdem
1882 1592 1947 1664 Do·

406 1710 515 1802 ,mini
547 1710 719 1784 Karimiri
750 1710 859 1804 Regis
883 1711 911 1801 1)
948 1715 983 1785 et
1019 1731 1161 1784 suorum
1194 1731 1433 1784 successorum
1467 1712 1605 1804 Regum
1632 1712 1816 1801 Poloniae,
1850 1712 1950 1786 iuxta

406 1832 520 1922 ,riree
553 1837 589 1906 et
615 1832 791 1925 potentias
823 1836 961 1906 nostras
993 1837 1185 1920 extremas,
1219 1834 1371 1921 efficere,
1406 1832 1555 1925 dirigere
1588 1839 1624 1906 et
1654 1855 1856 1926 procurare,
1891 1855 1951 1906 nec

406 1975 581 2046 ,unquam
600 1952 867 2045 quibuscunque
886 1955 1015 2042 colore,
1045 1958 1136 2042 orte,
1165 1953 1389 2042 necessitate,
1420 1973 1518 2040 casu,
1540 1954 1804 2046 opportunitate
1822 1955 1881 2028 vel
1900 1954 1949 2026 in·

406 2073 545 2166 „genie
573 2075 769 2166 praelatum
797 2074 983 2148 Dominum
1013 2073 1231 2148 Karimirum
1259 2075 1391 2167 Regem
1419 2080 1454 2148 et
1482 2096 1563 2148 suos
1591 2096 1809 2149 successores
1838 2076 1952 2168 Reges

406 2193 610 2285 „Poloniae
640 2198 675 2268 et
703 2195 870 2270 Coronam
901 2193 1070 2270 Poloniae
1102 2195 1276 2284 deserere,
1310 2200 1371 2269 aut
1403 2194 1441 2266 in
1473 2195 1744 2287 praeiudicium,
1778 2198 1954 2269 laesuram

407 2316 486 2404 „rel
518 2314 684 2390 offensam
715 2315 911 2408 praesentis
943 2315 1172 2390 subiectionis
1200 2321 1235 2391 et
1262 2315 1453 2390 deditionis
1486 2321 1642 2407 nostrae,
1677 2339 1757 2390 cum
1784 2317 1954 2410 Magistro

407 2439 464 2526 ,et
491 2435 634 2526 Ordine,
664 2442 699 2510 et
726 2435 906 2530 Magistris
934 2437 1144 2512 Almanniae
1171 2441 1206 2510 et
1233 2436 1420 2526 Lirouiae,
1449 2437 1587 2529 aliquos
1615 2443 1805 2527 tractatus,
1834 2459 1953 2512 recon-

407 2555 644 2647 ,oiliatioues,
673 2556 938 2650 inscriptiones,
969 2557 1160 2645 amicitias,
1189 2557 1342 2646 foedera,
1372 2559 1547 2650 colloquia
1574 2560 1631 2634 rel
1650 2580 1846 2647 sermones,
1875 2560 1955 2632 abs·

408 2699 498 2770 ,que
524 2677 679 2754 airusalem
711 2678 852 2754 Domini
876 2678 985 2772 Regis
1009 2678 1177 2752 Poloniae
1209 2677 1355 2751 licentia
1386 2679 1532 2770 speciali
1559 2681 1616 2753 rel
1645 2701 1836 2766 consensu,
1864 2679 1954 2753 inire

408 2819 490 2891 „per
518 2821 555 2872 se
583 2800 643 2874 rel
674 2820 900 2893 quoscunque
932 2799 1137 2880 summissas
1173 2820 1354 2892 personas,
1384 2799 1515 2874 directe
1542 2801 1600 2874 rel
1622 2799 1808 2889 indirecte,
1839 2801 1956 2892 palam

407 2921 487 3012 ,rel
513 2919 748 3010 clandestine,
777 2921 908 3013 absque
935 2921 1015 2994 dolo
1043 2922 1101 2994 rel
1128 2921 1263 3009 fraude,
1302 2921 1367 2994 sub
1395 2921 1462 2994 fide
1490 2927 1525 2993 et
1552 2921 1692 2994 honore.
1721 2921 1785 2994 Oui
1814 2921 1956 3012 quidem

407 3039 651 3131 ,serenissimo
688 3040 862 3133 Principii,
900 3061 978 3116 cum
1015 3041 1167 3134 primum
1198 3040 1379 3134 ingressus
1412 3042 1518 3116 fuerit
1550 3046 1661 3116 terras
1698 3041 1883 3129 Pruesiae,
1912 3041 1957 3112 ad

409 3183 529 3251 ,suam
561 3159 843 3254 requisitionem,
876 3163 979 3254 plene
994 3159 1025 3252 2)
1053 3161 1325 3254 praestabimus,
1360 3169 1606 3254 praestareque
1637 3161 1887 3254 astringimus,
1915 3163 1955 3233 fi-

409 3279 607 3372 „delitotis
636 3281 865 3358 subiectionis
893 3285 929 3358 et
956 3282 1189 3372 obedientiae,
1227 3288 1395 3376 perpetuo
1411 3281 1442 3373 ³)
1470 3282 1642 3374 corporali
1670 3282 1880 3374 interposito
1901 3283 1956 3354 iu-

410 3407 604 3493 ,rameuto,
632 3402 834 3497 homagium
849 3402 919 3493 4)“.

405 3757 498 3832 birse
520 3757 668 3832 l’rmrlae
691 3761 830 3849 quotuor
852 3775 943 3832 aroer
966 3759 1162 3850 principales
1184 3759 1373 3832 renouant.
1396 3760 1543 3832 metrum
1565 3759 1766 3848 luneubmg
1789 3759 1961 3832 obediant

1105 3881 1256 3970 aradam.

508 4125 653 4220 Legatis
680 4127 846 4202 Prussiae
873 4125 910 4202 in
938 4126 1079 4219 propria
1105 4128 1255 4202 reversio
1282 4149 1361 4202 cum
1389 4128 1541 4200 maxima
1558 4129 1798 4221 gratulatione
1818 4135 1852 4202 et
1869 4151 1958 4222 gau-

404 4248 462 4322 dio
490 4268 674 4322 occursum
700 4251 769 4333 est,
798 4253 833 4322 et
861 4267 987 4340 magua
1018 4247 1155 4322 laetitia
1186 4248 1341 4322 omnium
1369 4248 1571 4338 civitatum,
1605 4249 1783 4322 conclusio
1811 4255 1847 4323 et
1874 4272 1958 4323 oon-

406 4367 593 4444 summatio
611 4389 674 4460 per
692 4369 821 4461 Regem
837 4366 868 4457 5)
897 4373 1054 4460 accepta,
1088 4370 1263 4442 celebrata
1295 4374 1360 4442 est.
1394 4369 1475 4442 Illis
1499 4374 1616 4443 autem
1636 4371 1730 4462 apud
1757 4371 1888 4463 Regem
1920 4372 1959 4443 in

404 4489 572 4564 cracovia
604 4489 916 4578 commorantibus,
950 4494 1100 4582 quatuor
1131 4494 1247 4564 caetra
1273 4489 1498 4583 principalia,
1532 4490 1698 4564 videlicet
1725 4491 1866 4563 Thoruu
1894 4515 1959 4562 no·

284 4661 294 4672 .
406 4631 505 4699 rum,
534 4609 693 4696 Gdanslr,
721 4608 853 4702 Rlbing
871 4615 906 4684 et
924 4610 1116 4703 Kiusberg,
1145 4632 1207 4702 per
1233 4610 1328 4684 eires
1355 4611 1522 4686 demolita
1541 4617 1635 4684 eunt.
1666 4612 1808 4702 Quasi)
1836 4612 1957 4684 demo·

405 4727 484 4804 litio
512 4751 581 4804 nou
608 4725 722 4804 solum
749 4730 929 4806 Kaaimiro
956 4731 1046 4824 Regi
1074 4735 1109 4804 et
1136 4730 1212 4806 suis
1240 4731 1469 4820 consiliariis,
1499 4732 1559 4805 sed
1587 4737 1622 4806 et
1650 4731 1829 4806 nobilibus
1848 4733 1958 4804 Prus-

516 5055 539 5138 ¹)
560 5057 652 5135 Regis
667 5057 808 5118 Poloniae
830 5053 893 5119 Ed.
918 5053 1010 5140 Lipe.
1036 5057 1061 5138 ς)
1085 5059 1202 5134 plenam
1224 5055 1288 5119 Ed.
1312 5054 1402 5140 cepo.
1427 5056 1453 5138 ³)
1470 5063 1499 5120 et
1514 5059 1700 5120 obedientiae
1718 5065 1879 5137 perpetuae
1893 5057 1961 5121 Ed.

408 5155 499 5244 Le’pe.
524 5157 550 5235 4)
573 5159 679 5221 Actum
702 5165 732 5220 et
753 5159 853 5221 datum
876 5161 906 5220 in
929 5160 1066 5240 Thomu,
1098 5149 1172 5221 feria
1194 5161 1324 5222 secunda
1339 5162 1473 5238 proxima
1495 5167 1563 5238 post
1584 5161 1770 5224 Dominicam
1792 5163 1960 5240 Ramispal·

407 5281 521 5325 marum
546 5262 583 5323 A.
605 5263 644 5322 D.
670 5265 763 5326 1454.
794 5260 892 5326 Vide.-
914 5265 1076 5341 Privilegia
1098 5264 1152 5324 der
1173 5265 1301 5325 Staeude
1324 5264 1377 5324 dee
1398 5266 1652 5342 Herozogthumbs
1668 5269 1825 5328 Pronoean.
1849 5268 1961 5328 Bruue-

403 5367 518 5444 bergae
544 5369 641 5446 1616,
660 5385 738 5450 pag.
764 5371 813 5446 16,
837 5375 865 5432 et
887 5368 1030 5445 Degislii:
1061 5367 1161 5432 Codex
1190 5369 1396 5446 diplomaticus
1419 5369 1515 5445 Regni
1544 5371 1695 5432 Poloniae.
1726 5371 1832 5432 Vilnae
1867 5375 1962 5433 1764.

410 5471 495 5534 Tem.
518 5469 569 5532 1v.
589 5489 667 5554 pag.
695 5473 765 5531 149.
788 5469 814 5552 ⁵)
836 5489 890 5548 per
912 5471 1087 5534 Oasiminrm
1109 5472 1250 5534 Poloniae
1272 5471 1384 5548 Regem
1399 5469 1462 5534 Ed.
1482 5469 1575 5554 Lips.
1598 5470 1624 5552 6)
1640 5473 1771 5546 Quorum
1786 5471 1849 5536 Ec.
1866 5471 1962 5558 Lipa.
