4264 6280
390 518 437 588 34
521 585 524 592 ,
899 539 1013 590 nrann
1039 537 1285 589 nuonncnrns
1313 517 1427 607 (arn).
1664 511 1946 612 (am-1447.)

388 744 473 813 copo
508 722 718 808 Gnesnensi,
754 723 905 814 Sbignee
939 722 1178 810 (lraceviensi,
1215 722 1356 793 Andreas
1387 720 1619 792 Poenaniensi
1651 728 1686 792 et
1717 721 1829 793 Paulo
1862 721 1945 792 Ple-

388 843 499 927 censi,
521 843 706 933 episcopis.
736 843 781 913 m
801 843 883 914 dum
903 849 996 914 esset
1015 863 1121 933 prope
1141 844 1305 913 thronum
1340 841 1408 912 sibi
1432 841 1524 913 circa
1543 841 1570 928 ¹)
1597 840 1810 931 praetorium
1843 861 1944 931 prae-

388 977 569 1054 paratum,
599 963 712 1034 Duces
741 963 917 1034 Mascviae
945 962 1165 1034 Wladislaus
1194 967 1229 1034 et
1257 963 1442 1032 Boleslaus
1477 967 1595 1032 tenere
1622 961 1782 1032 dextram
1809 966 1946 1051 partem

388 1083 510 1154 lateris
537 1082 625 1174 regii
642 1080 674 1170 2)
703 1083 835 1167 conati,
865 1105 904 1154 ae
931 1104 992 1172 per
1018 1084 1083 1153 hec
1111 1083 1225 1153 lecum
1246 1102 1351 1172 super
1369 1081 1554 1172 pontifices
1582 1081 1742 1152 altiorem
1763 1080 1882 1152 sortiri
1899 1077 1944 1168 ³),

389 1225 518 1274 novum
539 1203 666 1274 scisma
694 1203 936 1287 introducunt,
975 1201 1202 1292 pontificibus
1235 1200 1271 1271 id
1290 1222 1359 1272 nen
1380 1200 1589 1286 ferentibus,
1619 1200 1679 1271 sed
1708 1199 1944 1272 incontinenti

391 1323 492 1394 iactis
512 1323 673 1414 perprius
702 1323 810 1393 variis
839 1321 1065 1407 tractatibus,
1096 1342 1116 1391 a
1143 1321 1238 1412 Rege
1253 1321 1285 1408 4)
1313 1320 1351 1391 in
1378 1321 1497 1391 domes
1531 1341 1649 1392 eorum
1666 1319 1696 1408 5)
1734 1319 1944 1392 discedenti-

390 1444 467 1514 bus.
497 1443 575 1514 Rex
604 1443 853 1516 molestissime
882 1463 999 1514 eorum
1027 1441 1220 1512 discessum
1250 1441 1379 1527 ferens,
1418 1460 1481 1511 nee
1509 1441 1673 1510 thronum
1703 1440 1771 1512 sibi
1799 1461 1945 1530 praepa·

390 1572 505 1634 rutum
526 1564 699 1646 aseendit,
729 1585 792 1634 nee
819 1562 1020 1653 homagium
1049 1561 1225 1632 aeivibus
1250 1561 1359 1650 cepit,
1389 1559 1448 1630 sed
1468 1566 1590 1649 gyrato
1616 1559 1747 1630 circulo
1775 1560 1945 1647 civitatis

391 1685 434 1754 ad
454 1695 607 1755 castrum
636 1683 750 1754 tristis
778 1683 895 1754 rediit.
931 1682 1100 1773 Sequenti
1138 1701 1219 1752 vero
1247 1681 1303 1751 die
1332 1681 1446 1751 Duces
1474 1678 1650 1750 Maseviae
1680 1701 1804 1770 magra
1831 1679 1947 1750 tenuit

392 1803 624 1894 poenitentia,
654 1805 745 1894 quod
773 1803 955 1894 pontilices
984 1823 1027 1873 ex
1056 1803 1131 1872 loco
1160 1801 1271 1890 prime
1305 1807 1340 1871 ot
1370 1799 1541 1890 superiori
1565 1799 1697 1888 pellere
1725 1799 1945 1871 nitebantur:

343 1965 345 1972 ·
392 1945 470 1994 crum
488 1924 524 1994 in
545 1924 705 1995 omnibus
744 1922 919 2008 concilim,
949 1920 1240 1994 conventionibus
1275 1927 1309 1992 et
1337 1918 1648 2005 universitatibus,
1678 1920 1862 2008 pontifices
1896 1921 1945 1990 le·

392 2065 470 2114 cum
498 2044 762 2116 eminentiorem
790 2064 913 2132 capere
941 2042 1039 2113 soliti
1068 2047 1162 2112 sunt.
1193 2041 1401 2132 Pignoratao
1432 2041 1577 2128 insuper
1596 2039 1734 2110 inerant
1752 2039 1809 2110 die
1828 2040 1947 2110 eodem

393 2163 596 2234 monasterii
626 2163 846 2234 Thinciensis
862 2164 905 2251 ⁶),
934 2169 1136 2235 recusantes
1165 2163 1247 2234 dare
1276 2163 1365 2254 Regi
1389 2182 1478 2232 nove
1495 2162 1524 2250 ⁷)
1545 2161 1735 2232 stationem
1754 2160 1946 2250 insolitam,

394 2282 529 2372 aliquot
556 2282 676 2354 villae.
706 2281 757 2354 Ob
786 2303 889 2373 quam
918 2282 1083 2354 iniuriam
1108 2281 1306 2354 rusticanae
1325 2281 1473 2352 feminae
1501 2281 1667 2352 villarum
1699 2282 1945 2372 praelatarum,

398 2424 462 2474 sua
489 2423 612 2494 pecora
644 2403 694 2476 eis
723 2403 841 2474 ablata
883 2408 1040 2490 secutae,
1079 2403 1219 2475 fletibus
1257 2407 1292 2474 et
1328 2402 1494 2474 lamentis
1532 2401 1733 2473 nniversam
1767 2402 1948 2474 aeclesiam

395 2524 674 2610 cracoviensem,
703 2523 740 2594 in
768 2545 805 2594 re
832 2523 954 2594 divina
982 2529 1065 2595 tunc
1093 2529 1313 2614 occupatam,
1343 2528 1378 2594 et
1396 2523 1628 2612 impleverant
1648 2527 1683 2592 et
1701 2523 1947 2610 turbaverant;

394 2643 645 2715 molestissima
680 2664 817 2734 queque
849 2665 904 2715 res
937 2643 1101 2734 plurimis
1133 2643 1211 2714 visa
1243 2648 1312 2730 est,
1347 2642 1438 2733 qnod
1471 2641 1673 2714 Kanimirus
1706 2643 1783 2715 Rex
1816 2644 1948 2715 talibus

395 2763 536 2834 iniuriis
566 2785 667 2834 suum
695 2763 938 2856 Principatum
966 2763 1173 2834 initiaverit.

462 3119 641 3190 Karinirns
664 3119 733 3190 dcx
756 3136 776 3189 s
798 3117 927 3190 llicelce
950 3119 1035 3207 Papa
1058 3118 1187 3208 quinte,
1211 3118 1261 3188 cni
1284 3118 1504 3189 obedientiam
1527 3118 1716 3190 schismatis
1740 3121 1885 3208 tempere

977 3241 1162 3328 praestitit,
1185 3239 1250 3310 tric
1272 3239 1368 3327 petit.

501 3484 605 3558 Faria
634 3485 757 3577 quinta
784 3491 863 3578 post
891 3485 1117 3558 Visitationis
1151 3486 1299 3558 Sanctae
1333 3483 1522 3575 nerisca),
1551 3485 1672 3558 habita
1700 3485 1951 3558 deliberatione

399 3627 476 3678 curn
505 3606 672 3697 praelatis
701 3611 735 3678 et
762 3607 952 3679 baronibus
977 3607 1090 3698 Regni
1112 3607 1167 3677 sui
1196 3606 1362 3677 Poloniae
1390 3606 1426 3677 in
1455 3607 1597 3678 (lamera
1616 3606 1726 3697 picta,
1747 3606 1950 3678 Kanimirns

399 3727 493 3814 Rex,
522 3727 579 3799 cui
606 3747 648 3799 eu
677 3726 812 3798 dnobus
845 3727 1136 3799 contendentibus
1164 3727 1205 3797 de
1234 3727 1387 3817 Papatu,
1417 3727 1627 3818 praestanda
1663 3705 1756 3799 esset
1788 3726 1951 3798 obedien·

400 3847 466 3934 tia,
496 3868 539 3918 an
567 3846 732 3918 videlieet
759 3847 871 3918 Felici
899 3848 1015 3938 Papae
1040 3847 1179 3938 quinte,
1209 3867 1271 3936 per
1298 3847 1491 3918 Concilium
1516 3846 1713 3918 Basiliense
1738 3849 1864 3936 electe,
1886 3848 1947 3939 qui

401 3966 576 4039 Gobannis
593 3965 636 4054 9),
656 3972 759 4057 prout
778 3965 853 4038 eius
873 3967 1105 4039 Serenitatem
1125 3972 1280 4038 crateres
1305 3967 1468 4054 Consilii,
1488 3967 1654 4038 videlicet
1673 3967 1842 4059 Magister
1861 3968 1951 4040 llar-

401 4109 462 4159 cus
491 4086 664 4173 Bonifilii,
694 4086 730 4156 in
758 4087 948 4178 Theologia
976 4088 1159 4179 Magister,
1196 4089 1237 4160 de
1267 4087 1461 4176 Catalonia,
1497 4095 1532 4160 et
1560 4087 1759 4159 Stanislaus
1789 4088 1952 4160 Sebnev-

401 4208 456 4279 ski
493 4207 720 4297 Praepositus
757 4207 1000 4294 Tridentinus,
1038 4208 1203 4298 petebant
1235 4211 1270 4279 et
1301 4208 1542 4298 requirebant,
1581 4228 1625 4278 an
1658 4206 1804 4279 Nicolao
1838 4209 1954 4300 Papae

402 4329 540 4420 quinto,
576 4327 637 4418 qui
668 4329 799 4398 Romae
831 4328 1053 4418 praesidebat
1081 4333 1115 4400 et
1143 4329 1203 4418 qui
1232 4329 1361 4420 [legem
1396 4329 1509 4399 solum
1541 4349 1603 4419 per
1631 4328 1755 4400 literas
1783 4329 1826 4400 de
1853 4349 1953 4420 prae·

403 4449 528 4519 standa
552 4447 749 4520 obedientia
767 4448 917 4520 habebat
936 4452 1112 4540 rogatum:
1143 4448 1225 4520 iecit
1244 4469 1305 4539 pro
1326 4449 1472 4520 Nicolae
1493 4449 1649 4520 Romano
1670 4449 1952 4538 declarationem,

402 4569 637 4660 praelatorum
670 4573 704 4639 ot
729 4569 897 4638 baronum
932 4567 1146 4659 aliquorum,
1181 4568 1310 4659 optime
1343 4590 1404 4660 pro
1439 4568 1645 4659 republica
1677 4570 1953 4658 consulentium,

404 4689 466 4778 qui
493 4688 696 4758 dilationem
734 4709 810 4758 esse
847 4689 1055 4760 securiorem
1093 4689 1325 4775 deducebant,
1361 4689 1523 4761 suasione
1556 4689 1761 4780 improbata.
1801 4689 1953 4781 Quorum

405 4808 533 4900 spretis
562 4807 736 4895 consiliis,
766 4808 955 4880 declaratio
984 4809 1052 4880 fuit
1081 4814 1216 4896 secuta,
1245 4808 1484 4899 nominatique
1513 4811 1655 4881 luerunt
1682 4811 1799 4881 nuntii
1823 4811 1867 4881 ad
1888 4811 1953 4883 Pa·

513 5011 535 5088 1)
558 5015 641 5072 iuxta
663 5007 724 5074 Ed.
756 5012 844 5096 Ls‘ps.
869 5011 895 5091 ²)
917 5015 1018 5073 lateris
1043 5013 1178 5072 Casimiri
1200 5013 1292 5089 Regis
1315 5010 1378 5074 Ed.
1406 5010 1493 5095 Lips.
1524 5011 1547 5092 ³)
1571 5033 1606 5074 ac
1628 5033 1681 5090 par
1703 5015 1760 5076 hoc
1781 5015 1892 5076 habere
1914 5018 1956 5076 lo·

404 5136 470 5178 enm
494 5117 673 5192 superiorem
696 5135 786 5192 snpra
807 5117 964 5177 Pontifices
986 5113 1049 5176 Ed.
1077 5113 1168 5197 Lips.
1201 5113 1226 5193 4)
1250 5136 1269 5176 a
1291 5117 1494 5192 Oasimircque
1520 5117 1601 5193 Rege
1624 5115 1686 5178 Ed.
1711 5115 1801 5200 Lipe.
1835 5116 1861 5192 β)
1887 5138 1957 5179 suas

404 5217 467 5281 Ed.
492 5217 582 5300 Lips.
608 5216 634 5292 θ)
652 5220 827 5280 Tineeensis
852 5215 927 5281 Geel.
951 5217 1061 5280 Przez.
1095 5217 1120 5296 7)
1146 5219 1289 5280 Oasimiro
1311 5238 1388 5279 novo
1410 5221 1486 5295 Regi
1508 5217 1571 5280 Ed.
1595 5217 1686 5302 Lips.
1712 5219 1737 5299 ⁸)
1760 5227 1828 5297 post
1849 5223 1958 5283 festum

404 5321 591 5382 visitationis
614 5323 740 5382 Sanctae
762 5323 874 5383 Mariae
897 5323 1028 5399 Virginis
1050 5319 1113 5382 Ed.
1139 5319 1228 5403 Lipe.
1254 5320 1279 5402 ⁹)
1303 5323 1353 5398 qui
1376 5323 1406 5381 in
1422 5325 1580 5384 solitudine
1595 5323 1735 5401 Ripariae
1751 5324 1958 5386 Gebcnuensis

405 5427 573 5506 Dioecasis,
596 5427 653 5485 iam
676 5445 695 5485 e
716 5427 850 5503 pluribus
873 5427 958 5486 annis
980 5425 1103 5486 honeste
1126 5427 1357 5486 conversabatur
1378 5423 1441 5487 Ed.
1467 5423 1556 5508 [Αἶρε.
