4082 6284
388 545 467 624 326,
899 567 1012 624 arans
1036 529 1282 632 uuounonrus
1309 554 1422 642 (xm).
1669 551 1737 652 (Α.
1758 552 1803 626 D.
1825 550 1942 648 1461.)
2000 539 2003 544 ’

388 759 485 829 retur
509 753 735 845 receptatori‚
765 757 933 845 exceptus
961 759 996 826 et
1022 775 1092 827 nna
1119 775 1197 828 oum
1225 755 1381 828 Iohanne
1409 756 1543 828 seniore
1567 758 1746 850 Dlngoscln
1765 759 1940 832 canonico

390 874 627 962 cracoviensi,
656 874 713 948 cui
741 873 856 946 uarias
884 874 1031 947 insidias
1059 875 1243 948 constabat
1269 875 1479 963 instructas,
1509 898 1598 950 anno
1617 879 1699 969 plus
1718 901 1826 970 quam
1847 879 1938 951 inte-

386 1017 448 1089 gro
468 995 504 1067 in
524 1001 639 1068 castro
658 993 826 1067 Melsthiu
854 994 1014 1068 omnibus
1042 995 1249 1070 necessariis
1276 995 1486 1082 liberaliter,
1516 999 1698 1088 splendide
1725 1007 1762 1072 et
1785 1000 1940 1072 iucunde

387 1121 575 1204 tractatus,
605 1118 768 1206 totiusque
792 1121 862 1204 est,
891 1115 1127 1208 appellatione
1152 1115 1338 1208 capitulari
1358 1139 1427 1189 non
1447 1116 1619 1190 obstante.
1649 1120 1759 1192 Nemo
1780 1119 1939 1192 virorum

387 1236 629 1309 timoratorum
657 1244 692 1308 et
719 1235 927 1327 peritorum,
956 1234 1096 1308 Divinis
1124 1257 1161 1310 ae
1180 1235 1325 1312 miscere
1344 1237 1493 1324 audens,
1521 1239 1775 1329 profanationis
1795 1246 1833 1312 et
1851 1240 1937 1312 irre-

332 1425 334 1432 ,
386 1355 589 1448 gularitatis
618 1355 696 1426 labe
724 1375 761 1427 se
789 1355 902 1446 pollui
929 1355 1149 1428 abhorrebat.
1180 1355 1398 1447 Quapropter
1425 1357 1553 1429 missae
1581 1358 1746 1444 maiores,
1777 1365 1938 1432 caeterae

386 1498 441 1550 res
469 1475 624 1560 diuinae,
653 1475 827 1547 Praelatis
855 1481 890 1546 et
918 1474 1100 1548 canonicis
1129 1475 1417 1548 Cracoriensibns
1451 1476 1680 1568 illaqueatum
1708 1499 1746 1551 so
1774 1479 1821 1551 iri
1851 1479 1937 1550 irre-

386 1597 577 1689 gularitate
604 1595 806 1668 verentibus
834 1600 868 1668 et
895 1595 1074 1667 aDivinis
1101 1594 1376 1682 abstinentibus,
1410 1618 1471 1686 per
1503 1597 1651 1670 vicarios
1681 1603 1756 1670 tum
1784 1619 1892 1691 aegre
1913 1601 1938 1686 ¹)

293 1771 296 1777 .
386 1717 634 1807 explebantur:
663 1715 820 1807 plerique
849 1716 939 1788 enirn
969 1736 1012 1788 ex
1040 1715 1115 1787 illis
1143 1716 1210 1790 uiri
1239 1715 1411 1803 timorati,
1441 1717 1601 1808 quamvis
1629 1739 1721 1790 mors
1751 1725 1785 1791 et
1805 1719 1935 1791 exilia-

385 1837 436 1909 tio
464 1840 753 1928 proponerentur,
782 1837 985 1909 nullatcnus
1013 1837 1057 1908 ad
1084 1857 1156 1909 rem
1184 1835 1339 1908 divinam
1363 1837 1599 1927 exequendam
1618 1838 1738 1910 induci
1757 1844 1936 1929 poterant.

386 1957 608 2048 Arguebatur
636 1961 670 2028 et
697 1956 870 2028 Iohannes
899 1957 1082 2047 episcopus
1110 1956 1420 2030 Wladislaviensis
1446 1957 1661 2049 aplerisque
1681 1958 1860 2030 timoratis
1883 1959 1934 2030 ri-

385 2076 450 2162 ris,
480 2076 571 2166 quod
599 2081 732 2148 tantam
761 2076 943 2149 saeuitiam
967 2077 1003 2148 in
1028 2076 1121 2149 viros
1149 2077 1424 2165 ecclesiasticos,
1454 2077 1555 2166 nulli¹
1573 2077 1718 2150 facinori
1747 2079 1935 2163 obnoxios,

385 2217 454 2268 non
482 2196 557 2268 sine
586 2196 803 2268 memorabili
836 2197 1016 2283 scandalo,
1049 2197 1086 2268 in
1114 2198 1227 2270 multa
1259 2196 1422 2270 scandala
1454 2197 1665 2268 traducendo
1698 2197 1933 2288 depromeret.

385 2318 434 2388 dt
461 2315 537 2407 ipse
565 2337 699 2388 ornnem
727 2317 865 2407 culpam
893 2317 930 2388 in
956 2317 1147 2390 Iohannem
1180 2316 1377 2389 Luthkonis
1412 2316 1737 2390 vicecancellarium
1752 2315 1796 2406 ἲ),
1837 2318 1935 2408 quod

385 2435 538 2508 omnium
558 2437 646 2509 toret
664 2437 809 2524 artilex,
838 2441 1088 2510 commentator
1107 2440 1141 2508 ot
1160 2440 1361 2530 suggestor,
1390 2457 1479 2528 qnae
1505 2437 1715 2528 agebantur,
1745 2437 1934 2524 malorum,

385 2557 620 2648 retorquebat.

403 2911 583 2982 kazimirus
604 2910 675 2982 ilex
695 2910 832 2982 rnilitum
854 2910 1095 3000 indignatione,
1118 2912 1218 2999 etqm
1239 2909 1367 2998 ingenti
1389 2908 1553 2980 seditione
1577 2911 1692 2982 ronna
1715 2908 1844 2980 riou
1867 2910 1912 2981 do

440 3031 635 3104 Sobanotuli
658 3032 871 3104 eutulanum
892 3031 1142 3104 lornanionrem
1165 3032 1280 3101 exona
1301 3030 1483 3116 perculsus,
1506 3029 1657 3100 licentiat
1679 3029 1870 3101 exeritum.

486 3277 624 3350 Statius
651 3278 694 3350 ad
721 3277 950 3370 Ohoynioaam
977 3277 1156 3351 Karimiro
1184 3277 1280 3371 Rege
1308 3277 1345 3350 in
1372 3277 1447 3349 dios
1474 3276 1673 3369 quindecim
1701 3276 1930 3368 producente,

382 3397 536 3471 militurn
563 3397 698 3470 animos
724 3397 859 3491 gravis,
888 3398 948 3470 sed
976 3398 1071 3470 iusta
1090 3397 1285 3491 indignatio
1304 3397 1465 3485 incessit,
1494 3397 1716 3489 querentium
1735 3417 1772 3469 se
1790 3396 1835 3468 ed
1853 3403 1929 3468 tor-

381 3539 499 3608 porem
526 3539 595 3590 non
622 3517 800 3606 militiam,
830 3518 873 3590 ad
900 3517 1091 3591 ludibrium
1118 3539 1187 3591 uon
1214 3519 1258 3590 ad
1284 3518 1432 3606 bellum,
1461 3518 1584 3590 ductos
1612 3539 1704 3605 esse,
1733 3537 1843 3608 eaque
1862 3537 1927 3588 cx-

381 3639 558 3731 peditione
584 3640 688 3730 longo
715 3637 858 3730 gravius
877 3659 914 3710 se
934 3639 1029 3729 ipsos
1055 3639 1180 3732 grandi
1207 3639 1365 3730 impensa
1383 3643 1418 3712 et
1437 3638 1561 3730 fatiga,
1582 3657 1685 3729 quam
1704 3638 1823 3710 hostes
1842 3658 1927 3708 con·

382 3759 527 3832 audisse.
557 3758 624 3832 Sed
652 3763 687 3831 et
714 3757 978 3850 agarcionibus
1006 3759 1124 3832 valida
1139 3758 1169 3849 3)
1197 3759 1445 3832 vociteratione
1472 3757 1658 3831 consilinm
1685 3756 1821 3850 regium
1848 3777 1927 3830 car·

380 3879 561 3970 pentibus,
599 3879 680 3970 plns
717 3899 821 3969 quam
857 3879 1001 3972 indigna
1036 3901 1105 3952 vox
1137 3885 1172 3952 et
1199 3879 1422 3971 exprobratio
1454 3877 1723 3964 exaudiebatur,
1760 3883 1862 3949 nocta
1891 3883 1929 3949 et

382 3998 552 4071 interdiu:
586 3999 665 4070 Zla
696 3999 863 4088 rada⁴).
896 3999 974 4072 Rex
1001 4001 1076 4092 ipsa
1105 3999 1322 4075 Kauimirus.
1357 4021 1424 4090 quo
1456 3999 1601 4091 gradum
1634 4001 1801 4084 verteret,
1836 3997 1927 4068 satia

381 4119 606 4206 anxiebatur,
635 4139 713 4190 curn
733 4124 768 4190 et
786 4125 975 4191 autumnus
1003 4125 1198 4212 appeteret,
1229 4131 1264 4193 et
1286 4121 1375 4193 coeli
1398 4119 1623 4210 intemperies
1651 4118 1808 4210 pluriam
1841 4117 1926 4189 nire

379 4237 526 4310 mixtam
559 4238 682 4311 diebus
714 4237 848 4330 aliquot
880 4239 1089 4329 producens,
1124 4239 1315 4313 exercitum
1348 4261 1450 4312 suum
1487 4238 1587 4327 adeo,
1617 4243 1658 4309 ut
1689 4237 1852 4309 nonnulli
1887 4236 1925 4307 ri

378 4358 508 4451 algoris
541 4358 845 4451 extinguerentur,
885 4359 1063 4452 fatigaret,
1097 4365 1132 4434 et
1162 4361 1274 4452 pudor
1305 4381 1374 4433 non
1407 4358 1636 4431 subveniendi
1671 4357 1840 4444 obsessis,
1879 4357 1925 4428 ad

379 4479 471 4569 quod
497 4500 605 4550 unum
633 4478 765 4550 indicta
793 4484 867 4553 eret
895 4479 1088 4571 expeditio,
1120 4487 1242 4573 pectus
1274 4481 1407 4572 regium
1435 4480 1634 4552 lacesseret.
1668 4478 1753 4550 Sero
1780 4477 1922 4550 undem

378 4598 533 4686 consilii,
562 4598 653 4689 quod
681 4598 749 4672 sibi
777 4599 962 4672 cracoviae
988 4600 1107 4692 agenti
1133 4600 1308 4674 Iohannes
1336 4598 1569 4672 Thanozinslri
1596 4599 1812 4671 eaetellanus
1838 4598 1920 4670 cra-

378 4718 550 4791 coviensis
569 4717 808 4809 praestiterat,
829 4724 1001 4810 qnatenus
1016 4741 1056 4792 ea
1070 4725 1220 4808 aestate,
1241 4719 1396 4813 generali
1415 4719 1637 4812 expeditione
1652 4723 1824 4791 terrarum
1838 4739 1919 4790 sua-

376 4859 453 4910 rum
481 4837 625 4926 omissa,
653 4837 845 4911 tertonibus
865 4839 907 4912 ab
926 4839 1089 4912 universo
1109 4841 1229 4933 Regno
1256 4839 1422 4932 receptis,
1450 4839 1584 4914 bellum
1606 4859 1669 4930 per
1686 4838 1918 4912 mercenarios

376 4957 509 5031 milites
536 4956 814 5047 administraret,
841 4960 1058 5050 recordatus,
1088 4981 1223 5033 omnem
1251 4981 1451 5052 processum
1470 4959 1704 5052 expeditionis
1722 4957 1917 5051 praesentis

375 5077 573 5150 damnabat.
603 5076 876 5151 Subrentionem
900 5080 1040 5152 tandem
1058 5079 1294 5172 pecuniariam
1313 5080 1356 5153 ab
1374 5079 1538 5152 universo
1558 5079 1732 5166 exercitu,
1762 5099 1830 5170 qua
1847 5077 1914 5148 duo

484 5351 505 5431 ¹)
528 5371 618 5430 aegre
640 5358 737 5414 tamen
758 5349 822 5414 Ed.
849 5349 937 5435 Lipo.
962 5351 988 5431 ²)
1010 5354 1290 5415 vicecancellarinm
1304 5354 1400 5431 Regni
1415 5350 1478 5416 Ed.
1496 5350 1585 5436 Lips.
1610 5351 1634 5432 ³)
1656 5353 1789 5431 spuerio
1810 5349 1911 5431 mandi

374 5452 438 5518 Ed.
461 5452 552 5538 Dipo.
576 5453 602 5536 ⁴)
625 5456 741 5535 vulgari
762 5457 865 5534 lingua
887 5456 941 5517 Zla
961 5457 1044 5520 rada.
1066 5452 1129 5517 Ed.
1151 5454 1242 5539 Lipa.
