4264 6280
174 549 240 652 (Α.
260 550 305 626 D.
325 550 453 652 rece.)
687 577 801 632 umus
827 578 1073 632 ucouacrune
1101 559 1212 650 (aur).
1674 561 1721 634 69

172 759 359 836 consilium
386 762 559 834 cumillis
578 767 708 836 teneat.
737 763 833 856 Rege
850 764 970 856 itaque
990 765 1018 854 ¹)
1045 767 1235 853 annuente,
1265 764 1303 837 in
1326 765 1466 838 domum
1496 765 1636 857 plebani
1655 767 1723 858 (ibi

172 884 265 956 enim
293 883 486 976 hospitium
514 884 810 977 archiepiscopale
838 888 928 973 orat,
963 891 997 958 ct
1025 885 1101 957 illic
1128 883 1282 975 partium
1309 884 1452 958 Maioris
1475 886 1642 961 Peloniae
1661 888 1721 962 ha-

171 1025 273 1077 renas
302 1008 552 1092 convenerant)
580 1003 669 1076 itum
698 1008 767 1092 est;
795 1026 914 1079 omues
943 1009 1059 1078 tamen
1082 1005 1229 1078 barones
1249 1004 1531 1080 cracoviensinm
1555 1008 1722 1100 partium,

175 1126 367 1198 castellane
383 1123 414 1214 ι)
434 1130 468 1198 ιι
481 1125 639 1216 palatino
663 1125 952 1199 cracoviensibus
968 1125 1010 1215 ³),
1035 1126 1140 1200 Petro
1160 1125 1392 1200 cdrovvansch
1411 1125 1636 1219 Leepeliensi
1663 1151 1723 1220 pa·

172 1246 301 1334 latine,
330 1247 504 1318 duntaxat
530 1247 808 1336 remanentibus,
837 1247 880 1320 ab
907 1247 1110 1320 huiusmodi
1137 1245 1275 1338 privato
1302 1245 1449 1320 consilio
1473 1247 1722 1324 excluduntur.

173 1369 219 1440 Et
247 1367 450 1440 exclusione
480 1369 588 1455 facta,
617 1367 716 1440 tristi
743 1389 827 1442 vece
855 1372 889 1440 et
916 1369 1020 1439 vultu
1049 1373 1244 1459 queruntur
1271 1388 1309 1440 ιι
1333 1367 1489 1440 Praelati
1517 1370 1725 1447 alborense

174 1487 318 1560 Maioris
345 1486 512 1560 Peloniae
538 1509 602 1578 per
629 1487 837 1580 dignitatem
870 1488 1113 1562 cardinalatus
1147 1487 1298 1580 Sbigneo
1323 1487 1544 1562 Oraceviensi
1563 1491 1725 1583 episcope

174 1610 352 1697 collatam,
382 1610 564 1699 depressos
592 1612 627 1681 et
654 1610 876 1682 vehementer
903 1608 1095 1680 diminutes
1124 1629 1216 1696 esse,
1246 1629 1450 1700 omnemque
1477 1611 1617 1702 culpam
1646 1611 1724 1684 Sbi-

175 1751 263 1821 gneo
291 1728 468 1802 cardinali
495 1727 697 1819 imponunt3
725 1733 851 1820 regant
877 1729 1008 1822 Regem
1023 1729 1067 1818 ⁴),
1100 1749 1144 1801 ne
1171 1728 1207 1800 iu
1232 1729 1457 1820 opprobrium
1485 1735 1521 1804 et
1547 1736 1724 1806 contume-

175 1850 261 1922 liam
287 1871 423 1938 oerum,
451 1849 634 1942 permittat
662 1849 714 1921 eis
740 1851 830 1922 hauc
857 1849 1022 1924 iniuriam
1050 1848 1209 1942 irrogari.
1238 1847 1441 1924 Karimirus
1466 1855 1582 1926 autern
1602 1853 1680 1926 Rex
1696 1851 1727 1941 5)

174 1971 257 2044 huie
284 1992 402 2044 oerum
429 1969 595 2062 petitioni
621 1970 658 2042 in
686 1971 779 2042 hune
807 1971 946 2042 medum
974 1991 992 2044 ι
1020 1970 1160 2063 regione
1183 1969 1380 2061 respondit:
1408 1971 1576 2046 Precibus
1595 1977 1631 2048 et
1648 1994 1726 2064 per·

176 2091 399 2164 suasionibus
427 2112 489 2183 ege
518 2091 691 2181 quondam
719 2091 848 2163 vestris
876 2095 1009 2179 metue,
1039 2112 1108 2164 nen
1136 2089 1252 2162 literis
1279 2092 1409 2180 selum,
1439 2093 1499 2166 eod
1524 2098 1559 2166 et
1578 2075 1726 2182 nuntiis,

181 2213 363 2286 Summum
395 2211 603 2284 Pontificem
635 2211 821 2299 versabam,
855 2217 895 2284 ιι
927 2212 1101 2302 capellum
1133 2211 1283 2304 Sbignee
1318 2211 1480 2305 episcopo
1508 2213 1728 2289 cracoviensi

176 2332 316 2406 mittere
343 2331 560 2419 distulisset,
594 2331 630 2404 in
659 2352 737 2404 cum
770 2333 890 2420 finem,
924 2335 965 2404 ut
997 2331 1222 2420 discerdiam,
1257 2353 1346 2423 quae
1374 2332 1617 2410 verisimiliter
1644 2335 1729 2408 oriri

177 2453 478 2545 praesumebatur,
507 2453 596 2525 boue
625 2451 745 2525 ordine
773 2452 1056 2544 composuissem.
1086 2453 1216 2526 Verum
1243 2472 1286 2526 ex
1315 2475 1383 2543 que
1412 2454 1529 2545 Papae
1553 2455 1657 2530 aliter
1676 2456 1727 2528 vi-

177 2597 254 2646 sum
283 2578 353 2662 est,
383 2577 417 2647 et
445 2573 601 2664 capellus
629 2571 759 2646 missus
793 2577 996 2664 assumptus
1025 2574 1125 2662 ιιιθ)
1154 2578 1188 2646 ιι
1216 2580 1397 2664 acceptus,
1431 2596 1501 2647 uon
1528 2574 1613 2648 licet
1640 2575 1728 2649 mihi

176 2699 297 2768 centra
324 2693 572 2766 authoritatem
600 2691 764 2766 maiorem
793 2693 987 2766 calcitrare.
1016 2693 1139 2785 Neque
1166 2694 1250 2766 adeo
1268 2699 1393 2784 petens
1413 2716 1507 2784 sum,
1536 2700 1577 2772 ut
1594 2696 1727 2788 possim

177 2815 247 2907 ipsi
275 2814 426 2906 Sbigneo
458 2812 667 2904 dignitatem
700 2834 799 2886 suam
832 2813 988 2906 legitime
1021 2813 1089 2888 sibi
1116 2815 1297 2904 collatam,
1334 2814 1528 2893 detrahere.
1566 2815 1610 2892 In
1637 2818 1728 2892 banc

177 2933 389 3008 senteutiam
407 2937 443 3006 et
461 2955 482 3005 a
500 2934 708 3023 castellane,
738 2933 965 3025 palatineque
984 2935 1294 3023 cracoviensibus,
1322 2935 1406 3009 item
1427 2957 1447 3008 a
1465 2937 1623 3028 palatine
1642 2939 1729 3012 Leo·

176 3053 329 3148 poliensi
355 3055 460 3128 Petro
488 3052 736 3143 Odrewanseh,
765 3054 854 3128 itum
882 3059 952 3142 est,
981 3061 1016 3128 et
1042 3056 1205 3148 pluribus
1232 3055 1451 3147 respectibus
1479 3061 1514 3130 ιι
1538 3057 1729 3138 evidentis-

178 3175 278 3249 simis
305 3174 502 3250 rationibus
529 3194 736 3265 persuasum
763 3175 938 3248 Praelatis
967 3179 1002 3248 ct
1028 3176 1219 3249 baronibus
1251 3175 1396 3250 Maioris
1427 3176 1611 3268 Pelorida,
1639 3177 1732 3252 nibil

176 3297 319 3370 illatum
347 3296 397 3368 eis
425 3295 574 3369 iniuriae
607 3317 698 3370 osse:
727 3302 762 3370 et
790 3297 881 3388 quod
913 3317 969 3370 ros
1001 3297 1086 3371 haec
1117 3298 1217 3370 nullo
1244 3298 1396 3371 humane
1425 3296 1543 3370 studio
1571 3303 1606 3371 ιι
1632 3297 1729 3391 ingo·

177 3417 254 3504 nie,
283 3417 385 3488 iuxta
413 3436 531 3488 aerum
559 3421 764 3508 conceptus,
798 3417 958 3509 abrogari
986 3422 1048 3490 aut
1075 3417 1205 3490 variari
1237 3421 1368 3508 posset.
1401 3415 1478 3490 Hac
1504 3417 1731 3509 responsione

181 3537 320 3625 audita,
350 3535 474 3608 maiori
492 3535 612 3608 delere
631 3537 883 3610 accenduntur:
912 3538 1100 3612 credebant
1127 3538 1220 3610 enim
1248 3557 1332 3612 suae
1364 3536 1521 3628 opinioni
1552 3537 1684 3630 Regem
1699 3536 1730 3626 ⁷)

179 3663 215 3732 ιι
241 3659 324 3745 ιιι,
354 3655 415 3748 qui
443 3677 521 3730 eum
540 3657 637 3749 Rege
654 3656 772 3730 relicti
804 3661 918 3746 erant,
947 3657 1054 3730 etiam
1081 3657 1236 3750 partium
1263 3656 1545 3730 cracoviensium
1571 3657 1729 3744 barones,

180 3781 298 3852 farere
316 3797 523 3869 magnopere
541 3777 714 3850 debuisse.
738 3777 958 3850 Dissolvitur
976 3777 1095 3870 itaque
1114 3777 1300 3851 consilium
1318 3777 1521 3852 huiusmodi
1539 3776 1729 3868 privatum,

178 3902 215 3972 ιι
241 3897 398 3969 Praelati
425 3897 640 3990 bareneequc
669 3897 814 3970 Maioris
842 3897 1009 3972 Peloniae
1041 3919 1115 3972 rem
1142 3898 1256 3990 ipsam
1284 3896 1444 3972 videntes
1471 3897 1627 3989 undique
1651 3918 1731 3970 con·

179 4025 235 4091 tra
263 4039 365 4090 suum
392 4017 611 4109 propositum
639 4018 786 4105 firmari,
822 4018 978 4110 tepidius
1005 4019 1106 4092 illam
1132 4023 1405 4111 prosequuntur.
1438 4018 1593 4090 Berones
1621 4016 1731 4108 siqni-

179 4140 257 4212 dem
292 4137 447 4230 partinm
484 4137 766 4211 cracoviensium
803 4139 1006 4212 exclusione
1043 4161 1107 4212 sua
1134 4161 1155 4212 a
1182 4137 1329 4212 consilio
1365 4138 1504 4230 privato
1540 4137 1733 4229 plurimum

178 4259 327 4346 irritati,
357 4279 492 4346 omues,
517 4258 618 4349 quasi
637 4258 692 4330 vir
710 4280 819 4348 nnus,
848 4261 885 4332 in
903 4259 1098 4351 hospitium
1117 4258 1262 4352 Sbignei
1286 4258 1483 4332 cardinalis
1502 4257 1730 4332 conveniunt:

179 4379 242 4451 ubi
269 4379 311 4451 de
339 4378 542 4451 exclusione
570 4400 634 4452 sua
660 4383 696 4454 ιι
723 4379 887 4456 dedecere
915 4379 967 4452 eie
994 4401 1056 4472 per
1083 4379 1227 4454 Maioris
1255 4378 1422 4452 Peloniae
1446 4377 1665 4452 consiliarios
1684 4377 1732 4450 ir-

179 4504 318 4592 rogato,
349 4498 465 4590 questi
483 4499 646 4590 pluribus
666 4501 883 4573 sermonibus
915 4505 1035 4573 centra
1067 4501 1149 4573 illes
1182 4500 1344 4573 absentes
1371 4503 1448 4570 tum
1475 4497 1608 4571 invecti
1636 4502 1731 4587 sunt,

181 4624 218 4692 ιι
245 4619 423 4706 concordi,
452 4619 696 4712 communique
723 4620 870 4696 consilio
898 4627 933 4694 et
959 4622 1143 4696 voluntate
1170 4622 1311 4695 firmant
1338 4624 1374 4692 et
1392 4617 1621 4707 concludunt,
1650 4619 1729 4690 nul-

182 4742 324 4813 latenus
360 4739 577 4831 permittere,
616 4745 656 4812 ιι
684 4740 803 4832 aliqua
830 4740 1025 4814 adversitas
1053 4742 1095 4814 de
1123 4744 1257 4814 caetere
1294 4739 1471 4813 cardinali
1487 4738 1518 4829 8)
1546 4739 1732 4832 irrogetur,

181 4881 297 4952 neque
326 4859 402 4934 sine
428 4859 491 4932 ille
519 4880 574 4934 res
602 4860 764 4952 publicae
792 4865 1003 4950 tractentur,
1032 4865 1227 4936 asserentes
1255 4881 1292 4934 se
1318 4881 1388 4934 uon
1417 4879 1517 4934 secus
1545 4859 1644 4934 illius
1672 4881 1732 4930 au-

292 5167 315 5249 ¹)
337 5171 420 5247 Rege
442 5170 544 5247 itaque
567 5170 710 5231 casimiro
733 5167 796 5233 Ed.
825 5167 919 5253 ceps.
951 5168 977 5249 Ω)
1000 5171 1111 5230 Ioanne
1141 5169 1179 5230 de
1209 5169 1325 5230 cziuow
1354 5167 1524 5229 castellane
1553 5163 1617 5228 Ed.
1641 5163 1735 5250 Lipa.

182 5274 344 5354 cleantis
366 5274 403 5334 de
428 5273 562 5351 'lhaczin
584 5274 720 5336 Palatino
744 5274 940 5336 Oraoovieuse
962 5269 1025 5334 Ed.
1049 5270 1142 5354 La'pe.
1174 5269 1200 5352 ⁴)
1222 5273 1335 5349 Regem
1358 5271 1532 5332 cnsimirum
1554 5267 1617 5332 Ed.
1641 5267 1733 5354 Lipe.

183 5375 211 5462 ὖ)
234 5379 377 5440 Peloniae
398 5377 462 5438 Rex
484 5373 546 5438 Ed.
572 5373 663 5458 Lips.
688 5373 715 5455 ι)
738 5381 907 5453 assumptas
930 5377 969 5439 eit
991 5373 1053 5438 Ed.
1077 5373 1170 5458 Lapa.
1196 5374 1223 5454 7)
1250 5375 1424 5439 Oasimirnm
1438 5375 1549 5450 Regem
1563 5370 1628 5436 Ed.
1644 5370 1734 5458 Lapa.

184 5479 211 5560 Β)
235 5481 366 5557 Sbignco
389 5479 539 5542 Oardiuali
560 5475 624 5544 Ed.
647 5475 737 5560 Ie'pe.
