4082 6284
388 547 462 625 ele
894 569 1006 624 mene
1032 568 1277 624 nuonncmrus
1304 551 1418 643 (xm).
1653 544 1720 648 (A
1742 549 1787 622 D.
1809 545 1939 646 1482.)
2014 541 2018 546 ’

427 871 571 942 sumne
593 867 744 942 Pontifex
766 871 839 942 linc
862 871 1026 943 secundm
1048 871 1369 944 wretirlericnrttur
1391 889 1448 961 pro
1469 871 1633 943 lldelitato
1654 871 1689 942 in
1711 871 1906 956 talariam,

745 992 879 1063 lutilaoi
902 993 1040 1081 medam
1062 991 1104 1064 ed
1126 993 1267 1082 quinque
1290 1009 1395 1064 aanor
1416 993 1576 1064 concedit.

490 1240 557 1311 Pro
577 1241 665 1312 festo
686 1239 806 1312 Sancti
830 1240 998 1311 Iohannis
1017 1240 1202 1332 Baptistae
1225 1241 1296 1328 die,
1327 1241 1500 1312 secundus
1528 1239 1680 1313 Iubilaci
1708 1240 1805 1331 apud
1835 1239 1941 1311 Wra-

388 1359 614 1432 tislauienses
642 1360 809 1452 agebatur
836 1381 965 1431 annus:
995 1360 1342 1433 Wratislaviensinm
1374 1362 1466 1433 enim
1495 1361 1624 1433 civium
1651 1361 1732 1433 fidei
1762 1362 1880 1433 zelum
1910 1371 1943 1432 et

389 1479 641 1568 sinceritatem,
671 1481 763 1570 quod
791 1480 978 1573 Georgium
1007 1481 1195 1554 Bohemiae
1222 1483 1369 1574 Regem,
1398 1483 1579 1555 haereseos
1608 1482 1685 1554 labe
1713 1482 1941 1573 inquinatum

389 1599 583 1692 suscipere,
613 1604 768 1672 extrema
796 1601 901 1672 etiam
929 1601 1089 1692 perprius
1118 1602 1317 1690 toleraturi,
1346 1603 1640 1690 detrectaverant,
1661 1602 1831 1674 Summus
1851 1603 1942 1673 Pon-

389 1719 480 1790 tifex
505 1721 601 1811 Papa
619 1721 704 1791 Pius
724 1722 763 1808 ¹),
792 1721 954 1793 Irnilrono
969 1719 1000 1810 ²)
1030 1721 1137 1812 (quod
1165 1723 1284 1795 erebra
1310 1722 1567 1814 pollicitatione
1586 1723 1703 1814 Papae
1723 1724 1942 1808 firmaverat)

391 1860 460 1910 non
493 1839 675 1913 abdicante
709 1861 857 1928 errores,
890 1841 1163 1932 praemiatnrns,
1198 1842 1234 1913 in
1267 1863 1376 1914 annos
1409 1843 1563 1934 quinque
1595 1842 1748 1914 lubilaei
1775 1842 1942 1935 gratiam,

390 1981 410 2030 a
436 1960 560 2050 primis
589 1961 762 2031 duntaxat
795 1960 958 2051 Vesperis
990 1982 1052 2052 pro
1080 1961 1136 2034 die
1164 1962 1283 2034 Sancti
1317 1962 1484 2034 Iohannis
1514 1963 1712 2053 Baptistae,
1746 1963 1790 2034 ad
1821 1983 1942 2034 secun-

390 2079 452 2151 das
480 2080 700 2167 duraturam,
726 2081 912 2167 concessit,
938 2081 1118 2169 ordinans,
1147 2087 1187 2153 ut
1214 2083 1380 2174 pecuniae
1407 2103 1469 2174 pro
1497 2083 1659 2171 arbitrio,
1689 2083 1861 2174 consequi
1890 2083 1942 2154 in·

389 2199 607 2291 dulgentiam
640 2201 849 2286 volentium,
878 2200 914 2272 in
942 2221 1065 2292 capsas
1097 2202 1330 2292 reponendae,
1364 2201 1499 2273 duabus
1526 2203 1685 2294 partibus
1714 2203 1752 2275 in
1780 2203 1943 2276 aedifica-

389 2317 503 2392 tiones
523 2319 764 2407 ecclesiarum,
793 2321 1021 2412 hospitalium
1042 2327 1077 2393 et
1096 2321 1271 2412 pontium,
1298 2323 1660 2414 sustentationemque
1679 2345 1868 2415 egenorum
1890 2343 1942 2395 re-

390 2439 555 2526 servatis,
584 2462 664 2531 pars
693 2441 797 2512 tertia
825 2440 1011 2513 collectori
1039 2443 1229 2532 apostolico
1258 2443 1294 2513 io
1322 2442 1597 2516 aedificationem
1623 2443 1802 2516 Basilicas
1822 2444 1943 2515 Sancti

390 2559 488 2631 Petri
515 2561 556 2633 de
586 2561 680 2634 Urbe
707 2560 954 2648 convertenda,
984 2561 1258 2653 consignaretur.
1289 2562 1555 2654 Propinquitate
1581 2563 1701 2654 itaque
1729 2564 1799 2635 loci
1829 2570 1865 2635 ct
1894 2565 1942 2634 ta-

390 2678 526 2752 cilitate
554 2681 731 2772 impensae
759 2681 890 2756 Christi
911 2681 1030 2753 fideles
1050 2681 1217 2772 permoti,
1238 2682 1272 2753 in
1293 2683 1521 2754 multitudine
1540 2683 1623 2754 adeo
1644 2685 1822 2774 frequenti
1841 2683 1943 2754 Wra

391 2799 567 2871 tislariam
597 2822 639 2873 ex
668 2801 868 2892 regionibus
896 2800 1040 2886 vicinis,
1069 2803 1253 2892 praecipue
1282 2809 1398 2874 tamon
1417 2823 1460 2874 ox
1480 2803 1645 2874 Poleniae
1670 2803 1793 2894 Regno
1814 2825 1941 2874 conve-

391 2925 530 3006 nerant,
560 2925 600 2991 ut
627 2919 715 2992 vicis
744 2929 779 2990 et
806 2920 934 3011 plateis
966 2921 1127 3012 repletis,
1162 2921 1237 2994 sine
1269 2943 1433 3012 pressura
1465 2944 1533 2993 non
1565 2929 1746 3014 pateretur
1778 2923 1942 3014 cariquam

391 3058 561 3112 incessus.

722 3395 885 3466 Iohannes
907 3393 1034 3466 hacta
1056 3395 1226 3484 epiecopus
1248 3397 1446 3468 dhclneneie
1467 3397 1611 3468 noritur.

496 3642 670 3714 Iohannes
704 3641 967 3734 cognominatus
995 3643 1150 3730 Kraska,
1179 3643 1363 3734 episeopus
1390 3644 1622 3730 dhelmeusis,
1651 3644 1693 3715 de
1721 3644 1825 3715 domo
1853 3643 1941 3715 Bili-

392 3785 531 3850 narum,
561 3783 639 3834 cum
667 3763 703 3834 in
724 3763 875 3835 Sabbato
903 3763 1058 3836 Paschae
1085 3763 1194 3836 sacris
1223 3765 1418 3851 ordinibus,
1443 3763 1480 3835 in
1498 3763 1625 3854 oppido
1644 3763 1869 3835 Kraonistau
1887 3785 1940 3835 ce·

392 3883 555 3970 lebratis,
584 3882 621 3954 in
649 3883 885 3974 Hrubyesnow
901 3881 932 3971 ³)
959 3883 1095 3955 Pascha
1114 3884 1270 3972 Domini,
1299 3883 1390 3976 qnod
1409 3888 1492 3955 tunc
1510 3883 1547 3954 in
1566 3883 1785 3956 undecimam
1805 3885 1941 3976 Aprilis

392 4003 537 4075 cadebat
552 4001 596 4090 ⁴),
626 4007 661 4075 et
688 4002 775 4074 duos
803 4003 876 4075 dies
909 4009 1094 4094 sequentes
1126 4003 1311 4076 incolumis
1340 4008 1376 4076 et
1403 4005 1517 4076 alacer
1544 4003 1739 4095 exegisset,
1770 4013 1895 4095 quarto
1910 4004 1940 4092 ⁵)

392 4121 612 4212 aegritudine
639 4127 835 4213 correptus,
869 4121 1103 4194 Sacramentis
1136 4123 1298 4195 omnibus
1325 4128 1549 4214 procuratus,
1580 4129 1615 4194 et
1640 4123 1790 4196 ultimae
1816 4125 1938 4196 volun·

391 4243 477 4314 tatis
504 4241 734 4333 dispositione
761 4242 918 4332 expleta,
952 4241 989 4313 in
1018 4242 1170 4314 Sabbato
1197 4247 1278 4314 ante
1306 4243 1522 4316 conductum
1550 4243 1722 4331 Paschae,
1756 4265 1849 4335 qnae
1876 4244 1940 4314 fnit
2035 4313 2036 4328 ,

392 4363 526 4434 decima
557 4361 707 4453 septima
738 4361 874 4452 Aprilis
890 4361 933 4449 6),
968 4361 1068 4433 annis
1101 4362 1217 4434 decem
1250 4362 1286 4434 in
1323 4363 1529 4454 pontificatu
1561 4363 1761 4435 Chelmensi
1794 4363 1938 4451 exactis,

389 4481 484 4574 apud
511 4483 680 4555 Kumowo
697 4483 739 4572 7),
768 4481 884 4555 vicum
912 4481 968 4553 sui
986 4481 1225 4573 episcopatus,
1254 4481 1458 4554 infirmitate
1476 4481 1676 4573 corripitur.
1706 4482 1783 4573 Qua
1800 4484 1937 4555 tandem
2035 4473 2036 4526 t

391 4599 712 4705 ingrarescente8),
750 4623 794 4674 en
826 4601 935 4674 cubili
962 4601 998 4672 in
1025 4601 1198 4692 posticum
1231 4601 1348 4674 curiae
1380 4623 1541 4694 egressus
1573 4623 1634 4693 per
1661 4623 1840 4692 somnum,
1869 4623 1936 4674 no·
2035 4589 2036 4616 i

390 4722 483 4794 ritur
501 4727 535 4795 et
553 4722 588 4794 in
609 4721 790 4794 ecclesiam
811 4743 909 4793 suam
929 4721 1165 4795 Chelmensem
1183 4723 1332 4810 relatus,
1358 4722 1393 4793 in
1415 4743 1455 4794 ea
1473 4722 1658 4813 sepelitur:
1686 4722 1742 4794 vir
1765 4721 1936 4796 mansueti
2035 4711 2036 4714 ’

392 4841 540 4934 ingenii,
569 4841 735 4933 pacificus
762 4846 797 4914 et
824 4841 1017 4927 modestus,
1046 4841 1171 4915 obesus
1199 4862 1340 4932 corpore
1367 4845 1402 4915 et
1429 4861 1585 4930 crassus,
1615 4841 1729 4933 capite
1757 4841 1934 4930 calvusll.

502 5045 525 5126 ¹)
548 5047 619 5108 Pius
642 5047 790 5108 sccundus
813 5043 874 5109 Ed.
898 5043 988 5128 Lipe.
1012 5043 1037 5126 ²)
1062 5045 1191 5124 Georgio
1213 5047 1373 5108 Bohemiae
1395 5047 1478 5123 Rege
1499 5043 1562 5109 Ed.
1587 5043 1677 5129 Lipe.
1695 5045 1720 5126 ³)
1735 5045 1935 5124 Rubyeschorr
2034 5079 2035 5086 ,

391 5147 455 5212 Ed.
481 5147 572 5233 Lips.
597 5146 623 5227 ⁴)
648 5151 678 5210 in
700 5151 884 5211 undecimam
907 5149 1017 5209 mensis
1039 5148 1151 5225 Aprilis
1174 5149 1300 5211 cadebat
1321 5151 1399 5210 diem
1422 5147 1485 5212 Ed.
1512 5147 1602 5232 Lipa.
1628 5147 1654 5228 ⁵)
1677 5155 1784 5226 quarto
1805 5151 1854 5211 die
1873 5145 1934 5210 Ec.

393 5249 486 5335 Lipa.
511 5249 539 5336 ⁶)
564 5254 679 5313 decima
701 5254 826 5330 septima
849 5251 913 5312 dics
935 5252 1045 5312 mensis
1067 5251 1179 5329 Aprilis
1202 5249 1264 5315 Ed.
1289 5250 1382 5336 Lc'ps.
1408 5251 1433 5331 7)
1456 5253 1599 5313 Komowo
1623 5241 1701 5314 Coc.
1724 5251 1834 5316 Potes.
1856 5250 1933 5332 ⁸)in-
2033 5233 2035 5258 ⁴

392 5356 561 5416 calescente
583 5353 645 5418 Ed.
674 5353 767 5438 Lipc.
791 5352 817 5433 ⁹)
842 5351 883 5414 Ira
904 5351 995 5418 Edit.
1018 5350 1109 5436 Lips.
1134 5351 1253 5438 legitur
1271 5354 1357 5418 hicce
1378 5355 1523 5436 ineptam
1537 5352 1814 5418 additamentam:
1835 5355 1933 5433 priapo
2033 5417 2034 5420 ,

393 5476 528 5540 maguus.
556 5455 642 5540 quod
664 5466 699 5518 iro
722 5454 867 5519 omnibus
891 5453 989 5520 codd.
1012 5453 1107 5519 dccet.
