4082 6284
83 507 139 612 (Α.
156 509 203 582 Dr
222 501 348 605 teon.)
582 521 694 582 urana
720 517 965 582 nuonnonms
992 501 1106 599 (xm).
1539 509 1613 582 335

83 718 249 791 iooaatro
277 711 501 788 cracoviensi
532 713 597 786 sub
623 711 730 802 turri,
764 733 852 805 quae
879 711 1143 786 Thinoainensis
1174 711 1380 786 intitulatur
1398 714 1438 803 ¹),
1471 715 1517 786 ad
1543 715 1615 788 eri·

81 835 214 909 tandem
241 833 465 922 seditionem,
495 833 526 905 si
553 832 591 904 in
618 832 775 906 civitatis
802 831 933 906 elroulo
962 831 1121 905 executio
1140 831 1299 905 iustitiae
1317 829 1433 922 deret,
1461 833 1617 907 damnati

82 960 171 1038 suut,
205 959 240 1026 et
266 953 304 1026 in
331 952 479 1027 eoelesia
515 952 663 1025 Sanatae
694 951 825 1024 Mariae
856 957 937 1024 ante
971 951 1161 1024 sacrarium
1192 951 1230 1024 in
1256 971 1326 1024 uno
1362 953 1515 1042 tumulo,
1548 974 1618 1026 nou

81 1075 149 1148 sine
167 1073 352 1146 universae
378 1071 536 1144 civitatis
562 1071 687 1164 grandi
705 1072 920 1163 eomploratn
944 1075 979 1145 et
997 1072 1166 1160 lamento,
1198 1071 1341 1162 sepulti.
1369 1070 1454 1145 Tres
1472 1072 1617 1162 residui,

80 1193 238 1267 videlieet
278 1190 452 1264 llartinns
488 1192 627 1280 Beluae,
664 1209 743 1265 aum
778 1209 841 1284 pro
878 1211 917 1265 eo
948 1190 1161 1265 universitas
1197 1193 1344 1266 matrum
1376 1191 1549 1266 llinorom
1576 1193 1620 1265 de

81 1315 202 1388 Sauoto
230 1311 460 1400 Bemarvlino,
488 1311 601 1404 magis
625 1311 783 1400 datibus,
803 1331 908 1404 qoam
926 1311 1088 1403 praebui
1105 1311 1320 1399 obsentaret,
1339 1311 1425 1386 Item
1443 1314 1618 1386 Iohannes

81 1434 276 1507 Thasohnar
295 1437 331 1504 et
348 1431 524 1504 Iohannes
543 1432 714 1504 Wollram
730 1429 774 1520 ²),
802 1431 953 1503 Iohanni
979 1429 1229 1518 Robathinslri,
1262 1430 1364 1503 iuxta
1392 1447 1432 1506 ao
1458 1432 1617 1506 ooudem·

79 1553 164 1640 nati,
185 1552 222 1625 in
240 1555 452 1644 potestatam
470 1551 609 1640 traditi,
638 1552 750 1624 altura
768 1550 825 1624 die
843 1550 881 1623 in
899 1549 1094 1624 Robsnthin
1112 1549 1271 1638 dedueti,
1299 1549 1451 1641 primum
1478 1551 1619 1644 quidem

79 1674 114 1746 in
138 1676 229 1744 tetro
257 1691 409 1759 oaroere,
438 1669 579 1759 deinde,
606 1670 669 1743 ubi
695 1671 748 1743 ira
774 1668 939 1758 defluxit,
967 1669 1004 1742 in
1022 1670 1170 1742 honesta
1188 1669 1362 1759 eustodia,
1391 1668 1504 1744 habiti
1523 1676 1618 1778 sunt.

78 1791 347 1865 Intoraossiones
380 1790 498 1864 variae
512 1788 543 1879 ³)
570 1811 633 1882 pro
665 1790 822 1862 Iaroslao
855 1789 1023 1880 Soharley
1053 1789 1267 1882 agraribus
1299 1789 1474 1882 personis,
1510 1790 1620 1888 utin

79 1910 293 2004 aestivorum
312 1909 431 2003 potius
450 1931 554 2002 quam
573 1909 837 1984 oaeideudorum
856 1911 1106 1982 transferretur
1125 1914 1270 1998 sortem,
1289 1910 1525 1984 innoeentiam
1543 1911 1620 1984 eius

78 2030 205 2105 iudioio
234 2029 421 2104 verisimili
447 2029 704 2117 astruentibus,
734 2029 795 2102 sed
821 2050 934 2121 neque
961 2029 1144 2102 Elisabeth
1170 2029 1326 2122 Reginae
1353 2029 1549 2122 personalis
1576 2031 1620 2110 nd

77 2151 292 2225 exorandum
311 2150 502 2222 Iohannem
520 2148 755 2232 Rabsthinshi
773 2169 885 2240 usque
903 2148 940 2222 in
958 2148 1098 2220 domum
1125 2169 1226 2220 snam
1253 2148 1422 2237 aoeessio,
1451 2151 1622 2242 quadrare

78 2270 264 2362 quiequam
296 2269 500 2341 valuerunt:
534 2289 660 2360 magna
692 2267 865 2360 siquidem
895 2267 1063 2358 snpplioii
1090 2267 1252 2340 sumendi
1278 2268 1464 2358 aviditate,
1494 2287 1623 2362 magna

77 2388 262 2462 haumendi
277 2387 459 2480 sanguinis
478 2387 672 2462 oonsularis
692 2386 770 2476 siti,
789 2391 825 2460 et
842 2387 1011 2459 Iohannis
1029 2386 1263 2460 Babsthinshi
1281 2392 1317 2460 et
1334 2388 1522 2462 amisorum
1542 2409 1621 2462 suo·

76 2531 152 2582 rum
171 2508 282 2582 animi
299 2507 434 2582 ineensi
444 2509 488 2596 ⁴),
517 2528 636 2598 preses
655 2507 840 2580 Elisabeth
857 2507 1013 2600 Reginae
1031 2507 1317 2598 aspernabantur.
1345 2507 1489 2582 Fuisset
1507 2508 1623 2582 aerios

76 2629 354 2703 inclementem
382 2627 585 2714 armifieem,
614 2627 714 2699 velut
739 2626 969 2718 prinoipalem
996 2626 1091 2700 neeis
1119 2626 1279 2700 Androm
1305 2627 1538 2702 dhaneninshi
1561 2647 1621 2701 ar-

76 2750 277 2837 oitatorem,
305 2751 341 2821 et
367 2747 559 2820 Iohannem
585 2747 792 2837 Doysnvon,
822 2745 883 2838 qui
911 2745 948 2819 in
974 2745 1075 2818 illius
1102 2766 1236 2834 neaem,
1268 2767 1373 2837 quom
1403 2748 1515 2820 oelare
1541 2768 1623 2839 spo·

76 2869 264 2960 ponderat,
293 2888 313 2940 u
340 2887 377 2939 se
404 2867 486 2938 aliis
513 2865 551 2938 in
579 2865 741 2938 sacristia
767 2865 961 2957 proditum,
990 2865 1139 2938 ferooiua
1174 2865 1416 2958 grassabatur:
1443 2867 1505 2939 sed
1527 2873 1623 2940 uter·

76 3009 144 3081 que
172 2992 255 3078 post
280 2991 458 3078 patratum
486 2985 620 3058 latinus
648 2984 746 3058 illiao
773 2984 952 3077 effugerat.
981 2984 1192 3058 Consulatus
1219 2985 1525 3059 Wratielarieneis
1545 2986 1623 3059 Ole-

75 3112 232 3180 mentem
268 3106 311 3178 ad
343 3127 381 3179 se
410 3104 683 3197 perfugientem,
720 3105 930 3196 exprobrato
966 3103 1023 3176 illi
1054 3103 1233 3178 teterrimo
1266 3104 1449 3179 seditionIs
1481 3106 1624 3194 seelera,

75 3228 118 3300 da
151 3226 299 3299 civitate
330 3225 447 3299 eieoit:
482 3224 543 3316 qui
574 3224 611 3296 in
643 3225 820 3316 Zegonum
847 3245 885 3297 ee
911 3225 1107 3312 conferens,
1141 3224 1184 3296 ab
1211 3223 1381 3298 immensa
1410 3225 1563 3318 postoris
1590 3231 1626 3300 et

75 3346 229 3438 spiritus
261 3343 440 3418 ebrletate
472 3349 621 3417 vexatus
649 3349 684 3416 et
710 3343 872 3432 attritus,
906 3343 997 3416 diem
1025 3343 1123 3416 obiit.
1156 3343 1189 3414 N
1193 3343 1326 3416 ioolaua
1352 3344 1498 3418 Kridlar
1513 3343 1543 3434 5)
1571 3345 1627 3417 vir

76 3464 295 3553 oonsularis,
328 3463 468 3555 deposui
499 3463 543 3536 ad
575 3463 703 3554 eapitis
734 3483 885 3554 poenam.
907 3462 1057 3551 veritus,
1086 3462 1125 3534 im
1151 3463 1320 3536 blelsthin
1347 3484 1385 3536 ee
1412 3465 1624 3541 eontulerst:

74 3607 139 3676 pro
170 3606 241 3675 quo
267 3605 288 3656 a
314 3583 494 3656 nonnullis
522 3583 564 3655 de
591 3583 799 3670 Consulatu,
833 3580 934 3674 quasi
965 3601 1092 3656 nooans
1120 3587 1156 3656 et
1181 3581 1345 3672 timidus,
1378 3604 1502 3675 parum
1533 3583 1627 3656 inste

74 3709 226 3796 aarptus
258 3708 325 3775 est.
359 3700 547 3794 suffragiis
579 3702 719 3774 landem
751 3701 870 3774 Iaoobi
884 3703 915 3790 6)
946 3701 1185 3774 draeovieneis
1214 3701 1369 3795 episeopi
1396 3709 1432 3776 st
1457 3702 1626 3776 Iohannis

74 3822 325 3909 ldelsthinslri,
345 3841 389 3894 ne
407 3821 623 3912 eulparetur,
648 3841 734 3892 nevo
753 3820 999 3912 deposeeretur
1017 3826 1172 3912 ereptus,
1200 3822 1292 3894 haud
1311 3843 1440 3914 pauoos
1457 3828 1538 3914 post
1551 3822 1627 3895 dias

74 3965 95 4015 a
123 3941 324 4033 lethargico
356 3941 474 4014 morbo
505 3961 550 4012 ex
578 3947 755 4014 transnato
781 3961 910 4032 pavore
946 3946 1111 4031 oonaepto
1138 3939 1298 4030 invasus,
1336 3941 1472 4034 aliquot
1498 3941 1630 4014 hebdo-

73 4062 195 4136 madis
224 4062 266 4135 ab
293 4082 334 4135 eo
361 4065 511 4134 vexatus
539 4065 608 4149 est,
638 4060 697 4133 sed
725 4059 911 4132 elementia
938 4059 1077 4132 landem
1105 4059 1226 4132 divina
1240 4061 1402 4132 solutus.

254 4413 436 4486 multu
456 4412 545 4484 nlius
566 4412 732 4486 llladirhi
754 4413 938 4486 lloozamds
960 4415 996 4486 at
1018 4413 1179 4486 morbo
1201 4412 1297 4486 brein
1318 4413 1462 4486 nonam.

190 4659 322 4751 Quarta
347 4658 506 4732 Ianuarii
521 4659 564 4748 7),
594 4658 809 4748 Semonibus,
838 4659 948 4733 maier
970 4663 1056 4732 natu
1074 4658 1264 4733 Wladislai
1281 4658 1483 4734 Ploaaensis
1498 4664 1538 4734 ot
1555 4660 1634 4734 lla,

74 4779 206 4854 soviae
234 4779 342 4852 Duois
368 4778 481 4867 filius,
510 4779 547 4850 iu
575 4779 663 4851 villa
678 4784 716 4854 et
734 4779 833 4852 ouria
857 4799 921 4852 sna
948 4778 1065 4852 duoali
1093 4778 1241 4852 Saumki
1254 4777 1287 4869 8)
1313 4777 1501 4854 Immatnra
1518 4783 1634 4853 morto

168 5165 170 5168 Ι
195 5085 218 5164 ¹)
238 5097 318 5164 qnae
339 5085 528 5147 Thinodeasis
549 5085 716 5162 sepelimur
737 5082 801 5146 nd
824 5082 914 5168 [ἐμ.
938 5084 965 5161 ⁸)
985 5085 1146 5162 wolfgaog
1169 5079 1247 5148 cad.
1263 5081 1372 5148 Pausa,
1391 5085 1551 5164 Velabrum
1567 5081 1630 5152 Ed.

75 5188 177 5274 Dipo.
205 5187 231 5266 3)
246 5189 476 5250 loteroesaiones
490 5189 592 5248 uariae
604 5188 702 5250 hetae
716 5186 780 5249 Ed.
796 5186 886 5271 Lipa.
910 5185 937 5267 ⁴)
949 5189 1066 5250 dunensi
1089 5184 1174 5250 deest
1187 5187 1224 5250 a'a
1244 5184 1319 5250 Ood.
1338 5183 1427 5251 Galo.
1451 5187 1478 5269 ⁶)
1490 5189 1633 5270 'Gridlyar

73 5291 143 5357 Ed.
163 5289 260 5373 Lipa.
284 5287 312 5366 ‘l
337 5291 491 5367 Sudhaglis
513 5296 610 5352 tamen
633 5292 733 5352 Iaoobi
755 5291 943 5368 Syenneuski
956 5289 1022 5354 Ed.
1039 5288 1128 5374 Ldpa.
1147 5287 1301 5370 boum
1315 5291 1635 5358 homerslebiensi
1675 5333 1678 5340 ·

73 5393 143 5456 Ea.
172 5390 316 5478 Εὗρε..)
338 5392 482 5454 wolone
504 5387 582 5474 God.
611 5389 699 5454 (lale.
723 5393 839 5454 amice
865 5389 1073 5456 eadmero.
1149 5421 1156 5440 ·
