4264 6280
439 518 488 589 66
953 536 1067 592 nunus
1092 535 1338 591 nuonnermus
1365 516 1478 608 (xm).
1713 513 1780 614 (Α.
1800 513 1982 614 1114411.)

440 723 593 796 Sabbato
621 723 657 796 in
686 723 742 796 die
770 722 891 796 Sancti
919 722 1078 796 Andreae
1097 721 1155 812 15),
1183 726 1337 814 reperto,
1367 723 1409 794 de
1436 742 1520 814 pace
1547 722 1654 796 uerba
1681 721 1832 812 faciunt,
1866 727 1902 795 et
1927 745 1983 797 sex

437 844 561 917 diebus
590 844 765 917 continuis
792 844 999 931 laborando,
1028 843 1160 916 bellum
1189 849 1291 916 atrox
1319 847 1355 916 et
1382 843 1521 916 crudele
1548 842 1654 915 nimis
1679 843 1926 935 intercipiunt,
1953 849 1983 916 ot

437 963 577 1037 nomine
604 965 713 1056 Regis
728 963 759 1054 2)
787 969 823 1037 61
850 963 964 1056 Regni
991 963 1159 1038 Poloniae
1182 968 1299 1056 partes
1319 963 1539 1056 ad'treugam
1557 961 1587 1052 ³)
1615 970 1652 1034 et
1669 983 1788 1054 pacem
1807 965 1982 1038 inducunt.

438 1085 534 1176 Quae
560 1107 616 1158 res
643 1107 713 1158 non
742 1086 855 1158 solum
883 1084 972 1176 ipsis
1001 1084 1197 1176 Hungaris,
1226 1084 1288 1175 qui
1312 1089 1347 1156 61
1365 1085 1562 1156 vastatione
1589 1083 1740 1174 patriam
1774 1089 1809 1156 61
1837 1106 1875 1157 66
1899 1086 1984 1159 bello

438 1205 685 1299 intempestivo
713 1207 880 1279 liberatos
908 1205 1123 1296 gaudebant,
1153 1205 1213 1277 sed
1241 1209 1277 1277 61
1304 1205 1373 1296 ipsi
1402 1205 1545 1276 Summo
1563 1205 1727 1278 Pontifici
1746 1205 1893 1278 Nicolao
1922 1207 1984 1278 fuit

437 1326 651 1417 gratissima.
687 1327 789 1399 Unde
821 1327 1016 1417 praelatum
1049 1325 1267 1398 cardinalem
1303 1324 1510 1416 Sbigneum,
1550 1345 1652 1416 quem
1685 1327 1817 1398 sciebat
1845 1327 1984 1398 6116111

439 1447 626 1538 intercepti
654 1452 689 1520 et
714 1447 811 1538 pacis
839 1447 1016 1519 confectae
1044 1451 1201 1519 autorem
1230 1446 1355 1534 fuisse,
1384 1467 1446 1538 per
1475 1446 1596 1517 literas
1625 1447 1795 1537 speciales
1818 1467 1983 1518 commen-

440 1568 515 1654 dat,
545 1572 580 1640 et
606 1567 739 1660 gratias
771 1567 860 1660 agIt,
895 1571 1001 1658 atque
1034 1561 1076 1640 de
1107 1587 1191 1658 pace
1224 1566 1502 1639 Christianorum
1531 1566 1709 1655 661161166,
1739 1567 1808 1658 ipsi
1837 1566 1983 1659 Sbigneo

440 1687 617 1776 Cardinali
644 1688 833 1780 legationis
861 1688 1013 1761 cilicium
1041 1708 1103 1778 per
1130 1687 1252 1760 literas
1284 1687 1321 1759 in
1353 1687 1572 1779 Hungariam
1606 1687 1833 1776 transmittit,
1863 1694 1904 1758 ut
1930 1709 1984 1778 pa-

440 1829 529 1896 cem,
559 1808 590 1880 si
618 1809 828 1900 expedierit,
858 1808 1140 1900 praesentialiter
1168 1808 1256 1880 illuc
1283 1807 1488 1896 adveniam,
1524 1807 1695 1880 conficiat.
1731 1807 1883 1898 Quarum
1911 1808 1982 1879 lite·

441 1950 558 2001 rarum
586 1929 858 2021 apostolicarum
886 1929 1052 2003 16161611
1080 1930 1296 2020 exemplum:

549 2049 739 2140 „Nicolaus
766 2049 963 2142 Episcopus
992 2070 1114 2123 seruus
1142 2071 1320 2123 sorvorum
1340 2050 1420 2137 Dei,
1450 2049 1587 2122 Dilecto
1615 2049 1688 2121 dlio
1713 2049 1865 2141 Sbignco
1894 2049 1988 2121 tituli

449 2170 619 2260 „Sanctae
651 2170 792 2244 Priscae
828 2171 1037 2262 Presbytero
1074 2170 1308 2260 cardinalia,
1337 2171 1487 2242 salutem
1516 2175 1551 2243 et
1577 2171 1806 2262 apostolicam
1832 2170 1986 2243 benedic·

390 2343 392 2350 .
446 2290 609 2380 „tionem
639 2289 887 2363 Intelleximus
915 2311 960 2364 ex
987 2290 1102 2363 literis
1130 2291 1219 2379 1616,
1249 2291 1341 2382 quod
1369 2289 1406 2361 in
1433 2291 1561 2383 Regno
1582 2290 1801 2384 Hungariae‚
1830 2311 1902 2362 non
1920 2311 1987 2362 mo·

446 2411 546 2501 „dica
573 2411 834 2503 perturbatione
863 2411 1033 2484 bellorum
1061 2411 1250 2500 incendiis,
1283 2412 1419 2484 aemulo
1451 2413 1549 2504 pacis
1576 2412 1785 2505 instigante,
1819 2412 1914 2484 inter
1939 2411 1986 2483 di-

446 2533 577 2622 „lootos
604 2532 712 2619 11166,
742 2531 876 2604 6611166
900 2531 1011 2620 viros,
1041 2533 1231 2606 Iohannem
1250 2533 1293 2605 de
1312 2533 1456 2604 Huniad
1474 2532 1560 2604 dieti
1579 2533 1693 2626 Regni
1710 2533 1987 2625 gubernatorem,

447 2657 503 2742 „et
530 2652 721 2726 Iohannem
750 2651 892 2742 Giskra,
922 2652 983 2744 qui
1011 2673 1047 2725 se
1075 2651 1162 2725 dicit
1184 2653 1299 2745 Regni
1327 2653 1569 2744 Capitaneum,
1608 2674 1719 2745 nuper
1755 2653 1907 2740 exortis,
1937 2673 1987 2725 ca·

447 2773 630 2863 „rissimus
658 2773 695 2846 in
723 2772 862 2846 Christo
894 2772 991 2844 iilius
1023 2777 1156 2861 noster,
1190 2772 1393 2846 Kaaimirus
1425 2773 1504 2845 Rex
1536 2773 1703 2846 Poloniae
1735 2773 1907 2862 illustris,
1940 2778 1987 2844 to-

447 2899 612 2986 „tumque
631 2893 797 2966 Poloniae
815 2893 993 2985 Regnum,
1015 2898 1075 2964 tuo
1095 2893 1242 2965 consilio
1262 2897 1297 2967 et
1316 2893 1561 2967 exhortatione
1579 2894 1682 2983 moti,
1699 2893 1874 2967 miserunt
1893 2894 1988 2982 illuc,

447 3015 512 3105 ,ad
537 3013 826 3106 restinguendum
853 3013 1014 3086 incendia
1040 3013 1257 3103 huiusmodi,
1291 3035 1373 3086 suos
1402 3018 1555 3087 oratores
1583 3021 1618 3087 et
1645 3015 1805 3105 nuntios,
1840 3015 1902 3106 qui
1930 3015 1990 3088 Dei

448 3135 582 3228 „gratia
614 3139 836 3227 cooperante,
869 3134 961 3207 inter
991 3139 1110 3226 partes
1142 3141 1283 3226 treugas
1300 3134 1330 3224 5)
1362 3135 1406 3206 61
1440 3139 1571 3209 certum
1605 3135 1794 3208 terminum
1821 3137 1988 3222 fecerunt,

448 3260 508 3346 „ut
535 3255 676 3329 interim
703 3259 847 3348 possent
874 3255 916 3327 de
943 3255 1125 3328 eoncordia
1153 3259 1188 3328 et
1214 3276 1298 3347 paee
1325 3259 1486 3328 tractare.
1522 3257 1607 3329 066
1639 3261 1756 3330 66166
1784 3257 1826 3329 61
1855 3255 1990 3335 1611616

448 3377 583 3467 „cordis
610 3376 722 3448 nostri
754 3375 1006 3463 desideremus,
1039 3381 1080 3446 ut
1107 3376 1267 3467 Regnum
1299 3375 1405 3465 illud,
1440 3377 1532 3467 quod
1559 3375 1694 3449 diutius
1727 3375 1796 3448 fuit
1823 3380 1989 3467 tanquam

448 3501 608 3588 „scutum
635 3495 717 3569 fidei
745 3496 912 3569 adversus
939 3495 1121 3587 perfidiam
1150 3496 1375 3585 Teucrorum,
1404 3496 1497 3568 vires
1525 3518 1607 3568 suas
1635 3497 1754 3588 potius
1782 3501 1906 3569 eontra
1932 3497 1989 3566 ho·

448 3624 542 3708 ,6166
569 3617 650 3690 1161
678 3621 874 3704 convertat,
914 3637 1017 3707 quam
1051 3637 1087 3688 se
1121 3617 1236 3708 ipsum
1264 3617 1383 3709 aliqua
1416 3617 1591 3691 discordia
1621 3622 1683 3690 aut
1709 3618 1802 3690 bello
1831 3616 1993 3690 conficiat

449 3743 505 3829 „ot
532 3743 729 3826 consumat3
759 3743 793 3811 et
819 3741 1002 3829 propterea
1030 3737 1275 3810 existimantes
1303 3737 1537 3812 necessarium
1566 3739 1637 3812 lore
1664 3759 1726 3830 pro
1755 3738 1872 3811 salute
1896 3736 1991 3810 Chri-

449 3859 680 3950 „stianorum,
709 3864 749 3932 61
777 3859 890 3930 66616
918 3858 1093 3930 discordia
1120 3858 1212 3931 inter
1239 3859 1452 3932 dissidentes
1480 3861 1673 3948 auferatur,
1708 3864 1742 3932 ct
1768 3863 1809 3930 ut
1835 3880 1909 3950 pax
1938 3860 1991 3930 fir-

450 3983 586 4071 „metur
613 3979 705 4054 inter
732 4001 806 4068 cos;
835 3979 970 4052 adhoc
997 3979 1344 4068 661661611666166,
1373 3980 1592 4072 aptissimam
1612 4000 1688 4052 esse
1709 3978 1992 4072 circumspectio·

449 4122 548 4192 „nem
584 4105 702 4189 tuam,
741 4104 884 4193 propter
919 4099 994 4172 eius
1031 4099 1244 4192 singularem
1280 4101 1557 4192 prouidentiam,
1596 4102 1776 4193 multaque
1812 4101 1994 4192 praeclara

448 4221 642 4313 „virtutum
670 4221 775 4311 dona,
806 4219 933 4312 quibus
960 4241 1143 4312 personam
1171 4225 1267 4293 tuam
1295 4221 1504 4294 Altissimus
1531 4221 1734 4314 insignivit:
1766 4222 1995 4294 exhortamur

448 4343 507 4433 ,16
534 4341 682 4415 Domino
714 4340 1060 4433 eneunspeotionom
1093 4346 1205 4429 tuam,
1240 4341 1351 4414 eidem
1379 4341 1610 4414 nihilominus
1638 4341 1878 4434 iniungentes,
1911 4363 1993 4433 qua·

449 4467 573 4553 „tenus
601 4463 643 4536 ob
672 4462 737 4536 Dei
764 4461 1012 4551 reuerentiam,
1041 4465 1077 4534 et
1103 4483 1164 4553 pro
1189 4463 1278 4535 bono
1298 4462 1413 4554 Regni
1431 4463 1546 4551 illius,
1575 4484 1619 4536 ne
1636 4462 1793 4555 gladium
1811 4462 1994 4554 proprium

451 4583 509 4673 „in
537 4604 601 4654 sna
627 4581 764 4656 viscera
791 4586 986 4670 convertat,
1016 4582 1107 4654 uelis
1136 4583 1281 4656 suadere
1309 4584 1399 4675 Regi
1426 4585 1581 4676 praefato
1610 4588 1645 4656 et
1664 4583 1769 4658 etiam
1788 4583 1995 4674 proceribus

450 4707 506 4795 ,61
533 4702 843 4776 communitatibus
870 4701 985 4796 Regni
1012 4703 1083 4792 661,
1111 4708 1152 4775 61
1179 4704 1222 4776 61
1251 4705 1520 4796 componendam
1539 4705 1629 4776 hane
1646 4724 1766 4796 paoem
1785 4703 1918 4776 iterum
1937 4703 1993 4775 de·

451 4824 605 4915 „stinent
636 4845 718 4896 6666
750 4828 915 4896 oratores
957 4823 1013 4895 Ad
1041 4824 1132 4915 quod
1164 4846 1250 4916 opus
1282 4825 1530 4916 perficiendum
1558 4830 1620 4896 166
1648 4845 1784 4916 quoquc
1817 4823 1996 4916 sapientia

450 4945 559 5036 „uelit
586 4945 762 5034 accedere,
792 4949 827 5044 et
854 4943 905 5017 ibi
931 4945 1119 5018 autoritate
1151 4951 1287 5035 nostra,
1321 4950 1357 5018 et
1383 4950 1549 5038 tanquam
1582 4950 1701 5018 noster
1731 4945 1775 5017 ad
1802 4946 1895 5018 hanc
1922 4965 1995 5018 rem

455 5065 605 5157 ,missus
632 5046 803 5159 Legatos,
831 5067 921 5138 hanc
948 5065 1165 5139 concordiam
1185 5071 1220 5138 ct
1238 5088 1358 5158 paoem
1385 5067 1478 5140 iuter
1496 5069 1613 5159 partes
1632 5069 1777 5156 tractes,
1807 5086 1996 5158 componas

556 5337 581 5425 ¹)
605 5342 635 5402 S.
657 5341 797 5402 Andreae
818 5341 955 5418 Apostoli
978 5337 1041 5402 Ed.
1067 5337 1158 5424 Lipe.
1183 5341 1207 5422 ²)
1231 5343 1366 5403 Oasimiri
1388 5342 1478 5419 Regis
1502 5339 1565 5404 Ed.
1589 5339 1682 5425 Lipe.
1706 5340 1999 5422 3)616666661166

446 5440 511 5510 Ed.
535 5439 628 5530 Lips.
653 5443 679 5526 ⁴)
702 5445 853 5506 Cardinali
876 5450 905 5505 et
926 5444 1075 5524 Episcopo
1098 5446 1286 5506 CraoovIensi
1308 5443 1371 5507 Ed.
1394 5443 1487 5528 Lips.
1513 5443 1539 5530 ὅ)
1562 5446 1666 5507 foedus
1689 5443 1751 5508 Ed.
1775 5443 1870 5529 Lipo.
