4264 6280
392 478 440 550 26
901 500 1014 552 6161111
1040 499 1284 552 6166666116
1312 481 1426 570 (11111).
1660 475 1939 576 (1161146.)

385 691 503 757 tamen
531 686 678 757 molesta
705 685 810 757 nimis
840 691 875 757 et
903 706 1027 778 magna
1055 685 1199 757 levitate
1227 685 1387 757 redolens
1420 684 1621 756 huiusmodi
1650 685 1827 756 sententia
1859 685 1939 756 visa

389 811 459 892 est,
481 805 714 894 suspicionem
735 805 840 878 etiam
860 805 970 876 futuri
990 805 1204 876 discriminis
1225 804 1544 896 interponentibus
1569 824 1612 876 ne
1632 804 1662 875 si
1682 805 1815 896 singuli
1833 805 1938 890 irent,

389 925 578 1015 captivitas
612 946 730 996 eorum
762 931 900 1016 pareret
932 926 1051 1017 Regno
1085 924 1376 996 irremediabilem
1403 923 1552 994 ruinam.
1585 922 1715 995 Verum
1742 925 1824 995 dum
1852 924 1939 996 11666

388 1046 540 1136 prudens
570 1049 604 1115 et
631 1046 749 1136 gravis
778 1044 991 1116 consultatio
1019 1066 1080 1134 pro
1109 1044 1329 1134 impedienda
1358 1043 1466 1115 Ducis
1499 1043 1673 1114 Karimiri
1701 1044 1941 1134 assumptione

389 1164 500 1254 ingeri
528 1165 739 1252 crederetur,
770 1170 804 1237 61
831 1167 952 1256 plures
981 1165 1131 1235 eundum
1160 1163 1197 1234 16
1225 1164 1392 1234 Brzesone
1420 1163 1668 1250 acclamarent,
1700 1163 1939 1235 deferendum-

390 1305 455 1373 que
483 1283 665 1355 desideriis
694 1290 728 1356 ct
756 1285 914 1355 consiliis
943 1283 1084 1355 maioris
1102 1284 1213 1374 partis
1233 1284 1351 1372 plures
1371 1282 1610 1354 decernerent:
1640 1281 1720 1353 Non
1744 1283 1938 1368 adducetis,

390 1403 507 1494 inquit
534 1405 708 1475 Iohannes
738 1405 779 1475 de
807 1405 985 1475 Thancnin
1012 1404 1192 1494 palatinus
1226 1403 1481 1490 Craccviensis,
1520 1407 1716 1474 utmorem
1753 1401 1864 1473 Pilati
1896 1403 1942 1472 ad

392 1525 560 1595 clamores
589 1525 797 1595 Iudaeorum
826 1524 1003 1595 Christum
1023 1523 1302 1610 condemnantis
1329 1529 1485 1610 secutus,
1507 1527 1541 1593 et
1560 1522 1674 1613 Regni
1694 1527 1841 1609 statum,
1862 1542 1941 1614 gra-

392 1643 624 1732 vitatemque,
655 1649 689 1715 61
717 1648 821 1733 capnt
853 1665 967 1714 meum
1000 1664 1125 1733 ponam
1158 1642 1195 1713 in
1223 1642 1421 1714 discrimen.
1457 1641 1529 1732 Quo
1562 1642 1702 1732 quidem
1731 1647 1801 1712 tam
1830 1642 1941 1713 faceto

392 1762 501 1850 dicto,
537 1763 579 1834 de
613 1764 824 1834 transeundo
853 1764 889 1834 in
917 1765 1085 1835 Bruescze
1119 1763 1293 1834 sententia
1326 1763 1490 1853 abrogata
1523 1769 1588 1834 est.
1623 1762 1796 1832 Iohannes
1823 1768 1942 1832 tamen

393 1883 635 1973 Leopoliensis
660 1883 942 1974 archiepiscopus
963 1884 1001 1971 ¹),
1032 1884 1189 1954 Andreas
1208 1882 1458 1954 Posnaniensis
1478 1883 1678 1972 opiscopus,
1707 1881 1882 1953 Iohannes
1901 1881 1943 1952 de

394 2002 544 2072 Czisnou
581 2003 796 2073 castellanus
825 2003 1081 2090 cracoviensis,
1110 2003 1223 2074 Lucas
1252 2003 1294 2072 de
1322 2001 1437 2074 Gorka
1469 2001 1735 2088 Posnaniensis,
1768 2000 1943 2072 Iohannes

395 2122 437 2192 de
477 2121 705 2193 Oleschnicza
738 2122 1048 2209 Sandomiriensis,
1082 2123 1209 2194 Petrus
1241 2123 1283 2193 de
1317 2122 1458 2212 Sprowa
1490 2121 1747 2212 Leopoliensis,
1781 2121 1943 2211 palatini,

394 2241 568 2312 Iohannes
597 2242 638 2313 de
665 2241 932 2333 Konyeonpolye
969 2242 1082 2333 Regni
1115 2241 1280 2314 Poloniae
1313 2241 1560 2329 cancellarius,
1595 2242 1722 2312 Petrus
1758 2239 1801 2312 de
1839 2240 1940 2312 Sene·

392 2361 530 2432 hocnini
557 2361 863 2433 vicecancellarius
892 2362 1022 2454 Regni,
1052 2362 1087 2432 in
1118 2363 1285 2434 Brnescze
1318 2362 1622 2450 transmittuntur,
1652 2361 1815 2449 66616116,
1844 2361 1941 2432 vide-

394 2481 478 2552 licet
514 2480 699 2552 Vincentio
738 2481 932 2554 Gnesnensi
969 2481 1246 2572 archiepiscopo,
1285 2481 1435 2572 Sbigneo
1473 2481 1709 2568 Cracoviensi,
1748 2481 1944 2553 Wladislao

397 2600 686 2672 Wladislaviensi
715 2601 902 2692 episcopie,
932 2603 1087 2673 Iohanne
1115 2602 1156 2672 de
1185 2601 1361 2672 Thancain
1388 2602 1544 2692 palatino
1564 2601 1784 2673 cracoviensi
1810 2601 1942 2691 611116-

395 2720 492 2791 ribus
522 2720 603 2790 aliis
631 2720 668 2790 in
696 2721 856 2792 Paronovv
885 2720 1166 2810 manentibus2).
1198 2722 1264 2792 His
1292 2721 1496 2792 mandatum
1525 2727 1593 2808 ost,
1622 2725 1663 2791 ut
1690 2721 1848 2792 honestis
1873 2742 1942 2791 mo·

396 2839 450 2910 dis
478 2840 697 2911 Karimirum
725 2841 856 2912 Ducem
884 2842 927 2912 ad
955 2842 1200 2912 assumendum
1233 2840 1347 2932 Regni
1380 2841 1546 2912 Poloniae
1577 2839 1732 2931 regimen
1764 2841 1943 2927 16116661,

397 2959 626 3050 6116616616
655 2965 688 3031 61
716 2960 829 3050 pactis
858 2961 1075 3050 quibuslibet
1102 2961 1318 3048 abstineant,
1353 2961 1383 3031 si
1412 2982 1500 3051 quae
1527 2982 1547 3030 a
1574 2960 1670 3032 Duce
1702 2959 1882 3032 Kaaimiro
1911 2964 1946 3031 61

398 3079 586 3150 Lithuanis
615 3080 895 3170 deposcerentur.

399 3433 580 3502 Kazimims
603 3432 795 3502 lithuaniae
823 3433 894 3502 ltux
916 3433 1127 3521 persuasione
1154 3433 1339 3504 1616161111
1366 3433 1534 3519 inductus,
1559 3433 1751 3504 electionem
1772 3433 1807 3503 11
1829 3433 1948 3521 legen

399 3553 550 3622 Poloniae
574 3555 740 3641 acceptat,
764 3553 911 3641 diemque
934 3553 1154 3623 coronationis
1176 3554 1378 3640 6166161111,
1402 3571 1439 3624 66
1458 3571 1534 3624 nox
1549 3556 1666 3642 postea
1680 3553 1836 3642 quasdam
1851 3554 1949 3624 villas

656 3671 767 3760 legno
789 3672 938 3742 Poloniae
962 3673 1076 3742 adimit
1099 3672 1291 3742 6111166111
1315 3673 1505 3743 1111161166
1528 3673 1687 3761 adiungit.

505 3917 680 3989 Praelatis
718 3924 751 3990 et
787 3919 976 3990 baronibus
1004 3919 1118 4011 Regni
1146 3919 1311 3990 Poloniae
1349 3920 1386 3990 in
1414 3920 1541 4011 oppido
1574 3922 1741 3992 Brnesczo
1773 3919 1947 3992 venienti·

401 4041 486 4125 116,
515 4059 576 4129 per
604 4039 732 4110 Ducem
762 4039 980 4110 Karimirum
1008 4039 1156 4130 benigne
1184 4039 1356 4129 exceptis,
1386 4040 1509 4111 diebus
1542 4039 1837 4130 subsequentibus
1868 4041 1949 4131 plu-

401 4180 456 4231 res
484 4159 576 4230 inter
604 4179 682 4229 eum
711 4165 744 4229 et
772 4159 990 4230 consiliarios
1019 4159 1133 4250 Regni
1157 4160 1321 4231 Poloniae
1354 4161 1629 4232 intercesserunt
1664 4162 1706 4232 de
1726 4159 1949 4251 suscipiendo

401 4281 522 4370 Regno
540 4275 569 4366 3)
599 4283 786 4349 tractatus:
826 4300 887 4368 per
923 4300 1009 4370 quos
1046 4301 1115 4350 non
1152 4279 1249 4352 aliud
1285 4280 1393 4351 variis
1422 4280 1586 4367 cautelis,
1625 4280 1693 4351 viis
1722 4285 1756 4351 61
1784 4279 1949 4371 ingeniis,

404 4420 505 4488 quam
539 4403 710 4470 terrarum
742 4399 923 4487 Podoliae,
957 4399 1148 4470 Lucnonsis
1182 4404 1216 4470 et
1248 4399 1395 4471 01661116
1410 4400 1441 4489 ⁴)
1474 4421 1536 4490 pro
1568 4401 1705 4471 Ducetu
1738 4400 1950 4471 Lithuaniae

403 4518 513 4590 cossio
542 4519 784 4608 quaerebatur.
815 4519 883 4590 Sed
902 4523 936 4592 et
954 4519 1030 4610 ipse
1050 4521 1129 4590 Dux
1149 4519 1351 4591 Kauimirus
1385 4519 1543 4591 consiliis
1563 4523 1597 4592 ct
1624 4519 1775 4611 ingeniis
1799 4519 1947 4590 11111116-

403 4660 527 4708 66116
555 4638 748 4722 inescatus,
783 4640 960 4709 veteribus
994 4661 1130 4729 quoquo
1159 4645 1193 4711 61
1220 4641 1321 4711 66116
1353 4639 1559 4712 1116666116
1587 4640 1628 4710 16
1656 4639 1819 4712 16166116
1848 4639 1950 4712 161116

404 4758 571 4848 praelatis
604 4779 665 4847 pro
694 4759 831 4828 Ducatu
860 4759 984 4849 Magno
1013 4758 1224 4830 Lithuaniae
1252 4759 1478 4848 constrictus,
1507 4781 1576 4830 non
1604 4759 1673 4830 6161
1701 4761 1858 4831 66661666
1890 4781 1951 4850 per

405 4879 563 4970 Regnum
592 4877 758 4949 Poloniae
786 4879 827 4950 do
856 4879 957 4950 terris
990 4879 1190 4949 huiusmodi
1224 4879 1425 4966 subsecuta,
1460 4901 1497 4952 se
1524 4878 1639 4970 Regni
1666 4879 1833 4951 Poloniae
1860 4879 1950 4972 regi·

405 5019 482 5069 men
502 4997 701 5070 declarabat
721 5004 976 5089 suscepturum.
997 4999 1159 5071 Miseram
1179 5003 1263 5071 tunc
1282 5003 1316 5071 et
1334 5001 1556 5091 languentem
1576 5003 1611 5071 et
1629 5020 1715 5089 pene
1734 4999 1908 5072 labentem
1921 4999 1952 5088 ⁵)

515 5270 538 5348 ¹)
561 5272 698 5331 Pontifex
720 5269 783 5332 Ed.
807 5270 898 5353 Lips.
931 5270 952 5351 ¹)
977 5275 1204 5333 remanentibus.
1227 5270 1291 5333 Ed.
1315 5270 1405 5355 Lips.
1432 5270 1833 5352 31116166Ρ6166116Ε1.
1863 5271 1953 5356 Lips.

408 5371 433 5456 ⁴)
459 5373 569 5435 Olesko
594 5369 669 5435 Cod.
693 5372 760 5435 Le's.
785 5375 955 5450 Olyeschko
977 5373 1040 5435 Ed.
1064 5373 1154 5456 Lips.
1179 5373 1204 5455 ⁶)
1228 5376 1377 5436 labantem
1398 5374 1461 5436 Ed.
1486 5373 1576 5458 Lo'ps.
