4082 6284
100 571 159 675 (Α.
178 567 222 644 D.
242 561 370 666 1460.)
603 589 717 644 urens
742 586 988 644 nuonncrmns
1016 573 1128 662 (xm).
1436 657 1441 670 Ι
1562 569 1636 644 303

96 779 226 867 duerct)
252 777 290 850 in
318 775 500 849 Austriom
526 781 764 850 reuertuntur.
798 776 932 868 Quibus
959 775 1236 866 discedentibus,
1266 775 1437 851 Ludouici
1464 727 1636 851 Rescribe

96 899 212 986 Ducis,
242 895 303 989 qui
331 897 502 989 Reginum
529 897 697 970 Polonioe
724 897 909 970 Elisabeth
935 897 1133 989 propinqus
1159 896 1253 970 lines
1280 897 1519 989 contingebat,
1547 920 1637 971 uun·

95 1021 178 1107 tius,
205 1017 307 1090 miles
327 1017 557 1090 Burthfoldus
585 1017 755 1110 Rimpech
774 1019 801 1107 ¹)
829 1012 988 1106 aduenit,
1018 1023 1054 1090 et
1080 1016 1383 1108 interpositionem
1401 1038 1464 1109 pro
1483 1039 1568 1109 poce
1585 1019 1639 1091 in·

95 1147 145 1213 ter
169 1139 299 1229 Regem
327 1144 361 1211 et
388 1137 582 1211 cruciferos
611 1138 773 1226 offerens,
802 1142 838 1211 et
865 1137 986 1211 foedus
1015 1159 1132 1211 secum
1161 1136 1258 1210 feriri
1273 1135 1304 1226 ²)
1332 1143 1469 1228 petens.
1499 1139 1546 1211 Rt
1570 1140 1639 1212 ioe-

95 1261 154 1333 dus
181 1257 322 1351 quidem
348 1262 449 1346 tunc,
479 1257 643 1350 quonism
670 1258 802 1330 iustum
832 1263 868 1331 et
894 1260 1080 1331 honestum
1106 1262 1225 1350 petere
1253 1258 1414 1343 rebatur,
1443 1279 1522 1332 cum
1545 1260 1641 1333 Duce

94 1381 196 1454 ictum
223 1383 295 1467 est;
323 1378 365 1451 de
392 1379 661 1470 interpositione
688 1379 822 1472 gratioe
849 1379 1006 1466 habites,
1035 1399 1146 1469 neque
1172 1373 1416 1451 recusaturum
1442 1379 1551 1452 brisce
1570 1380 1639 1453 Re·

94 1521 166 1593 gom
191 1503 264 1571 tum
292 1499 399 1571 fidum
426 1498 612 1588 arbitrum,
651 1499 682 1571 si
709 1499 745 1572 id
773 1521 899 1572 munus
927 1498 1017 1572 Duci
1044 1498 1192 1572 Alberto
1219 1497 1386 1572 Austrise
1410 1520 1480 1571 nou
1499 1500 1638 1574 demen-

94 1621 217 1693 desset.
247 1617 316 1692 Sed
334 1623 369 1692 et
387 1617 516 1690 Nuntii
543 1619 745 1711 apostolici,
776 1619 1011 1711 Hieronymus
1039 1618 1213 1692 cretensis
1241 1618 1542 1711 semiepiscopus,
1575 1641 1636 1693 ns·

94 1741 183 1813 tione
210 1739 386 1824 Venetus,
416 1744 450 1812 et
477 1739 687 1812 Franciscus
720 1739 763 1812 de
790 1740 911 1812 'rursu
936 1739 1061 1812 Scenae
1093 1739 1303 1831 Theclegiee
1335 1739 1479 1828 Doctor,
1512 1740 1639 1814 Archi·

94 1861 257 1932 diaconus
285 1859 327 1932 dc
354 1858 512 1951 Astigiu,
541 1859 682 1933 notione
705 1859 903 1952 Hispanus,
933 1858 1016 1930 dum
1034 1860 1235 1951 perplures
1254 1859 1383 1952 tetigus
1402 1863 1437 1933 et
1455 1866 1639 1947 troctutns,

92 1980 218 2052 bellum
245 1978 341 2052 inter
367 1979 590 2053 Girnikonem
607 1977 637 2068 ³)
664 2001 726 2072 pro
754 1979 942 2054 Bobemise
970 1979 1065 2072 Rege
1093 1999 1130 2052 se
1157 1985 1350 2072 gerentem,
1388 1985 1423 2054 et
1451 1980 1638 2054 Wretislo·

93 2101 226 2172 cieuses
255 2099 365 2188 ciues,
393 2101 564 2172 hactenus
591 2105 745 2193 gestum,
776 2123 815 2174 eo
842 2099 1057 2188 emolitione,
1086 2105 1127 2172 ut
1153 2119 1216 2191 per
1242 2099 1433 2174 triennium
1454 2099 1639 2174 Wretisle-

93 2221 228 2292 cieuses
262 2219 351 2292 iuris
385 2219 441 2292 sui
468 2219 505 2292 in
533 2219 685 2312 singulis
717 2225 850 2309 essent,
888 2221 987 2313 lspse
1024 2241 1105 2294 vero
1141 2220 1309 2308 triennio,
1346 2219 1528 2294 Girnikoni
1542 2221 1575 2311 4)
1602 2225 1643 2294 ut

92 2339 195 2431 Regi,
226 2340 259 2412 si
287 2361 325 2414 se
352 2340 490 2413 fidelem
518 2344 553 2412 et
572 2340 749 2413 Romenee
777 2340 955 2414 Ecclesiae
987 2341 1222 2429 obedientem,
1256 2362 1371 2414 errore
1402 2342 1514 2416 ueteri
1541 2343 1640 2416 ebro·

92 2465 169 2552 gete
189 2464 247 2552 (ut
266 2461 304 2532 in
319 2459 557 2553 superioribus
576 2459 849 2552 praemisimus),
868 2457 1102 2553 praestiterit,
1122 2467 1301 2554 perorent,
1321 2461 1576 2536 extinxissent:
1597 2464 1641 2536 cd

93 2581 371 2673 extinguendum
391 2601 528 2672 qnoque
546 2582 680 2654 bellum
699 2581 968 2670 Pruthenionm,
988 2581 1091 2654 iuxts
1109 2582 1326 2671 mundetum,
1349 2582 1441 2675 quod
1460 2605 1480 2656 u
1499 2583 1642 2657 Summo

94 2699 264 2774 Pontifice
298 2705 518 2792 acceperunt,
556 2721 593 2773 se
620 2700 657 2772 in
685 2699 851 2774 Poloniue
883 2702 1044 2793 Regnum
1071 2702 1184 2774 ituros
1216 2703 1462 2794 disponebant,
1494 2704 1642 2798 Regem·

93 2841 157 2912 que
183 2822 408 2894 Kenimirum
436 2820 661 2894 solicitebunt
688 2822 730 2894 de
759 2821 960 2895 securitatis
980 2821 1165 2895 conductu.
1194 2823 1263 2895 Sed
1286 2823 1318 2895 is
1336 2823 1419 2895 illes
1438 2825 1482 2896 ed
1501 2845 1538 2897 se
1558 2824 1644 2915 (iem

92 2941 183 3014 enim
212 2943 337 3034 quoles
365 2942 433 3014 viri
461 2945 595 3030 essent,
624 2941 810 3015 didicorat:
839 2942 995 3015 Venetus
1023 2943 1116 3014 enim
1144 2963 1188 3016 ex
1215 2948 1411 3017 mercatura
1442 2944 1581 3016 nouiter
1607 2944 1645 3017 in

94 3061 331 3134 secerdotium
359 3063 570 3151 trunslutns,
604 3062 709 3136 etiem
745 3062 837 3155 opud
874 3083 956 3135 snos
993 3067 1137 3154 propter
1168 3061 1340 3155 quoddam
1378 3065 1493 3139 scelus
1526 3085 1643 3139 oense-

92 3183 195 3255 bstur
222 3181 384 3271 infumie3
412 3183 594 3276 Hispanus
621 3204 703 3256 sero
730 3181 895 3274 plurimis
923 3187 1004 3256 unte
1031 3183 1133 3258 unnis
1161 3184 1292 3256 Romue
1311 3205 1434 3258 cuneos
1453 3185 1643 3259 crucifero·

92 3325 167 3375 rum
195 3303 388 3375 adiuuabat
403 3302 434 3393 ⁵)
461 3303 597 3392 uenire,
625 3304 725 3376 reluut
752 3324 836 3375 enoc
854 3303 947 3396 perti
966 3309 1164 3395 suspectos,
1193 3303 1319 3376 uetuit.
1347 3304 1417 3377 Pro
1437 3304 1573 3378 Summi
1591 3310 1643 3378 ts·

92 3443 170 3495 men
198 3423 385 3496 Pontificis
414 3427 449 3496 et
476 3445 594 3496 eorum
620 3424 821 3512 honestate,
849 3424 981 3497 Ducem
1000 3423 1167 3498 Austriee
1185 3417 1387 3513 Albertum,
1417 3419 1644 3499 urbitiumen-

92 3549 167 3616 tum
195 3546 338 3618 iuturus
364 3545 457 3618 inter
484 3565 522 3618 se
549 3551 584 3618 et
613 3544 807 3618 truciteros
835 3544 1038 3617 concordiae
1064 3563 1353 3636 praeoccupasse,
1382 3566 1419 3618 se
1445 3545 1591 3638 insuper
1608 3545 1646 3618 in

92 3670 246 3737 remotus
275 3665 426 3738 Russisc
446 3669 481 3738 et
499 3663 688 3737 Vuluebiee
706 3668 842 3755 portes,
871 3664 914 3736 ed
932 3663 1186 3755 providendum
1204 3665 1308 3737 rebus
1327 3670 1399 3738 tem
1418 3665 1515 3752 fidei,
1541 3685 1646 3757 quum

93 3785 209 3876 Regni
239 3784 311 3874 sui,
338 3784 509 3876 publicis,
537 3784 792 3871 discessurum,
820 3783 1015 3876 rescripsit.
1045 3783 1119 3876 Quo
1146 3805 1312 3876 responso
1329 3783 1467 3874 habito,
1496 3785 1647 3878 praeisti

93 3906 285 3998 apostolici
312 3905 441 3978 Nuntii
467 3905 504 3978 in
531 3905 675 3978 Itsliem
699 3905 824 3994 Senos,
852 3905 914 3978 ubi
933 3927 970 3978 se
988 3905 1100 3997 Peps,
1131 3905 1359 3980 conuentione
1377 3905 1567 3980 Mentucns
1585 3901 1645 3979 ab·

94 4027 229 4116 soluts,
260 4027 474 4116 contulerat,
503 4045 547 4100 ex
574 4025 808 4100 Wrotislcris
833 4029 1043 4100 remearunt.
1483 4026 1487 4039 '

93 4382 204 4454 valer
228 4383 371 4452 cortuum
394 4382 429 4452 ct
451 4381 601 4470 oppidum
624 4398 644 4452 c
667 4379 835 4452 emerem
856 4378 1078 4470 interductu
1101 4382 1189 4453 tem
1207 4378 1517 4468 mucncnimmcir,
1538 4384 1650 4454 monte

93 4503 222 4574 nunc
246 4504 281 4572 ct
304 4501 464 4591 zpvpcer
484 4502 519 4572 iu
539 4503 743 4590 potestatem
757 4501 856 4590 begis
871 4500 1024 4573 kazimiri
1038 4501 1197 4588 reductis,
1218 4501 1470 4591 sprccdcnibuc
1483 4503 1649 4591 purgetur.

200 4750 349 4822 Purenti
376 4748 557 4821 Kenimiro
584 4747 674 4841 Regi
688 4747 720 4837 ὖ)
747 4768 792 4820 ex
816 4747 981 4821 Crecovie
1000 4748 1037 4820 in
1056 4744 1326 4820 Rutbenicelem
1346 4745 1440 4821 ore'm
1459 4745 1647 4836 discedere,

94 4871 164 4943 duo
193 4869 317 4943 tristes
344 4869 537 4942 efferuntur
563 4867 692 4941 nuntii.
721 4869 768 4940 Rt
794 4889 886 4940 uuus
915 4868 1055 4961 quidem
1082 4868 1326 4955 denuntiabat,
1354 4874 1508 4940 cestrum
1533 4872 1569 4940 ct
1588 4888 1648 4958 cp*-

96 4991 223 5083 pidnm
261 4991 397 5078 Wulcn,
434 4988 672 5082 negligentius
699 5009 720 5060 u
747 5009 810 5061 suo
837 4988 1014 5062 tenuterio
1050 4989 1205 5062 Iobunne
1241 4988 1423 5062 Wedelski
1456 4988 1565 5079 (Sero
1591 4987 1650 5060 bic

208 5281 234 5362 ¹)
255 5282 447 5344 Bertosoldus
469 5281 601 5358 Rmpsch
626 5275 701 5343 Occi.
717 5277 834 5342 'Przem
866 5279 1057 5360 (Bartholdus
1088 5277 1244 5360 Einpaob).
1277 5279 1304 5359 ⁸)
1326 5279 1401 5341 inire
1437 5275 1512 5346 Ood.
1542 5275 1652 5344 Przct.

98 5385 126 5465 ³)
150 5388 316 5463 Georgium
339 5383 402 5446 Ed.
426 5382 516 5468 Lipe.
541 5383 567 5464 ⁴)
591 5385 719 5461 Georgio
742 5381 805 5447 Ed.
830 5381 920 5466 Lips.
949 5379 977 5466 ⁶)
1000 5385 1192 5461 promovebat
1213 5385 1277 5444 eive
1294 5384 1458 5443 adiuvabat
1477 5379 1540 5446 Ed.
1564 5379 1653 5466 lupo.

98 5489 124 5570 ⁸)
149 5491 295 5550 Poloniae
316 5489 400 5566 Regi*
413 5485 477 5549 Ed.
500 5485 595 5571 Lipc.
670 5484 673 5492 '
