4040 6290
83 546 363 647 (Α.ῠ.1470.)
598 572 711 627 urnas
737 573 983 628 nuonncnnue
1011 557 1133 646 (xiii).'
1562 559 1637 632 543

82 755 122 828 in
150 756 283 831 Rudom
310 756 472 846 remissa,
501 757 538 831 in
561 757 697 832 Novam
725 758 912 834 Civitatem
939 760 1108 850 Korcniu,
1137 759 1194 835 dio
1222 761 1334 853 Solis,
1364 767 1489 856 quarta
1506 763 1640 840 decima

83 877 245 952 Octobris
264 880 292 958 ¹)
320 878 434 952 uenit:
464 878 527 952 ubi
554 899 632 953 cum
664 880 854 954 baronibus
882 885 917 955 et
944 880 1120 955 militibus
1153 886 1325 956 terrarum
1354 883 1640 960 Crooouiensium

84 999 261 1073 celebrato
295 1003 484 1087 conventu,
519 1000 654 1073 animos
687 1021 805 1074 eorum
843 1001 887 1075 ad
920 1002 1099 1076 ferendum
1130 1003 1314 1098 pecuniale
1341 1004 1546 1099 suffragium
1577 1027 1640 1099 pro

87 1119 318 1194 exsolvendis
346 1119 603 1212 stipendiariis
633 1121 789 1194 oratione
808 1143 872 1194 suu
890 1122 1086 1196 inclinauit.
1115 1123 1252 1198 Exinde
1274 1124 1311 1198 in
1328 1127 1527 1218 generalem
1545 1126 1640 1201 diae·

82 1245 158 1314 tam
185 1241 496 1333 Pyotrlovionsom
514 1262 577 1333 pro
597 1243 686 1316 festo
716 1242 922 1316 Sanctorum
942 1242 1095 1316 Simonis
1115 1249 1151 1317 et
1168 1245 1278 1319 Indae
1294 1244 1325 1335 2)
1353 1247 1555 1337 tenendam,
1574 1269 1637 1340 por

81 1361 334 1435 monesterium
368 1361 517 1435 Sanctae
549 1361 669 1434 crucis
698 1367 733 1434 at
760 1362 894 1436 Rudom
926 1364 1115 1456 processit,
1144 1369 1179 1438 et
1206 1365 1243 1438 in
1270 1366 1520 1458 Pyotrkouiam
1548 1369 1636 1442 laria

81 1485 251 1572 secunde,
279 1483 317 1556 in
344 1481 497 1555 crastino
526 1481 733 1556 Sanctorum
768 1483 921 1557 Simonis
949 1488 985 1558 et
1011 1484 1121 1560 Iudae
1153 1485 1308 1559 advenit.
1342 1488 1388 1560 Et
1414 1488 1567 1581 primum
1595 1490 1636 1564 de

81 1603 249 1678 instituto
277 1603 465 1696 principali
493 1602 668 1692 subsidio,
697 1603 863 1678 uidelicet
890 1591 1096 1697 pecuniali,
1112 1627 1175 1698 pro
1197 1608 1376 1682 soluendis
1396 1609 1638 1702 stipendiariis

79 1725 190 1818 regiis
218 1723 374 1813 ferendo,
402 1723 619 1816 rogationem
646 1724 739 1816 apud
767 1725 986 1798 consiliarios
1015 1732 1050 1798 et
1069 1726 1203 1801 milites
1231 1728 1314 1820 egit.
1344 1729 1491 1823 Magnae
1509 1731 1546 1802 in
1564 1752 1637 1804 rem

79 1847 174 1919 hana
205 1845 370 1918 contiuuo
402 1845 561 1938 ingestae
595 1849 678 1917 sunt
709 1845 955 1936 difficultates,
994 1847 1086 1940 qnod
1119 1853 1154 1922 et
1181 1848 1384 1922 Kanimirns
1422 1851 1500 1924 Rex
1534 1853 1637 1926 aunis

79 1967 270 2060 plusquam
297 1965 427 2059 uiginti
455 1965 569 2038 tribus
596 1967 689 2059 apud
717 1966 869 2039 Polouos
896 1969 1089 2060 imperans,
1123 1969 1201 2042 iura
1226 1970 1341 2064 Regni
1379 1971 1499 2064 sigillo
1528 1971 1634 2046 Maie-

80 2089 189 2162 statis
215 2089 253 2160 in
280 2088 434 2161 favorem
461 2086 718 2160 Lithuanorum
747 2089 951 2162 confirmare
978 2089 1205 2164 detrectabat.
1240 2091 1309 2165 Sed
1336 2095 1371 2166 et
1398 2092 1541 2166 maioris
1568 2094 1635 2166 Po·

80 2208 200 2282 loniue
227 2207 359 2282 milites
387 2207 425 2280 in
452 2207 603 2282 diaetam
630 2207 744 2301 ipsam
770 2210 986 2302 generalem,
1017 2211 1078 2284 sed
1105 2233 1217 2304 nequo
1244 2211 1282 2285 in
1308 2211 1414 2303 alias,
1444 2235 1532 2306 qnae
1552 2223 1634 2290 ante

80 2331 281 2423 generalem
314 2329 539 2416 tenebuntur,
572 2330 692 2404 uenire
721 2351 764 2404 ox
792 2329 967 2404 industria
1000 2331 1205 2424 omiserant,
1239 2333 1399 2408 absentia
1427 2356 1491 2408 sua
1519 2335 1635 2410 deoro-

79 2451 252 2524 tationem
268 2449 299 2540 3)
328 2451 478 2524 subsidii
505 2450 676 2525 aversuri.
706 2451 904 2526 Accedebat
930 2451 1084 2526 militum
1112 2458 1284 2527 terrarum
1311 2454 1462 2530 Russiao
1486 2456 1634 2550 rogatio,

81 2573 146 2666 qui
173 2594 242 2645 non
274 2572 379 2645 aliter
407 2593 444 2644 se
472 2571 515 2644 ad
549 2572 729 2645 ferendum
763 2572 959 2646 subsidium
992 2595 1222 2652 consensuros
1254 2576 1492 2666 affirmabant,
1527 2577 1636 2652 donec

80 2701 255 2768 terrarum
282 2693 434 2767 Russiao
453 2714 473 2765 a
494 2693 676 2766 Thartaris
702 2692 864 2787 legitima
882 2697 918 2767 ot
936 2694 1060 2767 efficax
1080 2693 1328 2770 institueretur
1346 2697 1514 2770 detonsio.
1543 2696 1634 2790 Qua·

79 2839 162 2888 runi
188 2837 303 2890 rerum
331 2814 505 2888 involutio
530 2820 566 2888 et
591 2815 783 2888 difficultas
810 2815 1053 2889 conventionis
1079 2837 1303 2909 progressum
1326 2817 1364 2890 in
1383 2817 1458 2890 dies
1478 2817 1636 2894 extraxit

80 2937 244 3031 triginta.
273 2937 424 3010 Tandem
452 2935 632 3009 Kanimiro
661 2936 757 3030 Rege
784 2937 993 3012 necessitate
1024 2945 1186 3029 parente,
1220 2943 1255 3012 et
1281 2938 1359 3011 iura
1386 2938 1500 3032 Regni
1527 2939 1633 3014 Maie-

81 3059 190 3131 statis
229 3057 365 3152 sigillo,
404 3057 495 3150 quod
529 3056 681 3149 primum
712 3063 797 3130 tuuc
830 3059 967 3132 ostendi
994 3059 1170 3150 permisit,
1204 3061 1406 3134 confirmare
1432 3059 1634 3152 pollicente,

81 3179 237 3252 fertones
265 3179 306 3251 de
334 3177 509 3251 universis
537 3179 649 3252 laneis
681 3179 813 3272 Regni,
846 3179 938 3253 iufra
970 3181 1104 3281 festum·
1125 3180 1387 3254 Purificationie
1402 3182 1434 3272 4)
1462 3181 1633 3272 solvendi,

81 3299 226 3374 decreti.
260 3299 589 3374 Ecclesiasticorum
621 3299 726 3374 etiam
759 3300 957 3373 subsidium
985 3307 1069 3374 tuno
1095 3300 1264 3393 potitum,
1293 3301 1492 3395 pollicitum
1521 3302 1634 3397 magis

81 3443 189 3513 quam
221 3422 414 3508 decretum;
452 3421 651 3495 exactiones
683 3421 829 3513 insuper
859 3422 897 3494 iu
929 3443 1047 3496 omnes
1081 3422 1245 3496 civitates
1278 3423 1392 3517 Regni
1429 3423 1633 3514 institutam

81 3565 103 3616 a
133 3542 389 3636 stipendiariis,
424 3541 551 3634 quibus
584 3543 714 3616 solutio
747 3543 905 3616 facienda
938 3547 1027 3632 erat,
1062 3543 1233 3618 terminus
1265 3545 1413 3618 ulterior
1439 3545 1572 3638 petitus
1599 3549 1635 3619 et

81 3667 260 3740 obtentus.
282 3663 417 3738 Summi
436 3663 619 3736 Pontificio
633 3663 739 3736 Pauli
758 3664 901 3738 secundi
921 3664 1067 3753 oratori,
1088 3665 1289 3739 Alexandro
1313 3665 1527 3740 Forliviensi
1541 3665 1633 3759 opis-

80 3809 185 3881 copo,
213 3786 251 3858 in
278 3785 429 3859 diaetam
456 3784 569 3877 ipsam
585 3783 616 3874 5)
645 3785 828 3875 accersito,
857 3785 1074 3878 benigneque
1100 3790 1266 3876 tractato,
1296 3786 1552 3862 excellentibus
1579 3809 1632 3862 ro·

81 3911 264 3983 munerato
292 3905 409 3994 donis,
437 3926 642 3998 responsum
657 3907 704 3996 6);
734 3910 775 3978 nt
801 3906 1008 3980 Pontificem
1036 3905 1246 3996 Maximum,
1275 3928 1453 3998 reversus,
1481 3913 1632 4002 rogaret,

85 4053 157 4124 quo
184 4031 321 4102 firmare
348 4026 386 4100 iu
413 4025 488 4100 iure
524 4027 639 4120 Regni
671 4027 860 4101 Bohemiae
891 4049 961 4100 non
988 4027 1092 4116 alios,
1123 4048 1226 4120 quam
1253 4027 1347 4100 lilios
1369 4027 1501 4122 regios,
1529 4033 1634 4122 prout

82 4154 254 4225 hactonus
283 4148 370 4242 egit,
403 4147 622 4240 dignaretur,
656 4169 768 4241 neque
796 4169 833 4222 se
861 4148 903 4222 ab
931 4152 996 4222 huc
1024 4148 1199 4222 sententia
1230 4149 1368 4222 detrahi
1399 4148 1631 4242 permitteret,

16 4329 20 4337 ,
82 4292 197 4365 usque
224 4271 267 4344 ad
295 4274 470 4342 oratorum
497 4269 672 4362 regiorum
699 4271 904 4344 adrentum:
934 4291 1020 4362 quoe
1045 4291 1082 4344 se
1101 4270 1179 4344 Rex
1196 4276 1278 4362 post
1295 4290 1425 4362 paucos
1452 4269 1528 4345 dies
1546 4271 1630 4344 mis·

83 4414 205 4468 surum
234 4389 404 4477 astruxit,
434 4411 525 4463 nova
552 4391 715 4464 mandata
747 4396 852 4484 atque
880 4391 1129 4465 instructiones
1156 4391 1194 4464 iu
1221 4392 1278 4464 his
1304 4396 1339 4465 et
1357 4392 1439 4465 aliis
1457 4391 1562 4466 rebus
1581 4393 1631 4466 la·

84 4520 197 4587 turos.
226 4513 348 4586 Novus
377 4511 483 4584 etiam
510 4512 676 4586 Prussiae
711 4512 879 4606 Magister
917 4512 1092 4585 Honricus
1120 4513 1162 4586 de
1189 4511 1458 4606 Richtemburg,
1486 4534 1548 4606 pro
1576 4513 1633 4589 die

85 4635 208 4710 Sancti
235 4632 418 4707 Michaelis
446 4632 538 4724 apud
566 4632 744 4727 Kinsberg
771 4633 923 4707 comitiis
948 4633 1141 4720 institutis,
1175 4633 1391 4710 concorditer
1417 4635 1566 4725 electus,
1595 4635 1632 4709 in

83 4758 235 4831 diaetam
263 4755 472 4846 praefatum,
501 4754 634 4827 decima
662 4755 811 4848 septima
838 4754 1048 4829 Novembris
1066 4755 1095 4844 ⁷)
1123 4754 1179 4828 die
1207 4754 1366 4844 Saturni,
1400 4757 1633 4848 personaliter

83 4878 244 4965 ueniens,
273 4896 419 4949 occursu
447 4875 747 4969 septingentorum
775 4897 958 4968 equorum,
992 4896 1117 4968 magno
1145 4875 1275 4950 honore
1303 4881 1471 4970 exceptus
1486 4876 1530 4968 8),
1558 4899 1630 4954 ma-

194 5189 217 5269 ¹)
238 5192 348 5252 menois
372 5189 509 5252 Octobris
533 5185 596 5250 Ea.
621 5187 714 5272 Lipc.
739 5185 765 5270 ²)
789 5188 917 5251 Simonis
940 5195 970 5252 et
990 5189 1082 5252 Iudae
1104 5189 1312 5270 Apostolorum
1335 5187 1399 5264 Ed.
1423 5190 1513 5277 Dipo.
1538 5191 1566 5276 ³)
1582 5194 1631 5256 de·

82 5295 289 5358 trectutionam
318 5290 381 5356 Ed.
412 5290 506 5375 Lips.
538 5290 564 5371 ⁴)
595 5293 811 5354 Purificatiouis
841 5293 967 5356 Sanctae
997 5295 1108 5357 Mariae
1134 5295 1265 5373 Virginis
1286 5292 1351 5359 Ed.
1374 5292 1464 5380 Lips.
1490 5295 1515 5377 ⁶)
1537 5299 1633 5374 ipsam

81 5399 346 5477 Pyotrkoviensem
370 5395 432 5460 Ed.
456 5393 550 5480 Lips.
574 5393 601 5476 ⁶)
623 5415 797 5474 responsum
820 5401 865 5460 oet
886 5394 950 5460 Ed.
973 5395 1065 5482 Lips.
1090 5396 1116 5479 7)
1140 5401 1249 5462 mensis
1264 5401 1442 5464 Novembris
1457 5397 1520 5464 Ed.
1537 5397 1631 5485 Lipa

84 5502 111 5586 8)
135 5507 275 5580 exceptus
298 5507 343 5564 cet
365 5497 429 5564 Ed.
453 5497 546 5583 Iope.
1202 5515 1205 5520 ·
1503 5517 1506 5524 ’
