4126 6280
402 533 475 604 192
908 551 1021 603 crena
1047 550 1292 604 nuennomrus
1320 531 1434 621 (666).
1670 529 1736 628 (Α.
1759 530 1803 604 D.
1824 529 1947 630 1454.)

399 737 541 811 interim
561 739 587 827 1)
615 739 827 810 Polonornm
846 737 1035 810 inhumane
1064 743 1098 811 et
1126 738 1315 811 crudeliter
1342 736 1435 830 apud
1463 741 1615 810 castrum
1644 733 1869 832 Marienburg
1896 759 1946 811 as·

400 859 645 948 servabantur,
684 863 719 932 61
745 859 865 950 plnres
892 880 1052 946 numero,
1089 863 1151 930 ant
1179 860 1268 931 fame
1297 858 1481 946 tabefacti,
1512 859 1623 952 aliqui
1651 859 1860 951 squalore²)
1890 881 1946 932 an-

399 979 506 1068 xiati,
535 979 657 1052 dietim
685 979 939 1066 moriebantur,
968 1000 1081 1071 neque
1100 979 1220 1072 aliqua
1238 980 1491 1071 compassionis
1511 981 1719 1074 tangebatur
1738 1002 1837 1071 cura,
1867 981 1948 1072 quin

400 1101 506 1173 etiam
533 1100 571 1173 in
598 1100 803 1191 absumptos
832 1099 1051 1190 saeviebant,
1085 1099 1243 1192 negando
1271 1099 1346 1172 illis
1375 1101 1610 1192 sepulturam,
1640 1107 1675 1173 et
1703 1101 1864 1195 singulos
1892 1101 1949 1192 qni

401 1221 576 1310 obierant,
606 1221 706 1313 equis
735 1225 881 1310 tractos,
911 1221 947 1293 in
976 1222 1104 1294 flumen
1138 1221 1253 1293 Wiela
1285 1220 1499 1312 prolicienda
1515 1219 1564 1310 3);
1598 1222 1635 1294 in
1664 1243 1731 1314 qno
1759 1223 1948 1295 crucifero-

401 1363 479 1414 rum
507 1343 672 1434 apparuit
699 1346 844 1414 cruenta
877 1341 1041 1414 saevitia:
1076 1341 1168 1433 quod
1200 1342 1238 1413 in
1266 1363 1341 1428 666,
1376 1363 1461 1432 quoe
1504 1347 1682 1435 ceperant,
1721 1343 1890 1434 superbos
1917 1363 1950 1415 se

402 1467 437 1536 et
464 1463 674 1535 inhumanos
701 1467 872 1556 gererent.
901 1463 1021 1535 Missis
1049 1467 1166 1535 autem
1194 1463 1231 1534 in
1259 1484 1377 1535 omnes
1405 1463 1659 1536 Almannorum
1686 1470 1797 1536 terras
1816 1463 1951 1535 6661116

402 1588 438 1656 61
465 1583 597 1673 literis,
627 1583 845 1675 triumphum
874 1604 993 1671 suum,
1022 1587 1175 1674 quantus
1203 1581 1328 1671 fuerit,
1361 1603 1405 1655 ex
1434 1585 1608 1676 frequenti
1640 1585 1861 1678 captivorum
1894 1605 1950 1655 no-

402 1703 494 1776 mine
523 1709 558 1777 61
585 1725 729 1776 numero
757 1704 964 1792 ostendunt,
999 1705 1180 1796 multoque
1212 1703 1404 1796 pleniorem
1432 1709 1467 1778 et
1494 1705 1689 1779 uberiorem
1720 1707 1857 1780 cladem
1886 1705 1950 1777 Re-

401 1825 457 1918 gis
472 1825 515 1915 ⁴),
545 1847 649 1917 qnam
680 1829 721 1897 61
749 1829 838 1914 6661,
869 1825 980 1896 161166
1012 1830 1117 1917 atque
1145 1825 1303 1898 inflatius
1330 1826 1562 1917 perscribant.
1591 1817 1637 1898 Et
1656 1847 1723 1918 quo
1742 1827 1878 1919 gratior
1897 1827 1951 1896 fie-

402 1951 456 2018 ret
483 1946 721 2036 denuntiatio,
750 1947 974 2037 adfingebant
993 1946 1213 2019 Karimirum
1232 1947 1363 2038 Regem
1382 1950 1559 2036 necatum,
1581 1968 1687 2038 seque
1705 1947 1804 2019 illius
1823 1946 1954 2018 amictu

403 2067 537 2160 potitos
565 2088 658 2156 6666,
687 2068 796 2140 6116
824 2067 899 2139 6616
928 2067 1149 2140 successibus
1177 2066 1369 2140 insolentes
1397 2067 1555 2141 homines
1583 2069 1698 2141 solent
1724 2068 1937 2160 praedicare.

403 2422 505 2513 leger
526 2422 624 2512 aegre
646 2421 799 2494 floriniri
821 2423 963 2509 ruimus,
986 2424 1144 2495 asonatv
1161 2427 1305 2510 orootrs,
1328 2423 1502 2496 16161166
1517 2424 1742 2496 lutherium
1757 2425 1956 2510 accenditur,

676 2545 711 2614 et
733 2543 835 2632 legati
857 2543 986 2615 interea
1009 2560 1028 2614 a
1051 2543 1200 2616 16116166
1223 2544 1405 2634 longeriae
1427 2545 1514 2636 lfege
1536 2545 1683 2617 redeunt.

510 2792 629 2882 11665)
649 2791 867 2881 Κ661661666,
896 2793 1062 2866 Prussiae
1090 2793 1267 2866 nobilibus
1287 2798 1322 2866 et
1341 2793 1546 2866 civitatibus
1562 2793 1598 2865 in
1613 2793 1754 2886 propria
1772 2816 1853 2867 cnm
1869 2795 1957 2866 bona

405 2934 466 3006 spe
493 2912 703 3001 licentiatis,
733 2934 776 2986 ex
804 2913 998 3005 Nyesehovv
1026 2915 1063 2987 in
1091 2915 1283 3006 Brzesczpe
1310 2914 1467 2987 divertit.
1496 2914 1554 2987 Ibi
1572 2915 1614 2986 ad
1633 2915 1737 2986 illum
1759 2916 1956 3006 pontifices,

406 3034 636 3122 (1666666616,
669 3033 981 3106 Wladislaviensis
1006 3039 1041 3107 et
1059 3033 1327 3124 Posnaniensie,
1357 3039 1392 3107 61
1418 3035 1538 3126 plures
1570 3034 1718 3108 barenes
1751 3035 1956 3124 adveniunt,

406 3163 441 3230 et
469 3177 573 3248 super
599 3155 704 3228 rebus
732 3155 822 3228 male
848 3155 976 3247 gestis,
1005 3161 1045 3227 nt
1074 3156 1223 3228 celerius
1252 3156 1355 3249 erigi,
1385 3156 1635 3249 reformatione
1653 3157 1807 3248 possint,
1836 3159 1957 3248 plnres

405 3277 546 3349 diesin
574 3276 786 3349 6666616616
814 3276 1014 3349 absumunt.
1044 3277 1217 3367 Sbigneus
1250 3277 1445 3349 Cardinafis
1474 3283 1508 3350 et
1536 3278 1719 3369 episcopus
1752 3278 1957 3351 cracovien-

407 3399 474 3487 sis,
504 3397 667 3489 quoniam
694 3397 927 3490 personaliter
954 3397 1076 3470 adesse
1095 3398 1278 3490 nequibat,
1311 3419 1373 3490 per
1406 3399 1550 3472 nuntios
1579 3403 1613 3471 61
1640 3399 1762 3472 literas
1794 3401 1959 3471 hortatur

406 3519 596 3612 Regemf),
626 3523 667 3589 61
700 3539 796 3610 spem
823 3518 948 3590 bonam
976 3524 1183 3608 resumeret,
1217 3519 1397 3611 cladisque
1425 3519 1694 3610 Choynioaensis
1726 3525 1798 3592 tam
1825 3541 1957 3592 momo-

407 3640 512 3729 riam,
542 3661 645 3732 quam
665 3638 893 3732 ignominiam
917 3639 1139 3728 obliteraret;
1167 3639 1346 3731 proprium
1375 3661 1466 3729 esse,
1501 3641 1705 3728 ostendens,
1739 3641 1958 3733 ignavorum,

407 3761 583 3853 trepidare
611 3760 878 3832 offensionibus:
900 3781 918 3833 e
937 3765 1058 3832 eontra
1076 3781 1174 3848 vero,
1195 3760 1350 3832 virorum
1370 3761 1529 3849 fortium,
1559 3761 1703 3833 meliora
1728 3762 1850 3850 etiam,
1882 3767 1960 3854 post

406 3904 462 3956 res
490 3880 680 3954 infeliciter
707 3886 841 3974 gestas,
871 3902 1027 3972 sperare,
1056 3885 1091 3954 et
1119 3881 1287 3954 victorem
1322 3859 1425 3973 posse
1467 3881 1558 3954 effici
1590 3882 1742 3956 faciliter
1778 3903 1821 3954 en
1852 3884 1958 3970 vieto,

408 4003 439 4075 si
467 4023 504 4074 se
531 4002 681 4094 gesserit
707 4006 987 4092 perseveranter,
1016 4024 1095 4075 cum
1122 4003 1250 4074 iterum
1278 4002 1469 4075 variaverit
1488 4004 1628 4075 fortuna
1645 4024 1858 4096 regressum.
1890 4004 1960 4076 Nec

408 4121 604 4196 (1661166116
631 4126 785 4210 tantum,
815 4122 875 4194 sed
904 4123 1454 4212 61661616616666666661116611,
1481 4124 1573 4196 nihil
1591 4124 1840 4216 Ohoynicrensi
1864 4125 1959 4197 clade

407 4243 541 4332 territi,
571 4263 725 4314 summae
752 4263 867 4315 rerum
896 4264 1037 4316 suarum
1064 4265 1286 4336 prosperum,
1316 4266 1360 4318 ox
1388 4245 1511 4318 multis
1538 4246 1772 4337 respectibus
1802 4249 1838 4317 et
1860 4267 1905 4318 ex
1924 4266 1958 4317 eo

409 4365 576 4453 maxime,
606 4363 698 4455 quod
725 4363 888 4435 civitates
917 4385 1035 4437 omnes
1062 4366 1275 4458 principales
1295 4366 1460 4439 Prnssiae
1479 4367 1596 4454 fidem,
1617 4366 1716 4438 clade
1734 4370 1874 4454 secuta,
1895 4387 1960 4436 non

410 4491 646 4574 mutaverant,
676 4484 920 4557 ominabantur
947 4486 1108 4577 portendi
1136 4491 1311 4560 eventum.
1340 4487 1427 4559 Plus
1456 4487 1584 4560 etenim
1608 4488 1791 4560 constabat
1810 4485 1958 4579 ignomi-

410 4607 505 4695 niae,
543 4627 647 4698 quam
683 4606 794 4678 cladis
830 4607 873 4678 ad
907 4607 1137 4698 Ohoynicnam
1180 4612 1377 4699 acceptum,
1415 4608 1589 4681 Kazimiri
1624 4607 1734 4700 Regis
1761 4608 1960 4699 praeseutia

411 4731 560 4819 augente
586 4726 824 4817 ignominiam.
853 4727 1000 4800 Interim
1029 4733 1064 4800 et
1091 4728 1265 4801 Iohannes
1294 4729 1335 4800 de
1354 4729 1530 4801 Thanozin
1557 4729 1736 4820 palatinus
1756 4729 1958 4800 cracovien-

2051 4751 2052 4782 1

2050 4793 2052 4822 v

412 4848 478 4937 sis,
508 4853 543 4921 et
570 4848 697 4920 Petrus
725 4848 767 4920 (16
795 4848 1013 4920 Schamotuli
1041 4850 1256 4922 castellanus
1288 4849 1553 4938 Posnanieneis‚
1587 4849 1648 4941 qui
1676 4849 1713 4921 16
1740 4851 1893 4942 Pragam
1920 4848 1959 4920 ad
2050 4843 2051 4886 ³

411 4969 615 5041 Ladislaum
644 4967 846 5059 Hungariae
874 4975 909 5041 et
937 4971 1125 5042 Bohemiae
1159 4971 1290 5062 Regem
1318 4969 1419 5042 missi
1443 4974 1557 5058 erant,
1592 4973 1626 5042 61
1653 4971 1696 5042 (16
1723 4971 1819 5043 clade
1853 4970 1958 5062 regia,

412 5090 558 5182 speciali
590 5088 714 5161 nuntio
747 5089 784 5160 in
812 5089 959 5182 Pragam
993 5090 1140 5178 avisati,
1175 5089 1428 5163 moestissimos
1459 5092 1582 5163 vultus
1610 5093 1777 5180 ferentes,
1810 5091 1958 5163 advene·

522 5363 544 5445 1)
566 5367 679 5425 interea
703 5359 778 5426 coa.
803 5361 869 5425 Lis.
896 5362 922 5440 Ω)
944 5370 996 5424 aut
1010 5365 1136 5425 66666616
1152 5365 1289 5440 squalore
1305 5362 1367 5426 Ed.
1384 5361 1477 5448 Lipo.
1501 5361 1959 5447 3)666116161)66106111666.
2050 5337 2051 5381 ³

414 5467 440 5551 ⁴)
466 5469 600 5529 Oasimiri
623 5467 714 5543 Regis
737 5465 799 5529 Ec.
824 5465 917 5550 Lipo.
943 5463 971 5550 l)
994 5470 1057 5529 Rex
1079 5470 1220 5530 Poloniae
1236 5465 1299 5531 Ed.
1317 5467 1409 5552 Lipa.
1430 5467 1458 5551 θ)
1475 5470 1649 5531 Oasimirnm
1664 5472 1775 5547 Regem
1790 5467 1853 5532 Ea.
1871 5468 1959 5553 Lips.
