4126 6280
422 480 497 553 200
929 503 1043 557 66666
1069 501 1314 557 nuonucmrus
1342 482 1457 572 (nur).
1691 471 1758 573 (Α.
1778 468 1826 545 D.
1848 466 1974 566 1455.)

420 711 498 778 rus,
527 690 713 762 illustrans
740 712 809 762 nou
838 690 952 762 solum
980 689 1095 784 Regni
1122 689 1290 763 Poloniae
1318 693 1354 762 et
1381 686 1549 764 ecclesiae
1580 684 1822 758 Oracoviensis
1857 683 1973 774 splen·

420 810 554 899 dorem,
588 811 648 884 sed
682 810 788 883 etiam
820 811 996 884 cardinem
1028 811 1206 884 Romanae
1238 810 1416 884 Ecclesiae
1448 808 1644 902 insigniens
1672 829 1736 880 sua
1762 825 1919 899 persona
1944 811 1976 877 et

420 931 625 1004 nobilitans.
655 931 819 1024 Palisque
847 937 931 1005 1666
957 931 1133 1024 pontifex,
1162 931 1339 1020 defensor,
1367 935 1536 1024 patronus
1573 933 1608 1003 et
1634 933 1734 1022 pater
1759 927 1902 1020 patriae
1925 931 1976 998 cst

423 1053 564 1125 ablatus
590 1052 712 1146 Regno
740 1052 925 1141 Polonico,
955 1053 1095 1144 qualem
1122 1057 1178 1144 (ut
1197 1055 1365 1146 auguror)
1393 1052 1533 1126 saecula
1551 1051 1651 1122 nulla
1668 1050 1878 1123 restituent:
1910 1069 1976 1140 quo

423 1173 460 1244 in
488 1172 704 1245 defendenda
736 1173 804 1246 fide
835 1173 1009 1246 catholica
1042 1178 1077 1247 et
1104 1174 1268 1247 libertato
1301 1171 1538 1246 ecclesiastiea
1569 1192 1670 1244 nemo
1701 1171 1913 1258 animosior;
1941 1170 1976 1241 iu

422 1293 681 1386 pronuntiando
709 1297 745 1366 et
772 1294 986 1367 decernendo
1014 1294 1108 1366 iusto
1133 1295 1280 1382 iudicio,
1309 1299 1344 1366 et
1363 1293 1575 1368 defendendo
1594 1315 1746 1386 paupere
1769 1297 1804 1366 61
1823 1291 1976 1383 pupillo,

421 1435 521 1486 nemo
549 1413 783 1502 constantien
812 1415 849 1486 iu
877 1415 1003 1488 alendo
1031 1435 1154 1508 egeno,
1183 1415 1367 1508 peregrino
1395 1413 1633 1506 suscipiendo,
1662 1435 1741 1487 aere
1769 1414 1888 1486 alieno
1918 1433 1977 1504 op·

421 1555 541 1626 presso
568 1534 774 1623 relevando,
803 1556 903 1608 nemo
931 1535 1123 1627 profusior;
1157 1536 1194 1608 iu
1221 1537 1401 1608 dilatando
1434 1536 1563 1608 honore
1590 1539 1625 1608 et
1652 1535 1891 1626 amplitudine
1918 1555 1978 1624 pa

421 1654 526 1744 triae,
555 1675 655 1728 nemo
675 1653 892 1747 vigilantior.
921 1655 1055 1749 Corpus
1074 1678 1176 1728 suum
1196 1677 1239 1730 ex
1259 1656 1478 1730 Sardemiria
1496 1656 1533 1728 in
1552 1656 1752 1730 cracoviam
1771 1656 1977 1741 adductum,

422 1776 510 1849 feria
537 1779 663 1867 quarta
689 1781 770 1868 post
799 1777 926 1849 festum
954 1778 1126 1866 Paschae,
1155 1798 1244 1870 quae
1272 1777 1341 1850 fuit
1368 1799 1459 1850 nona
1485 1777 1621 1869 Aprilis
1642 1779 1681 1867 ¹),
1714 1776 1981 1850 ecclesiasticae

423 1897 625 1987 sepulturae
652 1896 690 1969 iu
715 1918 805 1969 urna
832 1919 947 1982 aerea,
980 1919 1043 1990 per
1073 1919 1169 1988 eum,
1202 1897 1285 1970 dum
1317 1899 1467 1988 viveret,
1504 1898 1679 1986 ordinata,
1711 1899 1749 1970 in
1786 1897 1887 1970 chori
1925 1917 1979 1968 66-

423 2016 981 2108 11661661166661661661)6666116
1018 2017 1204 2107 traditum,
1241 2023 1277 2092 et
1305 2019 1371 2092 sibi
1406 2019 1491 2091 adeo
1524 2019 1640 2092 omnia
1671 2017 1875 2090 iustissima
1902 2017 1982 2109 lege

424 2159 445 2208 6
473 2138 565 2210 clero
592 2141 629 2211 et
656 2139 786 2230 populo
813 2139 994 2231 persoluta
1021 2145 1120 2229 suut,
1149 2144 1189 2211 ut
1216 2161 1342 2231 corpus
1370 2139 1504 2212 Summi
1528 2138 1726 2228 Pontificio,
1755 2139 1982 2224 Caesareum,

424 2263 486 2330 aut
512 2257 665 2351 regium,
694 2260 776 2351 plus
804 2259 1000 2332 honestatis
1029 2267 1064 2334 et
1091 2259 1307 2334 celebritatis
1339 2282 1409 2332 uon
1442 2263 1536 2333 esset
1567 2264 1804 2351 accepturum.
1842 2257 1983 2350 capelli

425 2383 498 2452 tres
525 2379 640 2466 rubei,
670 2379 714 2452 ad
742 2380 966 2472 sepulchrum
995 2402 1097 2453 suum
1125 2380 1305 2472 suspensi,
1338 2379 1524 2473 designant
1551 2379 1654 2452 illurn
1682 2379 1846 2452 utribus
1875 2379 1982 2451 Sum·

424 2499 492 2572 mis
521 2499 770 2587 Pontificibus,
799 2501 957 2594 Eugenio
986 2507 1127 2593 quarto,
1155 2501 1276 2575 Felice
1299 2501 1422 2594 quinto
1441 2505 1477 2574 et
1494 2500 1641 2573 Nicolao
1660 2500 1801 2592 quinto,
1830 2500 1870 2571 in
1891 2499 1982 2572 Sau·
2055 2543 2058 2666 Q

426 2624 504 2692 ctae
520 2618 551 2708 3)
579 2621 758 2694 Romanae
790 2622 968 2696 Ecclesiae
992 2621 1209 2696 cardinalem
1236 2628 1305 2711 ter,
1334 2622 1426 2715 quod
1457 2621 1589 2695 nomini
1620 2621 1813 2712 priscorum
1846 2621 1986 2714 legitur
2057 2673 2059 2718 3

425 2741 633 2833 contigisse,
662 2742 889 2815 declaratum.
918 2744 1162 2818 Praecesserat
1188 2748 1304 2816 autem
1333 2743 1525 2835 Sbigneum
1557 2742 1777 2815 Gurdinalem
1792 2743 1823 2831 ⁴)
1852 2742 1985 2814 diebus
2058 2741 2059 2744 ’

425 2981 522 3055 libus
551 2987 585 3056 et
612 2983 772 3057 ducentis
800 2983 960 3057 millibus
983 2985 1191 3058 florenorum
1215 3005 1277 3077 pro
1296 2985 1395 3058 urbis
1414 2983 1822 3076 constantinopolitanae
1842 2983 1886 3056 de
1907 3005 1984 3056 ma·

424 3102 529 3175 uibus
557 3104 747 3177 Turcorum
775 3104 1000 3195 liberatione,
1029 3105 1257 3180 devotissime
1285 3109 1320 3180 et
1346 3105 1527 3198 religiose,
1558 3104 1612 3177 uti
1635 3105 1800 3178 Pontifici
1818 3105 1986 3177 Romano

426 3222 571 3315 dignum
599 3229 634 3297 et
661 3225 872 3298 conveniens
900 3231 990 3316 erat,
1020 3227 1112 3300 diem
1139 3227 1306 3300 vicesima
1332 3225 1458 3318 quinta
1485 3226 1605 3298 Martii
1633 3226 1766 3299 obierat
1780 3225 1823 3314 ⁵).
1853 3227 1900 3298 Iu
1921 3247 1986 3298 cu-

425 3342 482 3415 ius
509 3345 624 3416 locum
653 3345 857 3438 Alphonsus
885 3347 1081 3420 cardinalis
1110 3355 1193 3421 tunc
1221 3347 1377 3440 Quatuor
1404 3348 1667 3435 coronatorum,
1697 3347 1880 3439 episcopus
1909 3346 1986 3418 Va·

426 3465 600 3554 leubinus,
630 3465 686 3538 vir
713 3487 820 3540 senex
849 3471 884 3540 et
903 3467 1117 3560 decrepitus,
1147 3469 1207 3541 sed
1234 3468 1329 3541 Iuris
1356 3467 1541 3560 utriusque
1572 3469 1745 3559 interpres
1773 3467 1986 3559 copiosissi-

425 3607 520 3674 mus,
550 3585 707 3658 miranda
734 3587 918 3660 concordia
946 3588 1200 3679 Gardinalium,
1229 3609 1292 3681 per
1319 3588 1523 3662 electionem
1551 3588 1752 3661 canonicam
1778 3593 1904 3660 octava
1925 3589 1988 3660 dic

427 3705 564 3798 Aprilis
579 3706 611 3796 1)
639 3706 675 3778 16
703 3707 868 3781 conclavi
896 3709 932 3781 in
960 3710 1093 3801 palatio
1130 3709 1251 3783 Sancti
1287 3709 1385 3782 Petri
1420 3707 1594 3797 habitam,
1633 3709 1817 3796 successit,
1851 3713 1886 3782 et
1918 3709 1987 3781 Ga-

429 3825 544 3897 lixtus
572 3827 700 3900 tertius
728 3829 843 3901 voluit
866 3830 1055 3922 appellari,
1091 3831 1259 3904 vicesima
1290 3830 1421 3903 mensis
1454 3829 1590 3922 Aprilis
1618 3837 1814 3902 coronatus.
1846 3828 1989 3921 Exegit

428 3951 545 4018 autem
578 3946 752 4040 Sbigneus
785 3949 982 4023 Ourdiualis
1015 3951 1051 4022 in
1079 3951 1154 4024 vita
1185 3971 1294 4024 anuos
1327 3951 1511 4043 sexaginta
1548 3971 1626 4038 sex,
1659 3950 1696 4022 iu
1723 3949 1937 4040 pontificatu
1955 3949 1988 4039 ⁷)

427 4067 649 4141 cracoviensi
678 4068 825 4162 triginta
852 4070 955 4159 duos,
984 4071 1021 4143 in
1049 4071 1274 4144 Cardinalatu
1302 4092 1385 4143 vero
1410 4070 1571 4144 sedecim.
1600 4071 1668 4143 Pro
1688 4069 1846 4163 eligendo
1862 4068 1894 4158 ⁸)
1929 4071 1987 4141 iu-

427 4195 507 4261 turo
535 4189 700 4280 pontifice
727 4189 949 4264 Cracovicnsi
977 4193 1053 4264 dies
1081 4193 1247 4266 vicesima
1275 4191 1399 4284 quinta
1417 4191 1502 4265 Maii
1517 4191 1560 4281 9),
1589 4192 1626 4264 in
1645 4191 1736 4265 diem
1755 4189 1987 4262 Dominicum

427 4309 654 4383 Pentecostes
682 4309 824 4399 cadens,
853 4311 1037 4405 designata
1065 4317 1130 4386 est.
1159 4315 1421 4386 Testamentum
1449 4333 1568 4402 suum,
1597 4312 1634 4385 in
1662 4333 1730 4404 quo
1758 4312 1988 4384 6666661166-

428 4451 549 4502 sauros
577 4451 678 4520 6666,
718 4451 787 4503 666
814 4433 1022 4506 necessariis
1056 4438 1091 4506 61
1117 4433 1339 4526 propinquis,
1374 4434 1434 4508 scd
1468 4431 1708 4521 studentibus,
1727 4427 1876 4525 egenis,
1908 4453 1987 4504 mo

427 4545 610 4640 nasteriis,
648 4551 806 4624 ecclesiis
843 4558 878 4624 et
913 4553 1176 4626 miserabilibus
1213 4555 1388 4646 personis,
1425 4554 1591 4628 distribui
1622 4553 1815 4641 ordinavit,
1849 4572 1986 4624 execu-

427 4669 516 4742 tioni
536 4671 581 4760 10)
608 4671 822 4744 mundatum.
850 4671 1040 4764 Nunquam
1067 4673 1170 4746 illum
1198 4680 1336 4746 constat
1354 4673 1541 4747 haereticis
1560 4675 1774 4766 pepercisse,
1803 4673 1865 4745 sed
1884 4673 1988 4745 omni

428 4791 545 4864 studio
572 4797 634 4864 aut
661 4793 705 4864 ad
733 4813 850 4865 eorum
877 4794 1132 4882 reductionem,
1162 4801 1223 4866 aut
1253 4794 1499 4884 deiectionem,
1530 4795 1871 4886 extirpationemque
1893 4795 1987 4867 adeo

534 5099 558 5186 ¹)
581 5104 691 5165 mensis
713 5104 826 5181 Aprilis
853 5099 915 5165 Ea.
946 5099 1037 5186 Lipa.
1069 5101 1270 5184 ρ)1166166166
1301 5104 1506 5166 Gracoviensis
1529 5099 1591 5166 Ea.
1614 5099 1704 5186 Lips.
1736 5101 1889 5182 ³)eacroe
1917 5100 1988 5165 Ea.

426 5205 518 5290 La'ps.
543 5201 568 5284 ⁴)
592 5207 779 5268 cardinalem
802 5211 831 5267 ct
853 5207 1032 5283 Episcopum
1055 5207 1281 5268 cracoviensem
1302 5205 1366 5270 Ed.
1390 5205 1481 5291 [ripe.
1507 5205 1532 5286 Β)
1555 5210 1666 5268 mensis
1688 5207 1787 5267 Martii
1810 5208 1894 5267 obiit.
1917 5205 1987 5270 Ea.

427 5308 518 5392 Lipa.
543 5307 569 5390 ⁰)
592 5312 702 5371 mensis
724 5311 836 5387 Aprilis
859 5306 921 5371 Ea.
945 5307 1035 5392 Lips.
1061 5308 1086 5390 7)
1108 5313 1140 5371 16
1163 5313 1336 5389 episcopatu
1360 5307 1436 5374 Coa.
1459 5309 1568 5374 Przcz.
1594 5309 1618 5391 ⁸)
1640 5311 1699 5372 Pro
1722 5312 1859 5388 eligendo
1883 5317 1988 5372 autem

426 5411 490 5475 Ed.
514 5407 607 5496 Lipa.
632 5411 658 5495 ⁹)
682 5414 793 5475 mensis
815 5414 886 5474 Maii
908 5409 971 5475 Ed.
996 5411 1089 5496 Lipr.
1118 5409 1158 5498 ¹⁰)
1182 5415 1348 5476 executioni
1371 5416 1489 5477 debitae
1512 5411 1576 5478 Ed.
1600 5412 1695 5497 Lipa.
