4126 6280
414 549 487 619 196
921 569 1033 622 arnan
1059 569 1304 622 ououncrnrus
1332 549 1445 640 (nrm).
1679 543 1746 645 (Α.
1766 543 1812 618 D.
1832 541 1960 643 1455.)

411 756 613 828 Karimirus
642 756 718 828 Rex
745 777 823 828 cum
852 762 923 829 tam
943 755 1115 848 frequenti
1135 755 1293 828 exercitu
1322 755 1387 828 sub
1408 759 1563 846 tempore
1591 753 1764 826 hibernali
1782 755 1961 846 proiectus

411 881 481 964 ost,
510 881 550 947 ut
577 881 638 948 aut
657 897 735 948 cum
754 877 854 950 hoste
873 877 1088 964 decerneret,
1117 881 1364 968 acceptamque
1387 875 1480 968 apud
1499 874 1728 966 Ohoynioaam
1747 875 1962 948 rescinderet

410 996 653 1088 ignominiam,
683 1002 759 1085 aaut,
790 997 821 1069 si
849 998 1084 1071 detrectarent
1111 1018 1264 1089 pugnam
1291 997 1428 1084 hostes,
1459 997 1595 1068 timoris
1614 995 1830 1069 confessione
1848 995 1961 1068 hosti-

409 1117 472 1204 lis,
503 1117 709 1190 militarium
738 1123 773 1190 et
800 1118 930 1191 civium
957 1118 1122 1191 Prussiae
1150 1117 1284 1190 animos
1313 1117 1508 1190 contineret
1537 1117 1573 1188 in
1593 1117 1671 1190 fido.
1701 1116 1797 1208 Quae
1820 1116 1961 1208 quidem

412 1238 589 1329 expeditio
617 1244 783 1311 nutantes
812 1244 846 1313 et
873 1239 998 1313 dubias
1026 1239 1189 1313 civitates
1214 1239 1250 1310 in
1270 1239 1337 1311 fide
1356 1237 1547 1328 continuit,
1576 1237 1645 1310 iam
1673 1237 1710 1310 in
1733 1237 1962 1312 deiectionem

414 1363 625 1450 spectantes.

414 1715 481 1786 buo
503 1715 620 1804 oppida
644 1716 853 1828 episcopalia,
877 1715 1128 1787 bisrowwerder
1149 1717 1184 1786 ot
1200 1714 1433 1804 lipclriszallrc,
1457 1714 1497 1785 ab
1521 1715 1668 1786 exercitu
1687 1714 1777 1804 regio
1792 1715 1964 1804 cupiuntur

606 1839 641 1908 ct
662 1835 892 1922 incenduntur,
920 1835 1069 1906 luctibus
1090 1835 1211 1908 nullon
1234 1835 1399 1924 pugnandi
1423 1836 1547 1924 copiam
1568 1835 1775 1908 incientibus.

519 2087 550 2156 Α
579 2085 634 2156 die
663 2085 811 2157 Sanctae
838 2083 967 2156 Luciae
994 2084 1176 2176 usquead
1204 2083 1354 2156 Octavus
1378 2083 1460 2156 lasti
1483 2083 1777 2175 Epiphaniarum,
1807 2084 1844 2156 in
1864 2083 1965 2156 borra

417 2211 497 2278 ante
525 2207 673 2278 Lassain
693 2207 718 2294 ¹)
747 2205 913 2277 continua
940 2205 1072 2277 stativa
1098 2204 1220 2276 habita
1247 2208 1348 2276 sunt:
1377 2225 1489 2297 neque
1517 2204 1609 2277 enim
1632 2203 1784 2276 ulterius
1803 2204 1965 2296 progredi

295 2407 296 2410 Ἴ
417 2327 566 2419 placuit,
596 2349 638 2400 ne
665 2327 785 2398 hostes
813 2327 850 2398 in
878 2326 1025 2398 Lassain
1053 2325 1197 2414 inclusi,
1228 2329 1457 2414 commentae,
1486 2325 1546 2416 qui
1573 2324 1772 2417 largissime
1799 2325 1845 2396 ad
1868 2346 1964 2397 excr-

417 2449 526 2520 citum
554 2447 786 2534 ducebantur,
815 2447 1073 2538 interciperent.
1104 2447 1176 2519 Sub
1204 2446 1267 2518 illo
1287 2450 1441 2537 tempore
1459 2447 1527 2518 duo
1546 2445 1674 2538 oppida
1692 2445 1849 2538 episcopi
1869 2446 1964 2518 Sam-

417 2565 608 2656 hinnulei),
638 2567 903 2640 Bisaouwerder
931 2573 966 2639 et
992 2564 1287 2658 Nyokisnalka³)‚
1315 2567 1546 2658 nequicquam
1575 2567 1736 2640 hostibus
1766 2567 1804 2638 in
1828 2587 1868 2640 eo
1887 2587 1964 2638 con·

418 2688 545 2776 clusis,
574 2687 738 2762 resistere
765 2688 982 2776 valentibus,
1012 2687 1210 2779 conquisita
1237 2691 1335 2758 sunt:
1364 2688 1492 2778 praeda
1519 2687 1632 2760 omnis
1659 2688 1767 2760 militi
1791 2707 1965 2774 concessa,

419 2809 581 2882 civitates
616 2809 736 2881 ambae
764 2809 967 2898 exustaoli,
996 2808 1128 2900 captivi
1155 2809 1275 2900 plures
1304 2811 1339 2880 et
1366 2808 1540 2882 notabiles
1573 2807 1663 2901 Regi
1678 2807 1709 2897 ὅ)
1737 2807 1823 2880 dati.
1858 2807 1967 2880 Nulla

420 2935 536 3003 autem
563 2951 634 3018 res,
664 2934 972 3021 quantumcunque
1001 2929 1147 3002 adversa
1174 2935 1209 3001 et
1237 2928 1397 3022 indigna,
1426 2929 1545 3002 hostes
1573 2933 1608 3002 et
1635 2950 1753 3002 eorum
1773 2929 1964 3020 stipendia-

421 3051 492 3122 rios
521 3050 564 3121 ad
591 3072 744 3143 pugnarn
772 3051 888 3142 potuit
915 3051 1097 3142 perlicere:
1126 3049 1319 3122 universali
1338 3049 1429 3122 enim
1449 3054 1483 3122 et
1502 3049 1662 3122 concordi
1684 3051 1823 3123 decreto
1843 3071 1965 3124 sanxe-

421 3175 516 3259 rant,
546 3177 626 3243 astu
657 3170 775 3262 potius
807 3175 843 3244 et
869 3171 1025 3263 ingenio,
1059 3170 1403 3262 particularibusque
1436 3171 1696 3264 congressibus,
1734 3171 1818 3242 durn
1853 3175 1967 3244 tamen

421 3290 584 3364 uincendi
612 3292 762 3364 facultas
791 3312 834 3363 ex
862 3291 936 3364 loco
957 3297 991 3364 et
1010 3297 1164 3383 tempore
1192 3296 1408 3384 suppeteret,
1438 3292 1606 3364 utendum
1629 3292 1799 3364 aduersus
1817 3293 1966 3364 Polonos

422 3433 514 3500 esse,
543 3433 647 3504 quam
674 3413 769 3484 iusta
797 3412 871 3486 acie
898 3412 1152 3499 dimicandum;
1185 3413 1277 3505 quod
1310 3413 1396 3485 uicti
1423 3413 1574 3505 priorem
1606 3413 1830 3486 obscurarent
1858 3413 1966 3484 ricto·

422 3533 527 3621 riam,
557 3537 591 3605 ot
617 3554 686 3604 non
715 3533 817 3605 facile
849 3537 992 3624 possent
1024 3555 1125 3605 suum
1153 3554 1313 3624 reparare
1347 3554 1466 3606 casum
1493 3537 1528 3606 et
1555 3533 1747 3622 excidium,
1776 3533 1966 3620 Polonisi)

423 3655 562 3726 diuersa
581 3675 655 3726 sors
675 3653 738 3725 sit:
767 3675 848 3725 nam
876 3653 906 3726 si
926 3654 1084 3742 vincant,
1114 3654 1356 3728 intolerabiles
1376 3656 1464 3742 fore,
1484 3674 1547 3726 nec
1566 3654 1747 3745 quieturos
1766 3660 1849 3727 ante
1868 3655 1966 3745 pleno

424 3779 645 3848 consecutam
673 3774 855 3847 Prussiam
870 3775 917 3862 ⁷l3
946 3775 977 3846 si
995 3775 1197 3863 vincantur,
1228 3775 1329 3848 facile
1349 3775 1630 3867 supplementum
1659 3795 1704 3848 cx
1728 3775 1830 3846 noris
1859 3780 1894 3847 et
1916 3795 1965 3846 ro·

424 3895 583 3968 centibus
611 3895 802 3983 militibus,
830 3899 953 3986 utpote
980 3895 1041 3987 qui
1067 3899 1170 3988 gente
1198 3895 1376 3968 abundent
1403 3901 1438 3968 ot
1465 3900 1624 3988 sumptu,
1652 3895 1849 3968 habituros.

871 4247 1083 4360 ANNUS
1120 4247 1523 4364 coaluimus.

425 4493 561 4564 Dimisso
582 4492 681 4581 bogis
709 4492 858 4564 doloniuc
886 4493 1032 4564 exercitu
1059 4495 1192 4582 proptor
1219 4493 1432 4582 arpentum
1458 4493 1587 4579 lionis,
1615 4494 1797 4584 putusque
1818 4495 1854 4566 iu
1877 4493 1964 4566 barris
2056 4539 2058 4560 .

591 4613 739 4686 lmssiae
761 4613 946 4704 praesidiis,
969 4613 1120 4702 oppidum
1142 4614 1318 4704 liupuldus
1340 4614 1453 4686 baudo
1475 4615 1644 4688 trucidaris
1666 4615 1806 4686 deditur.

530 4863 656 4950 Tanto,
685 4865 726 4933 ut
752 4861 983 4952 praemissum
1011 4866 1080 4950 est,
1110 4867 1264 4953 tempore
1292 4862 1329 4934 in
1358 4862 1499 4935 stativis
1522 4863 1560 4934 in
1586 4862 1735 4952 borrass)
1763 4867 1844 4936 ante
1872 4861 1958 4954 oppi-

427 4984 509 5055 dum
536 4983 704 5056 Lassuino
737 4984 937 5074 absumpto,
966 4982 1130 5074 quoniam
1158 4983 1323 5075 oppidum
1360 4983 1475 5076 ipsum
1508 4983 1715 5058 exercituali
1746 4983 1879 5075 impetu
1905 5003 1956 5056 er·
2057 5077 2058 5082 Ἰ

534 5275 559 5356 ¹)
580 5277 611 5336 in
634 5278 720 5352 sylva
742 5277 781 5335 ad
801 5276 910 5336 Lassin
939 5271 1002 5336 Ed.
1033 5273 1123 5357 Lips.
1156 5273 1181 5353 ⁵¹)
1205 5275 1443 5335 Pomcsaniensis
1472 5273 1599 5336 rectius.
1631 5273 1657 5352 ³)
1680 5275 1882 5336 Niekinsudkn
1902 5268 1957 5334 Ed.

430 5381 520 5465 Lipa.
545 5379 572 5460 ⁴)
595 5382 764 5441 combustae
792 5373 867 5441 dod.
891 5377 959 5440 Lis.
989 5377 1015 5458 ⁵)
1040 5381 1182 5440 Oasimiro
1205 5381 1279 5455 Regi
1301 5375 1365 5440 Ed.
1389 5375 1478 5460 Lipe.
1511 5375 1537 5457 ⁶)
1559 5379 1681 5440 Polonis
1703 5397 1774 5440 vero
1796 5376 1857 5440 Ed.
1880 5373 1958 5458 lips.

432 5486 632 5570 &motorium
654 5482 717 5547 Ed.
741 5481 832 5566 Lips.
857 5479 885 5566 ⁸)
908 5485 938 5544 in
962 5485 1048 5563 sylva
1070 5486 1108 5545 ad
1130 5485 1238 5544 Lassin
1263 5479 1338 5545 cod.
1362 5480 1430 5544 Lis.
