4082 6284
97 559 162 663 (Α.
182 559 228 637 D.
247 557 376 659 loeo.)
431 599 434 607 ·
612 581 724 636 urana
750 509 995 634 nuouuornrus
1024 561 1136 653 (xm).
1570 563 1644 636 301

95 769 280 862 uopnieuhi
314 769 358 842 de
394 767 603 860 Sthembarg
621 767 648 857 ¹)
686 787 868 859 supremas
904 765 1093 860 Prageusis
1129 766 1355 861 burgrabiue,
1398 773 1434 842 et
1470 769 1646 842 Iohannes

96 888 269 982 zapaen2)
288 890 330 962 de
348 889 522 977 Kunstat,
552 887 661 980 Regis
685 886 886 962 Girnihonis
912 887 1097 978 patruelis.
1126 889 1226 960 Inter
1244 907 1330 980 quos
1354 889 1437 960 dum
1456 888 1501 961 ad
1519 893 1647 988 traete·

95 1018 153 1084 tus
171 1015 313 1082 mutuos
332 1014 476 1082 uentum
504 1013 611 1097 esset,
640 1008 757 1081 nuntii
777 1028 914 1100 quoqne
932 1006 1104 1080 Karimiri
1131 1008 1343 1081 Polonorum
1371 1009 1496 1102 Regis,
1526 1030 1645 1102 quem-

95 1131 280 1204 admodum
315 1151 379 1221 par
415 1133 505 1217 erat,
539 1129 697 1222 singulas
735 1128 947 1217 obstantiae,
981 1131 1016 1200 et
1043 1149 1118 1200 eam
1146 1128 1314 1221 primum,
1352 1133 1393 1201 nt
1421 1129 1477 1202 ius
1506 1150 1643 1203 snooes·

95 1249 204 1324 sionis
229 1256 264 1324 et
282 1247 553 1323 haereditarium
580 1249 736 1341 Reginae
763 1249 975 1321 Polonorum
994 1247 1178 1322 Elisabeth
1196 1247 1239 1321 ad
1259 1247 1419 1342 Regnum
1446 1249 1644 1338 Behemiae,

94 1371 245 1460 avitum,
282 1377 466 1463 paternum
494 1375 528 1442 et
555 1370 762 1457 fraternum,
795 1389 865 1440 non
892 1369 1105 1457 aboleretur,
1142 1369 1276 1442 iustum
1313 1369 1404 1442 solvi
1442 1375 1642 1460 censerent3

95 1491 275 1565 Behemiei
301 1490 419 1563 nuntii
451 1491 518 1563 etei
546 1489 583 1562 id
609 1509 796 1581 parumper
822 1489 1037 1578 refellerent,
1068 1495 1102 1561 et
1128 1490 1255 1562 nedum
1284 1491 1465 1579 laminam,
1495 1491 1555 1564 ead
1583 1512 1643 1563 ne·

95 1633 162 1704 que
191 1613 387 1685 maseulum
414 1632 517 1703 posse
545 1611 582 1683 in
605 1611 726 1703 Regno
746 1610 935 1683 Behemiae
962 1610 1197 1698 haereditare,
1227 1615 1442 1684 astruerent:
1471 1611 1646 1704 negabant

94 1739 211 1806 tamen
240 1753 277 1804 es
310 1753 415 1824 super
447 1752 502 1820 ea,
539 1737 601 1804 ant
628 1751 835 1823 quoeunque
862 1731 933 1803 alia
959 1721 1138 1803 obstantia
1164 1730 1370 1819 deeidenda,
1400 1732 1461 1804 sed
1488 1737 1643 1804 tantum·

94 1853 194 1924 modo
224 1853 268 1924 ad
295 1852 482 1926 ineundam
509 1851 701 1924 amicitiam
728 1857 834 1944 atque
860 1851 986 1945 ligem,
1014 1873 1035 1924 a
1061 1851 1158 1946 Rege
1186 1872 1248 1923 sno
1276 1851 1440 1924 mandata
1467 1852 1643 1945 aeoepisso

93 1993 154 2064 pro
183 1993 241 2060 eo,
270 1973 362 2064 quod
381 1974 463 2045 Dux
482 1972 719 2046 Praemielans
738 1971 995 2046 'Ihesehnensis
1022 1975 1251 2064 utrarumque
1278 1971 1433 2064 partium
1460 1972 1642 2061 mediator,

93 2093 192 2164 nulla
221 2092 477 2166 obstantiamm
503 2092 650 2166 huiusoe
666 2091 709 2182 ³),
738 2098 800 2164 aut
831 2093 981 2165 aliorum
1013 2093 1105 2166 laeto
1134 2092 1325 2181 mentione,
1362 2091 1538 2166 amiditiae
1565 2097 1643 2166 tan·

92 2213 272 2286 tummodo
305 2213 426 2286 foedus
459 2233 747 2301 commemorans,
781 2212 1070 2304 auperfieietenus
1096 2233 1170 2286 rem
1197 2197 1421 2286 absolvisset.
1455 2213 1643 2286 Instabant

92 2333 212 2426 itaque
240 2333 421 2408 Behemiei
447 2333 581 2421 nuntii,
609 2333 749 2406 brevem
776 2333 882 2405 aliam
910 2333 1079 2420 diaetam,
1118 2333 1155 2406 in
1182 2354 1251 2425 qna
1277 2333 1510 2425 personaliter
1528 2335 1644 2426 Reges

94 2455 216 2528 foedus
245 2453 417 2527 sanoitnri
444 2453 685 2540 convenirent,
713 2453 838 2526 indiei:
873 2474 941 2544 quo
969 2453 1058 2526 inito
1073 2454 1117 2543 ⁴),
1147 2453 1322 2526 maximus
1349 2455 1527 2546 proleotns
1553 2454 1642 2526 utri·

93 2595 158 2666 qne
175 2575 317 2671 Regno,
346 2573 551 2648 Protheniei
569 2573 655 2647 belli
673 2575 778 2647 finem
797 2573 997 2666 provenire,
1017 2580 1052 2647 et
1071 2573 1290 2666 singularum
1314 2574 1563 2647 dilfieultatnm
1582 2595 1642 2648 no·

92 2694 152 2767 dos
179 2694 348 2784 dissolri,
378 2695 471 2766 hirta
498 2714 636 2787 quoqne
663 2703 698 2768 et
725 2694 961 2768 clandestinas
987 2694 1189 2768 invasiones
1221 2713 1266 2768 en
1294 2694 1408 2768 Slesia
1430 2715 1534 2786 posse
1560 2716 1641 2768 eon·

93 2815 291 2908 quiestote,
328 2816 445 2907 amplo
473 2835 631 2890 sermone
658 2815 916 2904 monstrabant,
953 2815 1187 2892 abnuentibus
1218 2815 1355 2889 nuntiis
1388 2814 1581 2904 Polonieis,
1609 2820 1645 2890 et

93 2935 250 3008 nondum
277 2939 449 3008 maturam
473 2936 692 3028 personalem
716 2936 980 3009 conventionem
1013 2937 1166 3028 Regum,
1198 2935 1419 3010 evidentibus
1446 2935 1644 3009 rationibus
1701 2967 1707 2982 ·

93 3055 318 3143 donantibus;
351 3076 429 3128 oum
458 3060 493 3128 et
519 3055 753 3144 oonditiones,
788 3056 915 3147 quibus
947 3056 1070 3128 foedus
1106 3056 1199 3129 inter
1229 3057 1345 3150 Reges
1381 3061 1415 3130 et
1442 3057 1566 3148 Regna
1593 3058 1642 3130 le·

90 3175 253 3249 riendum
282 3176 370 3250 toret
386 3175 429 3264 ⁵),
457 3175 591 3264 limari,
619 3175 858 3268 stabilirique‚
892 3180 928 3248 et
955 3197 1059 3269 super
1090 3177 1227 3250 damnis
1254 3198 1275 3248 a
1302 3177 1459 3250 Duoibus
1492 3176 1640 3266 Siesiae,

92 3300 126 3368 et
151 3295 338 3390 signanter
363 3297 459 3370 Duae
486 3297 644 3369 Bolhone
675 3296 804 3383 illatis,
838 3296 894 3368 ine
927 3295 997 3369 diei
1028 3296 1196 3388 primum,
1233 3296 1373 3369 etiamsi
1409 3295 1480 3369 alia
1517 3317 1639 3370 eonso·

92 3416 167 3508 pita
194 3423 331 3504 essent,
359 3421 518 3508 oporteat
533 3417 576 3506 θ).
605 3418 656 3488 Ra
683 3417 824 3490 tandem
851 3416 1029 3490 oonelnsio
1056 3418 1100 3490 ab
1127 3417 1289 3510 utrisque
1317 3422 1419 3510 eapte
1446 3423 1517 3491 est:
1546 3422 1587 3490 ut
1605 3417 1643 3491 in

92 3537 213 3612 eedem
241 3537 485 3629 Bythomiensi
512 3537 656 3630 oppido,
684 3537 722 3609 in
750 3538 839 3610 festo
867 3536 989 3611 Sanoti
1016 3537 1186 3610 Iohannis
1218 3537 1419 3630 Baptistae,
1448 3537 1644 3612 consiliarii

91 3658 206 3752 Regni
234 3657 435 3750 utriusque,
464 3657 681 3732 conditiones
709 3657 857 3731 foederis
884 3657 1113 3745 moderaturi,
1142 3659 1293 3732 diaetam
1323 3662 1481 3748 teneant,
1511 3663 1546 3730 et
1564 3658 1643 3733 illio

92 3799 160 3870 quo
188 3779 304 3871 Reges
332 3778 564 3869 personaliter
590 3779 813 3866 oonrenturi,
842 3779 1033 3870 foedusque
1059 3779 1249 3867 firmaturi,
1278 3778 1469 3852 instituant
1485 3779 1527 3868 ⁷).

412 4131 573 4204 lohannes
594 4132 745 4204 Albanus
767 4133 928 4206 Iaziniro
949 4133 1029 4223 llegi
1051 4133 1138 4206 illas
1159 4133 1316 4206 nardina

194 4381 314 4453 Huius
341 4379 425 4453 anni
455 4379 667 4452 Natiuitatis
700 4380 832 4453 curisti
863 4380 955 4454 diem
983 4402 1062 4454 oum
1090 4382 1403 4473 subsequentibus,
1438 4381 1640 4456 Karimirus

91 4501 260 4574 Poloniae
286 4501 365 4572 Rex
392 4500 485 4592 apud
513 4499 714 4574 oratoriam
747 4501 876 4595 exegit.
911 4500 976 4574 Die
1004 4506 1121 4577 antem
1149 4503 1263 4590 Iouis,
1296 4503 1464 4577 vioesima
1491 4503 1641 4595 septima

90 4621 220 4694 mensis
241 4607 460 4706 Deeembria,
480 4620 517 4692 in
537 4621 592 4693 die
610 4620 704 4694 beati
724 4621 893 4694 Iohannis
912 4621 1180 4714 Evangeliatae,
1209 4622 1305 4695 lilius
1324 4623 1381 4696 illi
1399 4624 1528 4697 tertius
1546 4623 1641 4716 apud

91 4741 293 4814 Grneoriam
321 4760 365 4812 ex
383 4727 576 4813 ¹Elisabeth
604 4741 756 4834 Regina,
785 4743 870 4814 hora
897 4741 1100 4815 duodeoima
1126 4746 1231 4816 natus
1259 4747 1329 4830 est,
1358 4743 1420 4836 qui
1438 4743 1476 4816 in
1494 4742 1551 4816 die
1569 4745 1638 4816 Do·

91 4860 219 4934 minino
247 4859 475 4952 subsequenti
503 4860 540 4932 in
568 4861 789 4936 Graooriensi
805 4861 964 4936 ecelesia
981 4883 1044 4955 per
1062 4862 1250 4956 Georgium
1278 4857 1526 4938 Laudicensem
1546 4863 1638 4956 epis·

300 5045 505 5058 ..ψ

190 5151 223 5231 ,1)
246 5150 431 5229 Sehteubarg
460 5144 523 5214 Ed.
553 5149 643 5235 La'pa.
674 5153 870 5235 (Steruberg).
903 5152 931 5234 ⁹)
953 5155 1099 5233 daymaea
1129 5151 1193 5217 Ed.
1216 5152 1307 5240 Lipa.
1339 5153 1554 5235 ¹)huiuemodi
1575 5151 1639 5218 Ed.

92 5251 183 5339 Dipo.
215 5253 242 5334 ⁴)
265 5255 367 5317 habito
390 5249 468 5318 ooo.
491 5252 600 5318 Praea.
630 5255 656 5336 ⁵)
679 5262 759 5320 esset
780 5255 844 5320 Ed.
866 5254 956 5341 Lipa.
988 5257 1015 5338 ⁸)
1037 5263 1182 5336 oportere.
1213 5256 1289 5322 Ood.
1312 5257 1421 5322 Praea.
1450 5255 1475 5342 ¹)
1498 5260 1640 5320 firmatnri

92 5364 190 5420 esseut
211 5359 400 5422 eonstituant
423 5355 488 5420 Ed.
515 5350 618 5442 laps(
