4126 6280
106 584 168 688 (Α.
187 585 233 661 D.
252 581 380 686 1457.)
614 605 727 663 unsar
754 609 1001 665 noonacnrus
1028 593 1143 684 (xm).
1575 593 1651 666 243

104 795 207 870 missa
242 800 332 883 erat,
370 797 580 888 processuri.
614 798 762 871 Interim
795 801 912 872 autern
940 798 977 871 in
1005 797 1147 872 thorun
1175 798 1306 874 solutio
1340 797 1581 892 stipendiariis
1609 799 1652 874 de

104 917 328 1020 Morienburg
348 935 410 1010 per
437 917 613 990 Andream
641 918 683 990 de
711 917 904 1004 Thaucnin‚
934 919 1126 992 Iohannem
1150 919 1193 992 dc
1209 919 1429 1012 Rithuyani,
1458 921 1650 993 Iohannem

103 1039 277 1133 Dlugosch
300 1038 579 1128 cracoviensem,
603 1044 639 1112 et
658 1039 866 1132 Magistrum
894 1040 1059 1113 Iacobum
1079 1040 1121 1113 de
1141 1040 1300 1113 Schadch
1319 1040 1649 1129 Sandoniriensem,

101 1159 303 1246 danonicoe,
334 1159 473 1232 nomine
500 1159 614 1253 Regni
643 1159 810 1233 Poloniae
837 1165 872 1233 et
901 1165 1070 1234 terrarum
1099 1161 1380 1234 cracoviensium
1407 1161 1650 1253 praebebatur.

102 1281 192 1374 Quae
219 1301 297 1354 cum
324 1279 399 1352 illis
427 1281 562 1372 expleri
590 1303 658 1353 non
686 1285 806 1373 posset
834 1287 919 1373 (non
948 1283 1041 1355 enim
1069 1281 1291 1374 stipendiarii
1324 1281 1651 1375 Marienbargenses

99 1402 141 1474 ad
167 1406 239 1474 tam
265 1403 408 1494 longum
438 1401 607 1493 epatium,
636 1402 678 1473 ad
705 1401 939 1494 recipiendam
967 1402 1193 1491 solutionem,
1223 1403 1429 1495 praesertim
1460 1423 1541 1475 curn
1573 1402 1649 1476 illis

99 1523 134 1596 iu
160 1521 303 1596 Gdansh
330 1523 502 1614 promissa
528 1529 637 1610 esset,
666 1525 829 1614 poteraut
853 1522 1001 1614 induci),
1028 1523 1141 1596 coacti
1170 1528 1253 1595 sunt
1276 1523 1508 1596 commissarii
1527 1523 1649 1597 Gracc·

98 1643 233 1718 rienses
262 1663 305 1715 en
334 1643 474 1715 Thorun
502 1643 710 1716 descendere
737 1643 890 1716 naribus
917 1643 955 1716 in
983 1643 1128 1718 Gdaush
1154 1665 1217 1736 per
1244 1665 1385 1736 aquam:
1416 1663 1494 1717 curn
1521 1644 1649 1736 quibas

98 1769 131 1838 et
158 1764 301 1837 Uiricus
326 1763 545 1851 Gairwonka,
575 1764 707 1837 habitis
735 1781 812 1838 cum
842 1765 937 1858 Rege
956 1766 983 1854 ¹)
1011 1765 1048 1838 in
1076 1765 1260 1858 Bidgostia
1286 1765 1448 1856 pluribus
1476 1769 1511 1838 et
1535 1783 1645 1839 secrc-

98 1885 143 1958 tis
162 1885 388 1973 tractatibus,
410 1887 501 1956 iacta
519 1885 733 1958 Prathenica
752 1885 990 1975 firmantibus,
1019 1889 1054 1958 et
1072 1885 1245 1959 Iohannes
1275 1885 1469 1979 Sepyenski
1482 1885 1515 1976 ²)
1542 1886 1649 1959 iudex

96 2006 359 2093 Poeuaniensis,
389 2004 445 2078 cui
473 2005 642 2096 pecuniae
669 2011 840 2078 terrarum
868 2005 1012 2079 Maioris
1039 1987 1386 2080 Poloniaecrchtas
1405 2007 1559 2094 inerant,
1589 2007 1647 2081 de·-

96 2127 316 2200 sccudebant.
354 2127 400 2198 nt
427 2126 592 2218 quoniam
626 2127 744 2199 finalis
780 2126 951 2200 terminus
988 2126 1176 2200 solutionis
1213 2127 1443 2220 perficiendae
1480 2128 1516 2199 in
1553 2127 1643 2200 festo

96 2248 266 2337 Paschae,
299 2247 336 2320 in
364 2247 464 2320 cuins
492 2246 618 2340 uigilia
646 2247 706 2320 vin
735 2247 966 2320 commissarii
994 2247 1108 2342 Regni
1136 2269 1215 2321 cum
1247 2247 1422 2340 pecuniis,
1457 2248 1643 2321 adversan-

95 2369 188 2442 tibus
214 2367 321 2441 undie
348 2373 383 2442 et
410 2369 543 2456 ventis,
572 2368 735 2441 aduenire
764 2372 951 2460 potuerant
969 2368 1006 2441 in
1026 2368 1186 2458 Gdansh,
1215 2369 1415 2457 labebatur,
1440 2369 1542 2461 plura
1561 2387 1645 2461 quo·-

95 2509 158 2582 quc
187 2489 359 2593 solvenda
388 2488 585 2576 restabant,
619 2508 722 2582 qnam
755 2507 844 2582 quae
876 2491 1014 2562 inerant
1042 2490 1175 2578 soluta,
1208 2495 1244 2563 et
1270 2488 1464 2564 uerisimile
1491 2493 1581 2578 erat,
1608 2495 1647 2563 et

95 2612 287 2684 Almanuos
314 2611 498 2683 universos
521 2615 556 2684 et
575 2611 712 2704 aliquos
736 2628 780 2684 ex
800 2609 982 2701 Bohemis,
1011 2612 1111 2702 lapso
1131 2612 1220 2684 festo
1239 2611 1411 2699 Paschae,
1432 2609 1644 2684 solutionem

92 2733 319 2824 perlapsum
350 2731 518 2824 temporis
550 2731 715 2805 intectam
752 2733 982 2806 refutaturos:
1017 2731 1161 2805 Utricus
1199 2731 1400 2804 dnirwonlra
1415 2728 1446 2821 8)
1478 2751 1558 2804 cam
1585 2729 1643 2804 Ie-

93 2854 203 2927 hanne
230 2852 475 2945 Rithwyenslri
502 2852 540 2925 in
566 2851 790 2945 Marianburg
816 2852 1045 2942 descendens,
1078 2852 1238 2926 inducias
1270 2853 1313 2924 ed
1342 2851 1542 2944 quiudecinr
1568 2851 1644 2926 ries

91 2974 313 3066 protelandae
339 2971 506 3048 obtinuit.
536 2973 604 3046 Sed
632 2992 711 3046 cum
737 2974 803 3047 hae
834 2993 973 3067 quoque
1004 2973 1157 3047 faciliter
1183 2971 1399 3047 transiturae
1425 2973 1640 3064 riderentur,

91 3096 275 3169 ulteriores
302 3095 409 3169 etiam
437 3113 621 3169 concessae
649 3098 748 3168 sunt:
779 3094 843 3168 sub
872 3094 1000 3188 quibus
1028 3099 1101 3167 tam
1129 3115 1172 3168 ex
1201 3098 1301 3187 parte
1328 3093 1438 3188 Regis
1462 3097 1497 3168 et
1515 3092 1642 3187 Regni,

92 3237 193 3310 quam
222 3236 267 3290 ex
294 3221 395 3309 parte
431 3215 603 3290 nobilium
632 3221 667 3289 et
694 3215 880 3290 ciuitatum
915 3213 1098 3304 Prassiae,
1137 3219 1277 3290 centurn
1309 3215 1494 3309 sexaginta
1525 3214 1641 3287 millia

91 3337 330 3430 stipendiariis
357 3336 727 3429 llarienburgensibus
754 3338 944 3428 persoluta.
971 3337 1119 3424 Verum,
1148 3356 1227 3409 cunr
1245 3337 1342 3409 ultra
1369 3335 1501 3424 soluta,
1529 3339 1639 3409 resta·

90 3465 165 3533 rent
192 3459 306 3532 adhuc
338 3457 487 3551 triginta
519 3457 634 3530 millia
665 3458 873 3530 florenorum
906 3458 1089 3548 soluenda,
1124 3457 1288 3550 quoniam
1316 3477 1379 3530 nec
1407 3477 1451 3530 ex
1479 3456 1639 3545 Polonia,

89 3601 150 3655 nec
176 3599 221 3654 ex
249 3579 396 3652 Pruseic
422 3581 593 3651 conventa
620 3599 756 3651 summa
783 3579 897 3650 fuerat
924 3579 1049 3667 allata,
1078 3597 1168 3670 quae
1186 3578 1291 3652 etiam
1311 3578 1406 3650 ultra
1430 3576 1580 3666 iustum,
1602 3576 1639 3649 in

89 3701 270 3775 duodecim
298 3699 457 3772 millibus
475 3699 683 3772 florenorum
702 3704 922 3788 excreverat,
952 3698 1194 3792 stipendiariis
1218 3696 1585 3791 Marienburgeneibus
1604 3701 1640 3771 et

89 3843 256 3914 equorum
299 3827 333 3894 et
366 3821 570 3892 damnorum
607 3840 790 3893 numeram
825 3819 1037 3911 ponentibus
1074 3819 1311 3908 enoessqum3
1353 3822 1487 3891 tantam
1520 3822 1638 3892 autem
1720 3853 1724 3861 ·

89 3965 259 4016 summam
291 3963 354 4034 pro
386 3941 591 4033 complenda
624 3940 815 4029 solutione,
849 3939 952 4013 iuxta
984 3939 1281 4032 qualificationem
1308 3939 1543 4034 negotiorum,
1572 3938 1637 4012 im·

86 4063 255 4156 possibile
283 4067 357 4135 erat
385 4062 450 4134 sub
478 4061 577 4135 brevi
613 4065 768 4153 tempore
803 4061 957 4153 reperire
972 4061 1019 4150 ⁴):
1057 4062 1245 4135 uehemens
1283 4061 1382 4133 dolor
1414 4066 1449 4134 et
1476 4059 1637 4133 anxietas

85 4183 229 4257 Petrum
257 4183 300 4256 de
328 4181 402 4274 (lay
427 4181 694 4270 (lalissiensem,
723 4181 914 4255 Iohannem
942 4179 984 4255 de
1010 4179 1198 4254 Grannkow
1226 4181 1480 4269 Gnesnensem,
1510 4174 1636 4252 castel·

86 4306 201 4394 lanes,
230 4304 407 4376 Andrean
435 4303 477 4374 de
505 4302 697 4390 Thancain,
726 4299 917 4376 Iohannem
935 4301 978 4375 de
996 4300 1214 4395 Ritltwyani,
1243 4303 1436 4375 Iohannem
1457 4300 1637 4394 Dlugosch

87 4431 119 4500 et
136 4425 347 4520 Magistrum
366 4423 548 4511 Iacobum,
577 4422 768 4496 canonicos
801 4423 1063 4513 cracoviensee,
1093 4423 1351 4497 commissarios
1379 4420 1494 4515 Regni
1509 4419 1552 4510 5),
1582 4439 1636 4494 ce·

85 4547 152 4639 pit,
182 4567 227 4619 ne
255 4547 298 4618 ob
326 4546 498 4618 deiectum
526 4544 674 4637 triginta
700 4543 852 4616 millium
865 4545 900 4633 θ)
929 4544 1044 4617 omnia
1068 4543 1153 4616 data
1180 4543 1218 4616 in
1244 4543 1420 4636 perditum
1444 4546 1480 4616 et
1497 4541 1636 4614 ruinam

85 4667 295 4754 reciderent,
328 4669 364 4738 et
395 4665 498 4737 iuxta
530 4685 626 4756 spem
661 4665 932 4751 Almannorum,
966 4682 1035 4737 non
1062 4664 1139 4739 siue
1165 4685 1291 4758 magno
1319 4668 1354 4737 et
1381 4667 1549 4756 perpetuo
1575 4661 1635 4735 dc·

86 4788 222 4876 decore,
257 4787 375 4860 tabula
415 4791 449 4859 et
480 4785 625 4858 infamia
661 4785 768 4878 Regts
803 4791 839 4858 st
866 4785 998 4880 Regni,
1033 4789 1238 4878 sequeretur
1269 4783 1413 4858 infectio
1440 4781 1574 4876 negotii
1600 4787 1636 4856 et

85 4907 270 4982 accessorii
296 4906 521 4999 principalia
549 4925 613 4979 nec
640 4907 709 4978 iam
737 4907 779 4979 de
805 4907 999 4981 retinendis
1026 4906 1131 4980 terrIs
1158 4906 1341 4995 Pressius,
1372 4922 1477 4997 quam
1503 4903 1547 4978 de
1573 4899 1632 4976 de·

85 5028 264 5104 tondendis
297 5027 379 5101 aliis
406 5027 573 5100 Poloniae
601 5027 705 5100 terrie
733 5027 910 5100 iuscderat
937 5027 1064 5100 animis
1091 5045 1192 5118 cura,
1226 5023 1412 5100 Almannis
1445 5025 1490 5097 ud
1516 5027 1633 5097 reeta

192 5321 215 5402 ¹)
238 5341 304 5384 cum
325 5321 408 5399 Rege
431 5321 575 5382 Oasimiro
597 5317 660 5382 Eo.
684 5317 775 5402 Lipo.
800 5317 826 5400 ²)
849 5319 1007 5397 Sapieuski
1029 5316 1093 5381 Ed.
1116 5315 1207 5402 Lipe.
1225 5315 1249 5398 ’)
1266 5317 1448 5380 Ozerwonka
1462 5311 1526 5378 Ed.
1542 5311 1634 5400 Lapa.

85 5425 307 5508 ⁴)conquirere
337 5423 399 5486 Ed.
430 5418 524 5508 Lipr.
556 5423 582 5505 ι)
619 5425 836 5486 commissarios
866 5425 1002 5501 rupertus
1031 5424 1197 5484 nominatos
1229 5413 1306 5484 Coa.
1330 5418 1439 5483 Pereo.
1463 5418 1490 5501 ⁸)
1512 5422 1636 5498 triginta

84 5533 206 5593 millium
227 5532 402 5592 florenorum
424 5527 487 5591 Ed.
511 5526 603 5612 Lipe.
