4052 6286
380 553 465 646 ‚530
897 569 1010 626 uremur
1035 569 1282 627 nuonucrnus
1309 554 1423 645 (nnn).
1659 549 1730 651 (Α.
1753 547 1800 624 D.
1820 550 1928 653 tlon.)

386 762 453 835 bus
481 759 722 835 tantummodo
746 761 848 852 fugae
871 757 1059 832 comitibus
1078 758 1115 832 in
1135 760 1377 852 Hungarioum
1397 759 1490 832 Brod
1509 758 1682 852 perfugit,
1703 759 1770 832 sed
1789 779 1852 834 neo
1867 759 1929 836 illio

388 883 519 956 audens
548 881 754 970 ooneistere,
783 879 820 953 in
849 879 1045 954 Skelionam
1073 901 1110 954 ee
1137 881 1280 973 recepit.
1313 881 1460 954 Bohemi
1487 880 1688 974 insignibus
1716 885 1795 954 tam
1824 884 1929 975 spoliis

388 1024 492 1096 quam
519 1002 671 1095 captivis
698 1000 820 1094 potiti,
850 1000 942 1074 iuter
969 1021 1056 1094 quos
1084 1006 1183 1074 erent
1211 1002 1385 1075 Iohannes
1414 999 1535 1075 Oomde
1562 1002 1604 1076 de
1633 1002 1793 1077 Bessinlr
1812 1003 1851 1092 ¹),
1877 1004 1929 1077 Ge·

387 1125 506 1218 orgius
530 1125 627 1198 iilius
645 1122 842 1198 Zdenkonis
861 1122 1120 1216 Konopnienlri‚
1151 1123 1346 1196 Dobesleus
1366 1123 1634 1212 dnarnohorslri,
1663 1123 1838 1216 oppidum
1855 1124 1928 1196 Hra-

386 1245 541 1320 dnisnone
568 1246 673 1338 longa
700 1243 881 1317 obsidione
907 1265 969 1336 per
995 1248 1118 1337 gentes
1147 1243 1256 1336 Regis
1284 1242 1486 1337 Hungariae'
1502 1242 1533 1333 2)
1560 1245 1812 1337 angustiatum
1837 1249 1870 1317 et
1890 1245 1929 1316 fn·

385 1365 553 1459 tigatum,
574 1365 751 1458 aliquibus
769 1365 879 1438 bostis
890 1362 921 1454 3)
941 1365 1168 1459 expugnatis,
1186 1366 1321 1439 solvere
1335 1386 1404 1438 non
1419 1369 1597 1458 poterent,
1618 1370 1653 1438 et
1671 1365 1714 1438 ab
1732 1385 1776 1438 eo
1792 1367 1929 1456 tempore

386 1487 512 1561 animis
540 1486 747 1579 resumptis,
777 1485 974 1578 superiores
1002 1486 1108 1559 etiam
1136 1486 1358 1559 suoeessibue
1382 1496 1459 1560 esse
1483 1481 1680 1578 coeperunt.
1708 1484 1929 1577 Deseiritqur

388 1629 516 1702 magne
542 1629 623 1702 pars
651 1609 820 1680 baronum
848 1607 1037 1680 Bohemiae
1070 1606 1321 1680 catholicorum
1350 1628 1371 1679 a
1394 1606 1491 1699 Rege
1519 1606 1745 1700 Huugariaa‚
1777 1605 1930 1678 videlieet

387 1729 558 1820 Burnian,
584 1729 823 1802 Suantoslaus
844 1725 1103 1821 Sohwambo'rg,
1133 1733 1168 1801 et
1196 1749 1232 1801 se
1261 1727 1441 1802 Girnilroni
1459 1728 1654 1801 coniunxit.
1683 1729 1865 1801 Iohannes
1882 1750 1929 1800 eu·

385 1853 456 1922 tem
484 1849 753 1923 Roenembersli
782 1853 817 1922 et
844 1849 1019 1922 Iohannes
1047 1870 1087 1922 ao
1115 1848 1259 1922 Ulrieus
1286 1851 1434 1943 Zayeon,
1464 1849 1628 1941 quoniam
1656 1849 1806 1940 publiea
1834 1848 1928 1920 desei·

386 1990 481 2044 soene
500 1971 552 2043 fas
570 1992 640 2044 uon
658 1973 884 2063 putaverant,
905 1969 1151 2059 sufferentiae
1170 1970 1276 2044 unius
1296 1969 1379 2044 anni
1393 1969 1463 2043 sibi
1477 1971 1656 2044 duxerunt
1669 1969 1928 2062 prouidendum.

415 2325 584 2400 &eventu
605 2327 764 2399 instituto
784 2327 873 2399 inter
894 2325 1062 2418 burgnon
1085 2330 1120 2398 et
1137 2323 1293 2413 'tolonen
1316 2326 1445 2400 l’olonir
1468 2328 1748 2418 sumptionibus,
1773 2327 1907 2417 ilungrri

1045 2465 1111 2520 non
1133 2448 1282 2521 veniunt.
1888 2467 1892 2476 ·

490 2695 619 2769 Nuntii
637 2695 745 2789 Regis
760 2695 792 2786 ⁵)
821 2700 855 2770 et
873 2696 989 2790 Regni
1007 2696 1188 2787 Poloniae,
1208 2696 1374 2771 videlieet
1392 2697 1567 2772 Iohannes
1586 2697 1833 2772 cracoviensis
1851 2699 1927 2791 opis-

387 2836 511 2908 eopuS,
539 2817 713 2890 Iohannes
742 2818 784 2890 do
812 2817 987 2890 Thanoniu
1020 2819 1234 2891 castellanus
1267 2818 1524 2908 cracoviensis,
1558 2820 1727 2892 Derslaus
1761 2821 1807 2893 de
1839 2821 1927 2892 Ritt-

388 2936 501 3029 wpani
529 2935 840 3028 Sondomlrieneie,
871 2937 1071 3011 Stauislaus
1095 2939 1137 3011 de
1160 2938 1328 3033 Ostrorog
1355 2939 1595 3028 Galieeiensis,
1623 2941 1795 3032 palatini,
1825 2946 1859 3014 ot
1882 2941 1927 3013 lo-

386 3059 518 3131 harnes
546 3059 727 3151 Dlugosoh
755 3057 872 3133 sanior
898 3059 1091 3132 canonieus
1119 3060 1375 3150 Oraoouiensis,
1405 3059 1566 3154 quamuis
1594 3062 1637 3133 ad
1664 3061 1823 3134 diaetam
1850 3063 1929 3134 inter

386 3179 509 3271 Regna
535 3178 702 3254 Poloniue
730 3183 766 3253 et
784 3179 986 3273 Hungariae
1003 3200 1067 3271 pro
1086 3179 1175 3253 festo
1195 3179 1406 3254 Natiuitatis
1434 3181 1583 3254 Sanctae
1610 3181 1741 3256 Mariae
1758 3183 1791 3272 6)
1820 3187 1925 3256 tenen·

387 3297 482 3388 dam,
512 3303 547 3372 et
573 3320 636 3392 per
663 3301 806 3374 nuutios
838 3321 963 3394 graves
995 3301 1196 3393 frequenter
1227 3301 1459 3375 rondiotatam
1487 3306 1775 3390 absumentem,
1805 3301 1842 3375 in
1868 3303 1923 3374 Po-

386 3418 566 3510 dolynieon
594 3419 834 3511 aduenissent,
868 3441 908 3494 ao
935 3424 1096 3513 sumptus
1124 3443 1268 3514 magnos
1296 3427 1332 3495 et
1359 3421 1486 3516 fatigas
1519 3423 1700 3497 fodissent:
1735 3421 1927 3515 Hungoriee

386 3544 504 3613 tamen
530 3541 704 3616 Praelatis
733 3546 768 3616 et
793 3541 983 3615 baronibus
1016 3541 1174 3615 studiose
1201 3547 1236 3614 ot
1264 3563 1307 3616 ex
1339 3544 1519 3635 proposito
1550 3543 1686 3634 venire,
1721 3545 1876 3618 moribus
1899 3554 1927 3615 et

386 3661 594 3734 levitatibus
621 3661 729 3756 Regis
757 3662 814 3735 eui
841 3662 998 3754 offensis,
1028 3662 1316 3756 dedignantibus,
1336 3663 1496 3737 Polonioi
1513 3665 1649 3755 nuntii,
1669 3665 1726 3738 bis
1746 3666 1813 3738 sub
1831 3685 1924 3736 unum

386 3803 516 3854 annum
544 3782 586 3856 de
614 3784 746 3876 agenda
773 3783 889 3858 diaeta
921 3783 1037 3874 illusi,
1071 3785 1256 3858 trementes
1286 3789 1320 3858 et
1347 3783 1619 3879 indignabundi,
1649 3786 1744 3878 quod
1772 3807 1836 3858 nee
1861 3784 1923 3856 illis

387 3902 569 4012 evacuatio
597 3903 732 3979 diaetae
759 3903 923 3979 intimata
950 3904 1073 3996 fuerit,
1101 3909 1337 3980 reuertuntur.

387 4257 533 4330 numeri
557 4259 708 4348 praedam
732 4277 774 4331 tx
797 4260 970 4333 lithuanio
993 4264 1110 4350 agunt,
1133 4263 1168 4333 in
1190 4262 1352 4334 Poloniam
1375 4265 1507 4352 propter
1526 4262 1706 4334 exereitum
1723 4265 1869 4352 paratum
1882 4261 1923 4332 lo

391 4381 548 4453 seondore
570 4399 636 4453 non
659 4381 742 4454 ansi.
774 4380 946 4453 lalaotire
969 4381 1166 4472 troporum
1196 4383 1381 4473 Stephanus
1402 4383 1482 4455 nitil
1505 4383 1657 4470 territur,
1684 4383 1860 4456 nummii
1880 4381 1924 4452 Ιι·

904 4503 1066 4592 potatoris
1088 4503 1188 4574 illium
1210 4504 1282 4576 neri
1305 4503 1419 4575 tradit.

458 4809 461 4817 .
497 4749 678 4823 Kanimiro
703 4749 870 4824 Poloniae
898 4751 994 4844 Rege
1021 4751 1113 4843 opud
1142 4772 1235 4824 orem
1263 4751 1509 4825 Lithuanioam
1548 4772 1626 4824 oum
1658 4752 1843 4827 Elisabeth
1867 4753 1922 4825 Ra·

385 4872 469 4966 gine
484 4872 515 4962 7)
543 4875 684 4964 agente,
718 4872 881 4963 frequens
913 4872 1162 4945 Thartarorum
1194 4873 1386 4961 exereitus,
1421 4893 1465 4946 en
1493 4872 1671 4966 fugitivis,
1700 4875 1920 4966 praedonibus
2008 4943 2009 4976 Ν

387 4998 423 5067 et
450 4991 631 5082 exulibus,
661 5013 748 5085 quos
776 5013 840 5067 sua
866 4993 989 5088 lingua
1011 4993 1173 5066 Korakoe
1202 4995 1398 5086 appellant,
1428 4995 1612 5084 oolleotns,
1643 4995 1707 5068 sub
1736 4997 1843 5069 duutu
1860 4995 1918 5068 lle·
2007 5009 2009 5040 ¹

494 5286 517 5367 ¹)
542 5288 682 5366 Gosaynlr
707 5283 782 5351 ooo.
806 5285 916 5350 Przez.
940 5285 1053 5348 Beenik
1074 5285 1138 5353 Ed.
1161 5285 1253 5370 Lipo.
1276 5287 1421 5368 (Pdeing‘).
1452 5285 1478 5368 π)
1501 5288 1630 5349 Mathiee
1652 5289 1824 5365 Hungariaa
1845 5287 1920 5362 Regis

387 5388 451 5453 Ed.
475 5387 565 5474 Lipe.
597 5390 624 5471 3)
646 5393 877 5470 propugnaculis
907 5389 971 5451 Ed.
1001 5388 1092 5474 Lipe.
1123 5387 1149 5470 ⁴)
1173 5392 1300 5451 indutiis
1329 5387 1391 5453 Ed.
1424 5388 1515 5474 Lipe.
1549 5389 1574 5470 ὖ)
1601 5391 1737 5451 (tasimiri
1759 5391 1849 5467 Regis
1870 5385 1919 5449 Et.

389 5491 479 5576 Iripr.
504 5491 530 5572 ⁰)
553 5494 679 5556 Sanctae
701 5497 813 5557 Mariae
835 5496 967 5572 Virginis
990 5492 1052 5556 Ed.
1076 5493 1165 5578 Lipr.
1191 5493 1216 5568 ⁷)
1238 5495 1354 5572 Regina
1376 5501 1511 5557 consorte
1534 5513 1588 5556 sua
1611 5492 1674 5557 Ed.
1697 5492 1788 5577 Le'pe.
