4040 6290
367 499 443 571 552
877 517 990 572 nrnnn
1016 517 1262 572 nnonueurus
1290 501 1404 591 (xm).
1655 497 1727 600 (Α.
1747 497 1795 571 Ι).
1815 497 1928 598 1471.)

365 705 463 799 Rege
491 705 608 795 fieret,
635 724 672 778 re
700 707 817 778 auteur
845 723 944 792 vere,
979 723 1185 797 quoeunque
1212 709 1314 796 paeto
1341 705 1503 798 Regnum
1534 707 1791 799 consequendi.
1826 707 1927 779 Pelo-

365 825 445 900 nioe
464 826 543 900 Rex
562 827 589 916 ¹)
613 824 834 916 Kuuimirus,
855 824 1056 904 cracoviam
1076 845 1121 897 on
1139 823 1349 914 Lithuauia,
1370 825 1426 898 die
1445 826 1539 900 Solis
1558 828 1767 902 duodecima
1787 826 1929 916 laub),

366 946 574 1036 adveniens,
603 945 717 1019 tribus
744 945 897 1034 nuntiis,
927 944 1093 1018 videlieet
1115 947 1227 1019 Paulo
1248 945 1425 1036 Beliouki,
1455 947 1606 1021 Murtino
1634 949 1930 1023 Wrooaimowslri

365 1072 401 1142 et
419 1068 593 1142 Dobesluo
610 1066 902 1156 Kuroswuneulri,
922 1066 1189 1159 interpellatum
1208 1067 1357 1160 Pragam
1376 1068 1612 1159 transmissis,
1641 1075 1678 1144 ot
1700 1070 1930 1163 superiorum

366 1195 562 1282 temporum
581 1187 815 1282 qualitatibus
833 1187 1128 1277 eommemorutis,
1150 1188 1313 1262 mouebat
1331 1189 1431 1279 illos,
1450 1194 1492 1262 ut
1510 1190 1843 1282 pollicitationibus
1859 1191 1931 1263 suis

366 1308 572 1384 multifariis
600 1309 723 1382 darent
750 1307 936 1397 virtutem,
966 1313 1002 1380 et
1028 1307 1300 1401 primogenitum
1320 1330 1421 1382 snum
1441 1309 1678 1384 Wludisluum
1695 1332 1762 1405 pro
1784 1311 1929 1404 Regeb

366 1434 598 1505 assumerent.
625 1429 806 1524 Agebatur
832 1427 902 1502 iam
929 1427 1078 1502 ultimus
1106 1450 1169 1521 per
1195 1430 1368 1504 Bohemos
1395 1431 1439 1504 ad
1467 1431 1665 1526 eligendum
1693 1454 1836 1506 norum
1864 1433 1929 1506 Re-

365 1572 444 1646 gem
471 1551 564 1645 apud
592 1551 728 1624 Montes
756 1549 922 1623 Kuthnos
950 1555 1161 1639 conventus,
1191 1550 1234 1622 ud
1262 1572 1364 1644 quem
1391 1551 1579 1644 utriusque
1607 1553 1775 1628 faotionis
1803 1553 1927 1627 Prona

365 1693 438 1762 res,
468 1671 571 1766 quusi
589 1670 666 1744 illie
685 1670 876 1745 laeiliorem
901 1670 1120 1744 eoneordium
1137 1670 1311 1763 habituri,
1341 1672 1487 1746 Alberto
1506 1673 1706 1748 Maruhione
1727 1675 1931 1748 Miseneuse

366 1794 460 1888 apud
486 1795 636 1887 Pragam
664 1811 742 1865 oum
780 1792 855 1866 suis
887 1791 997 1884 eopiis
1025 1797 1242 1883 remanente,
1270 1799 1515 1868 convenerant.
1544 1796 1600 1866 Ad
1629 1817 1753 1888 quem,
1784 1817 1872 1870 oum
1899 1799 1930 1868 et

366 1913 569 2008 Hungariae
596 1913 674 1987 Rex
689 1913 721 2002 4)
749 1913 919 2005 spetiales
947 1912 1107 2001 nuntios,
1136 1913 1304 1987 videlieet
1330 1914 1522 1988 Iohannem
1550 1915 1756 2008 episcopum
1776 1915 1929 2009 Agrion·

367 2057 441 2110 sem
467 2039 503 2110 et
529 2035 667 2128 Oaupur
694 2033 944 2130 Woyewodam
960 2032 991 2124 5)
1025 2035 1392 2128 Trsusylvanieusem,
1424 2035 1633 2128 praeteritas
1661 2058 1746 2110 sues
1776 2037 1930 2112 erudeli-

366 2161 459 2232 tates
492 2156 530 2232 iu
567 2156 741 2239 Bohemos
777 2151 873 2228 aetas
907 2154 1063 2246 diluens,
1097 2159 1133 2228 ot
1159 2156 1273 2229 multu
1308 2155 1382 2230 illis
1409 2157 1577 2231 benefieia
1604 2179 1642 2231 se
1668 2139 1940 2250 praestiturum*

367 2277 630 2371 repromittens,
659 2275 932 2365 transmisisset,
970 2282 1164 2370 opportune
1196 2298 1334 2370 quoque
1361 2283 1396 2353 et
1422 2277 1618 2352 Dobeslaus
1646 2279 1931 2354 Kuroswanouki

367 2398 535 2472 Poloniae
563 2397 672 2492 Regis
699 2397 846 2470 nuntius
873 2397 1028 2472 aduenit.
1057 2397 1125 2489 Qui
1152 2419 1231 2472 oum
1258 2400 1370 2472 multu
1396 2398 1526 2493 gratie,
1556 2401 1718 2493 quamuis
1739 2401 1931 2475 Zdenlroua

366 2517 611 2612 Konopuioulri
629 2516 878 2612 multiplieiter
896 2517 1124 2612 impediente,
1153 2519 1312 2610 auditus,
1342 2520 1496 2594 omnium
1515 2521 1634 2610 eorde,
1659 2521 1931 2615 animosquein

366 2640 534 2714 Poloniae
561 2639 692 2733 Regem
707 2639 739 2729 ¹¹)
767 2643 803 2712 et
830 2639 922 2713 lilios
951 2661 1033 2714 suos
1061 2641 1249 2730 eonvertit,
1279 2647 1314 2715 et
1341 2641 1523 2715 mutabilis
1553 2643 1651 2714 lavor
1677 2644 1785 2737 vulgi
1805 2665 1848 2718 ae
1866 2645 1929 2717 eir-

367 2760 532 2855 oumegit.
561 2760 747 2852 Extemplo
776 2759 869 2833 euim
897 2761 1099 2855 Hungariae
1127 2762 1222 2854 Rege
1239 2761 1281 2852 ¹),
1312 2783 1414 2854 quem
1443 2761 1555 2836 veluti
1583 2764 1762 2854 quandam
1792 2770 1930 2858 pestem

368 2887 404 2956 et
430 2880 606 2954 notorium
633 2884 836 2973 tyrannum,
877 2881 1055 2975 Hungeris
1082 2903 1241 2975 gravem,
1276 2881 1344 2956 sibi
1370 2882 1565 2976 grauiorem
1594 2885 1756 2957 futurum
1786 2906 1929 2960 exerra-

369 3002 515 3092 buntur,
545 3007 580 3075 et
607 2985 755 3074 caeteris
783 3001 897 3095 Regni
924 3003 1213 3095 competitoribus
1240 3004 1379 3078 reieotis
1413 3009 1447 3077 et
1473 3005 1686 3098 repudiatis,
1720 3007 1845 3080 omnis
1872 3007 1930 3082 illo

368 3127 488 3198 ooetus
522 3122 759 3196 Wladislaum
791 3121 965 3196 Karimiri
996 3123 1164 3197 Poloniae
1196 3122 1304 3218 Regis
1336 3124 1609 3218 primogenitum
1641 3127 1872 3201 oonoorditer
1896 3127 1930 3200 in

369 3243 558 3319 Bohemiae
585 3245 734 3338 Regem,
764 3243 850 3317 laria
877 3245 1028 3318 seeundo
1055 3249 1136 3337 post
1163 3244 1298 3319 Urbani
1315 3244 1360 3336 ⁸),
1390 3247 1476 3318 hora
1493 3245 1716 3338 duodeeimu,
1747 3269 1846 3339 quae
1865 3248 1930 3320 luit

369 3365 446 3440 dies
473 3365 594 3440 bonae
620 3364 788 3438 vicesima
816 3363 966 3456 septima
992 3364 1077 3438 lluii
1092 3365 1135 3455 ¹),
1164 3365 1372 3439 reclamavit
1396 3370 1432 3438 et
1450 3367 1574 3460 elegit,
1601 3372 1743 3460 praeter
1771 3373 1851 3442 tres
1872 3369 1928 3441 ba

367 3507 487 3578 renes,
516 3486 682 3562 videlieet
709 3486 901 3561 Iohannem
929 3486 1213 3577 Rosuemberski,
1248 3487 1469 3562 Zdeulronem
1495 3487 1740 3581 Konopnioalri
1766 3493 1805 3563 et
1836 3489 1927 3562 Hen-

368 3608 479 3683 rioum
508 3607 705 3682 Hradeenlri
725 3607 781 3696 ¹⁰),
811 3606 872 3699 qni
894 3612 1029 3700 partem
1048 3608 1252 3703 Hungariae
1271 3609 1380 3703 Regis
1399 3609 1444 3697 ¹¹)
1473 3608 1720 3702 sequebantur.
1749 3609 1828 3684 Hio
1847 3610 1926 3684 dum

369 3750 414 3803 ex
441 3730 514 3803 ulto
542 3750 603 3822 spe
631 3749 668 3802 se
695 3727 965 3821 prueoipitatum
992 3729 1152 3823 agnovit,
1181 3729 1218 3803 in
1237 3731 1388 3806 furorem
1406 3749 1548 3820 versus,
1576 3729 1673 3824 igne,
1702 3731 1832 3819 oaede,
1854 3751 1926 3805 eae-

369 3855 514 3943 teruque
540 3849 577 3924 id
603 3871 714 3943 genus
742 3849 967 3938 erudelitate,
997 3849 1036 3922 in
1063 3850 1235 3924 Bohemos
1263 3850 1348 3924 adeo
1372 3849 1579 3925 debaeohari
1597 3851 1727 3944 eoepit,
1757 3856 1803 3924 ut
1823 3853 1926 3926 etiam

369 3971 539 4064 ingenuas
567 3974 745 4043 matrones
772 3974 909 4062 eaptus,
938 3990 1053 4044 eorum
1081 3970 1250 4044 trueidari
1277 3970 1473 4060 manderet,
1499 3971 1671 4045 fortalitia
1688 3976 1725 4046 et
1742 3993 1850 4046 arees
1869 3994 1924 4046 ex-

368 4097 543 4186 pugnatas
571 4085 740 4180 dirueret,
768 4095 804 4164 et
831 4091 868 4163 in
895 4090 1033 4164 deditos
1060 4091 1288 4184 euptirosque
1316 4097 1378 4165 eut
1404 4091 1562 4166 (leviatos
1590 4093 1756 4167 saeuiret.

477 4421 500 4503 ¹)
522 4423 664 4484 Polouiae
687 4423 802 4483 iuterim
824 4422 888 4483 Rex
911 4417 976 4484 Ed.
999 4418 1092 4504 [ripa.
1125 4418 1152 4501 Ω)
1182 4422 1292 4483 mensis
1321 4419 1393 4481 Maii
1423 4417 1488 4482 Ed.
1511 4417 1603 4508 [Apa.
1636 4418 1661 4500 ³)
1683 4421 1743 4481 sibi
1765 4440 1825 4499 pro
1846 4422 1924 4499 Rege

368 4524 434 4591 Ed.
464 4523 556 4610 Lipa.
581 4523 608 4606 ⁴)
629 4527 801 4604 Hungarise
823 4526 888 4588 Rex
908 4524 1037 4587 Mathias
1059 4522 1122 4587 Ed.
1147 4522 1240 4608 Dipo.
1265 4523 1292 4604 5)
1313 4525 1482 4586 Palatinum
1504 4521 1568 4586 Ed.
1591 4520 1682 4606 Lipa.
1707 4522 1736 4603 θ)
1753 4527 1788 4584 iu
1805 4526 1923 4587 casimi-

368 4650 433 4693 rum
455 4629 599 4692 Poloniae
620 4629 732 4707 Regem
754 4626 818 4692 Ed.
843 4626 936 4714 La’pa
969 4627 1131 4710 ¹)Matbiu
1158 4629 1330 4705 Hnugariae
1357 4629 1440 4708 Rege
1462 4625 1525 4690 Ed.
1549 4625 1643 4711 Lipe.
1675 4625 1703 4709 Θ)
1726 4635 1799 4706 post
1820 4629 1921 4693 festum

369 4734 471 4797 Sancti
492 4733 607 4794 Urbani
628 4729 693 4795 Ed.
715 4729 808 4816 Lr'pa
833 4729 858 4813 ⁹)
882 4733 993 4794 mensis
1015 4731 1086 4793 Maii
1102 4727 1166 4793 Ed.
1182 4727 1274 4815 [ripe.
1295 4728 1334 4812 ¹⁰)
1350 4731 1583 4812 Radzyeeusulry
1598 4727 1675 4798 eoo.
1693 4727 1786 4797 Gelo.
1808 4731 1850 4815 ¹¹)
1865 4735 1920 4794 lla·

220 4825 224 4834 ’
368 4839 450 4902 tlulae
472 4838 644 4916 Hunguriue
665 4836 757 4915 Regia
778 4832 843 4900 Ed.
867 4832 961 4919 Lips.
