4040 6290
418 523 493 596 134
926 547 1040 601 amau
1065 549 1313 604 nuouuourus
1340 532 1455 623 (arur).
1692 529 1762 632 (Α.
1780 531 1930 640 unca)

415 729 484 823 gii,
513 729 574 822 qui
601 731 834 825 vulgaverant
861 755 899 807 66
926 734 1043 807 66616
1069 757 1131 827 pro
1159 739 1241 810 6616
1260 737 1497 830 expedivisse,
1526 740 1687 814 nonnisi
1706 759 1816 836 spem,
1835 747 1928 824 etan

415 849 528 945 ipsam
556 851 754 954 ambiguam
781 870 844 952 pro
870 875 908 930 re
935 855 1176 937 ostendebant.

414 1214 620 1286 16166666
643 1217 751 1293 nuntii
773 1217 890 1289 iterun
912 1219 1057 1292 1611666
1081 1221 1286 1294 conditiones
1315 1223 1474 1312 prioribus
1496 1223 1672 1310 addentes,
1702 1223 1868 1295 'lailotun
1884 1227 1928 1299 11(

442 1334 540 1428 begis
562 1336 714 1414 1166166161
736 1338 880 1430 1166666
901 1339 1072 1414 boloniae
1094 1341 1250 1416 onomat:
1274 1343 1476 1434 subornon
1499 1343 1638 1416 6166616
1660 1360 1846 1434 responsam
1864 1348 1909 1418 ((1

509 1588 677 1664 secunda
702 1591 869 1681 posthaec
896 1591 1027 1664 mensis
1054 1592 1264 1666 Novembris
1283 1593 1322 1682 1),
1359 1593 1456 1666 16616
1484 1592 1540 1666 116
1566 1593 1817 1686 Pyotrlroviam
1844 1595 1928 1686 Regni

415 1707 597 1782 Bohemici
632 1709 750 1784 nuntii
787 1711 1033 1806 ingrediuntur
1064 1713 1102 1787 in
1129 1714 1294 1788 comitiva
1325 1715 1554 1788 ducentorum
1581 1735 1770 1806 equorum,
1798 1713 1927 1788 videlieet

412 1828 625 1904 Wilhelmus
652 1832 695 1908 dc
722 1831 948 1929 Rissemberg
961 1833 993 1924 1)
1022 1839 1056 1908 61
1072 1819 1126 1908 'de
1152 1835 1273 1928 Rabye
1300 1835 1512 1908 camerarius
1535 1834 1650 1928 Regni
1668 1835 1865 1922 Bohemine,
1887 1836 1925 1907 lo

410 1951 543 2026 hanues
569 1953 613 2027 16
640 1955 858 2030 1166666666
885 1957 989 2030 6116
1017 1957 1201 2043 Β6166166,
1230 1957 1399 2031 Albcrtus
1426 1957 1469 2030 16
1496 1953 1726 2045 Κ61666611)
1755 1961 1790 2030 61
1815 1957 1926 2029 debes·

412 2072 655 2163 1666611661),
685 2074 886 2167 81666161)
914 2077 956 2151 16
984 2078 1103 2152 (11616
1123 2079 1218 2152 6116
1237 2079 1488 2172 Rosuomberg,
1518 2077 1718 2171 Bpeuasius
1747 2076 1927 2168 16116611-

411 2193 541 2284 66111)
569 2195 778 2290 burgrabius
806 2199 913 2272 castri
944 2199 1134 2289 Karsthin,
1169 2201 1276 2273 trater
1304 2201 1437 2273 Paulus
1465 2199 1693 2292 Praepositus
1723 2197 1927 2272 Sderadiensia

410 2320 446 2387 ct
472 2316 647 2391 Hauricus
675 2317 717 2392 de
745 2319 971 2410 86161661),
1001 2319 1085 2394 1166
1112 2321 1230 2394 666111
1257 2321 1396 2395 Veteris
1414 2326 1449 2395 et
1467 2321 1589 2394 Novas
1617 2320 1770 2411 Pragas,
1799 2318 1928 2392 61161166(

410 2435 837 2530 11166166616116166166,
858 2442 900 2515 dc
916 2441 1158 2536 Wintemberg
1172 2441 1224 2532 1),
1239 2442 1412 2516 Martinus
1432 2442 1567 2516 Bornelr
1585 2441 1628 2515 16
1646 2441 1807 2529 Hradelr,
1826 2439 1928 2514 (166616

408 2559 451 2633 16
477 2560 657 2651 Barchon,
693 2562 889 2656 Begussius
917 2563 958 2637 de
986 2561 1270 2654 Drahcbndnicu,
1304 2563 1391 2638 item
1422 2563 1540 2636 nuntii
1567 2565 1718 2637 Zathecc
1748 2566 1783 2636 et
1808 2563 1926 2634 Pontou-

408 2679 504 2770 6161)
532 2681 727 2760 civitatum.
760 2683 981 2757 Η166616
1009 2688 1140 2759 secreto
1169 2685 1334 2774 consilio,
1364 2685 1420 2758 die
1449 2683 1620 2773 8611611),
1654 2683 1784 2776 quinta
1808 2681 1926 2754 Noren-

406 2799 480 2874 bris
499 2801 556 2891 ¹¹),
585 2803 698 2878 auditi
718 2805 882 2894 luissent,
906 2805 1082 2898 prioribus
1102 2805 1279 2894 articulis,
1300 2827 1388 2898 quos
1406 2806 1444 2878 iu
1462 2805 1597 2878 Radom
1616 2805 1828 2890 attulerant,
1846 2823 1926 2876 enun-

406 2921 522 3011 tiatis,
550 2923 587 2996 id
615 2924 721 2998 ctiam
748 2925 965 3020 singularius
993 2925 1217 3001 addiderunt:
1246 2932 1287 2999 ut
1310 2926 1480 3020 Georgius
1499 2923 1799 3000 Pesadaebracuki
1815 2924 1926 3014 plonun

407 3041 553 3116 titulum
580 3063 620 3117 ac
647 3045 848 3120 Dominium
875 3047 989 3141 Regni
1017 3048 1205 3122 Bohemiao
1232 3069 1344 3141 usquc
1371 3048 1409 3122 in
1435 3047 1528 3121 diem
1556 3045 1673 3120 obitus
1701 3044 1837 3137 potitus
1860 3042 1925 3115 obti-

405 3167 503 3250 6661;
536 3163 632 3238 11166
664 3186 745 3240 vcro
777 3167 944 3240 Poloniae
976 3167 1084 3262 Regis
1104 3166 1149 3259 11)
1180 3189 1249 3241 666
1285 3168 1361 3269 nisi
1387 3189 1426 3242 eo
1454 3170 1589 3241 mortuo
1618 3166 1801 3254 succedat,
1832 3169 1862 3236 ct
1881 3184 1925 3254 pro

404 3282 563 3376 qualibet
589 3284 774 3380 ingruente
800 3287 1010 3362 66666611616
1041 3288 1116 3362 6616
1144 3288 1254 3380 copiis
1283 3288 1507 3364 dirutionem
1534 3286 1644 3360 iuvet.
1682 3287 1729 3360 In
1757 3305 1829 3360 666
1850 3285 1924 3356 661-

403 3403 481 3480 dem
508 3404 590 3478 dare
617 3410 758 3498 paratos
786 3428 862 3483 esse
889 3412 925 3482 61
952 3407 1119 3501 accipere.
1149 3408 1233 3482 cum
1260 3413 1378 3483 autem
1406 3408 1621 3482 conditiones
1651 3428 1718 3500 per
1746 3427 1804 3479 666
1830 3424 1923 3497 propo-

403 3524 509 3615 sitae,
538 3547 661 3618 parum
689 3549 834 3621 aequae,
868 3550 1061 3622 parumque
1092 3528 1295 3604 tolerabiles
1322 3529 1541 3617 riderentur,
1573 3549 1783 3620 responsum
1810 3526 1860 3598 luis
1881 3545 1924 3615 per

402 3646 570 3720 Polonlac
596 3647 729 3744 Regem
757 3654 826 3723 est:
856 3649 1037 3722 6661666
1065 3669 1109 3722 ex
1137 3650 1282 3723 arbitrio
1311 3649 1447 3724 Summi
1473 3649 1674 3738 Pontificis,
1704 3653 1741 3722 et
1768 3645 1853 3719 nihil
1868 3643 1922 3719 eius

400 3765 555 3854 iniussu,
575 3767 612 3840 in
630 3770 869 3861 acceptatione
886 3769 1001 3863 Regni
1020 3771 1211 3844 Bohemiae
1235 3775 1406 3846 acturum.
1435 3771 1586 3844 Proinde
1614 3791 1668 3858 66,
1699 3767 1843 3855 6116611,
1867 3765 1922 3838 6166

401 3885 554 3978 opperiri
580 3889 674 3964 uelle
700 3890 888 3984 Legatum,
918 3897 953 3964 et
980 3891 1146 3983 posthaec
1173 3891 1277 3965 robus
1305 3892 1419 3986 Regni
1439 3891 1627 3966 Bohemiae
1645 3909 1885 3981 responsurum
1898 3891 1922 3957 ot

398 4006 622 4098 provisurum
650 4011 812 4104 nogotiis.
840 4013 996 4085 Donatos
1023 4016 1140 4085 66166
1168 4012 1327 4105 singulos
1355 4013 1506 4086 Schubis
1526 4009 1571 4102 11)
1599 4011 1787 4084 sabellinis
1809 4015 1920 4082 6166(-

398 4127 553 4220 duriuis,
586 4131 718 4224 phialis
749 4137 785 4206 61
817 4131 932 4225 cquis,
966 4137 1001 4206 et
1028 4154 1090 4224 per
1122 4153 1223 4206 6666
1250 4137 1404 4225 tempus,
1438 4153 1506 4225 quo
1534 4130 1772 4224 Ppotrlroriac
1799 4129 1920 4212 6161661

397 4250 560 4325 6661166
578 4252 715 4326 616616
733 4257 936 4345 procuratos
955 4253 1177 4342 necessariis,
1199 4253 1290 4327 licet
1302 4253 1539 4328 ecclesiastico
1558 4257 1702 4345 propter
1717 4273 1833 4325 eorum
1846 4268 1919 4340 prae

397 4370 547 4446 seutiam
575 4377 713 4448 serrato
740 4373 943 4464 interdicto,
972 4379 1124 4448 moestos
1152 4375 1292 4467 quidem
1319 4375 1547 4449 6166166166
1575 4373 1775 4464 (16616611)
1802 4370 1920 4444 enimse

396 4493 564 4568 rebantur
592 4513 799 4586 responsum
831 4497 1050 4587 accepturos)
1082 4494 1229 4568 remisit.
1261 4495 1329 4586 Qui
1357 4494 1425 4568 6161
1452 4493 1690 4568 destinassent
1723 4491 1858 4566 rectiori
1880 4487 1920 4558 61

396 4613 601 4689 Bohemiam
628 4615 773 4690 reverti:
802 4615 916 4690 uisuri
944 4621 1062 4690 tamen
1089 4615 1182 4690 filios
1209 4615 1318 4708 Regis
1337 4614 1382 4706 11)
1409 4615 1448 4689 16
1466 4613 1666 4689 cracoviam
1688 4609 1918 4696 1166616611),

504 4855 527 4936 ¹)
551 4856 688 4920 Octobris
710 4853 774 4920 Ed,
797 4853 887 4940 1166.
919 4855 944 4935 1)
974 4857 1011 4919 (16
1033 4857 1245 4934 Risohcmberg
1267 4851 1330 4919 Ee.
1355 4853 1447 4939 [a'pc.
1474 4855 1691 4937 (Riesenberg).
1725 4853 1750 4934 ³)
1774 4850 1916 4916 Kotomoll

394 4955 457 5023 Ed.
482 4957 575 5044 Lipr.
600 4956 628 5043 1)
651 4961 689 5022 (16
711 4951 901 5022 Besdwselric
923 4956 987 5022 Ed.
1009 4956 1101 5042 Lipr.
1127 4956 1154 5040 1)
1173 4959 1326 5021 81666116
1341 4956 1403 5021 Ed.
1421 4957 1514 5043 Lipr.
1531 4956 1558 5038 1)
1574 4959 1756 5021 Benedictus
1771 4954 1915 5033 16116611-

392 5064 473 5125 mleli
495 5061 559 5126 Ed.
583 5061 674 5147 tipo.
709 5063 734 5142 ⁷)
766 5065 905 5126 16166616
927 5051 991 5124 Ed.
1019 5060 1110 5145 Lipr.
1136 5061 1163 5139 ⁸)
1188 5063 1225 5125 dc
1247 5063 1442 5140 Schulyenica
1465 5069 1494 5124 61
1515 5063 1700 5140 Vintenberg
1723 5058 1916 5142 (Wintcrbergl

392 5163 456 5230 Ed.
480 5164 571 5250 urps.
595 5165 622 5246 1)
644 5169 823 5230 Ρ661166616
848 5162 925 5230 cod.
950 5161 1038 5229 Cato.
1062 5165 1112 5246 (dc
1134 5167 1237 5246 Brllx).
1265 5165 1304 5246 ¹⁰)
1320 5168 1369 5227 die
1390 5167 1472 5228 Iovis
1494 5163 1556 5227 Ed.
1581 5163 1673 5249 Lapa.
1702 5163 1740 5244 11)
1764 5161 1914 5226 66661616

392 5269 486 5332 tubris
507 5267 571 5335 Ed.
594 5268 685 5354 Lipr.
713 5268 750 5351 11)
774 5273 916 5332 Ρ6166166
936 5271 1028 5348 Regis
1050 5269 1208 5332 wladislai
1230 5267 1293 5332 Ed.
1316 5267 1407 5353 Dipo.
1436 5267 1475 5349 11)
1490 5272 1623 5332 vestibus
1638 5265 1702 5332 Ed.
1718 5267 1811 5352 Lipr.
1829 5264 1914 5346 11))66

393 5375 453 5435 tius
475 5370 538 5434 Ed.
561 5369 652 5458 Lips.
681 5373 721 5455 ¹⁵)
744 5375 880 5437 casimiri
902 5375 1043 5436 Poloniae
1066 5374 1157 5452 Regis
1179 5369 1243 5436 Ed.
1270 5370 1361 5457 Lipr.
1389 5369 1428 5455 11)
1450 5373 1608 5436 divertunt
1630 5374 1677 5434 Ibi
1692 5371 1914 5451 6666666616

393 5495 458 5539 rum
479 5478 663 5558 praesentia,
685 5483 767 5541 teuto
788 5497 842 5557 per
863 5478 928 5540 (1166
950 5479 1064 5556 aliquot
1085 5477 1252 5557 interdicto,
1274 5478 1395 5540 assoouti
1416 5477 1492 5540 lilios
1513 5477 1612 5555 regios
1635 5473 1699 5539 Ed.
1723 5473 1815 5560 Lipr.
