4040 6290
106 547 183 650 (Α
201 548 246 624 Ι).
268 545 395 649 1470.)
628 573 742 627 urens
768 571 1013 628 nuonnonrns
1040 557 1155 647 (1111).
1590 557 1665 632 teo

105 759 158 833 ab
184 759 284 832 hoste
311 757 439 831 infesto
468 756 721 832 Bamkkirober
747 759 1006 852 oppugnatione
1033 759 1245 851 abstulerat,
1274 765 1310 837 et
1327 763 1368 835 ut
1386 762 1583 856 Imperator
1599 786 1662 857 pro

105 879 249 953 damnis
276 879 388 954 eidem
415 879 667 953 Bamkkireher
693 880 925 974 quadraginta
958 880 1073 954 millia
1103 903 1287 957 aureorum
1310 884 1575 976 superadderet,
1604 907 1662 978 pe·

104 1001 224 1091 tebet,
253 1001 337 1074 adeo
365 999 551 1093 utriusque
579 1000 687 1074 animi
715 999 848 1074 irritati
875 1006 911 1073 et
938 1000 1062 1074 offensi
1094 1005 1193 1092 sunt,
1226 1008 1268 1076 ut
1295 1003 1498 1098 Hungariae
1525 1006 1604 1080 Rex
1622 1007 1662 1097 ¹),

104 1125 305 1198 insalutato
333 1123 492 1212 caesare,
522 1143 566 1196 ex
594 1121 730 1196 Vienna
762 1122 1009 1210 tumultuante,
1044 1144 1133 1197 naue
1147 1122 1179 1214 ²)
1206 1143 1269 1217 per
1295 1125 1496 1200 Danubium
1527 1130 1662 1218 reolus,

103 1245 292 1336 discessit,
320 1244 530 1338 dedignatus
557 1243 663 1317 etiam
690 1243 875 1336 paululum
895 1242 1084 1317 adventum
1103 1245 1256 1338 opperiri
1275 1245 1449 1337 Caesaris,
1478 1248 1539 1340 qui
1558 1247 1662 1322 illum

103 1389 216 1462 eques
235 1389 314 1441 eum
333 1366 424 1456 suis,
452 1364 709 1438 humanitatem
728 1368 950 1454 ostensurus,
979 1365 1166 1438 abeuntem
1185 1366 1345 1461 fugabat:
1374 1367 1536 1442 irritatus
1554 1368 1661 1443 etiem

101 1490 248 1584 privato
276 1489 456 1577 dodeoore,
486 1487 579 1579 quod
607 1507 686 1560 eum
705 1485 742 1559 in
761 1485 934 1579 singulari
953 1485 1146 1560 hastiludio
1165 1488 1326 1580 Rapheel
1344 1488 1566 1578 Lesoninski,
1595 1490 1660 1564 mi·

101 1613 163 1687 les
190 1612 377 1686 Caesareus
405 1610 600 1702 praefatus,
630 1608 667 1681 tn
694 1607 835 1700 publieo
854 1608 1053 1700 speetaoulo
1071 1608 1185 1682 hastis
1204 1609 1371 1700 ludendo,
1391 1609 1430 1682 ln
1448 1611 1562 1685 ftonte
1580 1612 1659 1685 uul-

101 1738 303 1808 nerauerat.
331 1731 370 1805 Is
397 1731 557 1823 Rapbael
588 1729 727 1803 nomIne
759 1729 925 1803 Caesareo
952 1729 1059 1802 verba
1092 1729 1238 1819 feeiens,
1272 1735 1539 1806 oommemorata
1565 1733 1659 1827 lega-

102 1855 204 1930 tione
231 1852 402 1928 Stanisloi
432 1851 633 1941 Wislionki,
663 1850 843 1925 astruebat
871 1850 1065 1940 Gaesarem,
1094 1872 1294 1944 quanquam
1313 1873 1334 1925 a
1351 1851 1476 1927 multIs
1502 1853 1659 1948 Regibus

103 1983 146 2050 et
172 1975 396 2068 Prinoipibns
429 1973 613 2048 eatholiois
640 1972 678 2046 in
697 1973 834 2061 foedus,
865 1970 1057 2046 amioitianr
1076 1976 1112 2046 et
1130 1972 1337 2046 affinitatem
1364 1977 1559 2066 peteretur,
1587 1975 1658 2050 foo-

102 2099 175 2172 dus
202 2103 334 2184 temen,
365 2095 571 2169 affinitatem
591 2100 627 2169 et
645 2091 838 2168 emioitiom
867 2092 1047 2166 Kanimiro
1074 2092 1242 2168 Poloniae
1260 2093 1385 2188 Regis,
1414 2095 1570 2169 omnium
1587 2097 1657 2171 Re·

100 2241 190 2313 gum
217 2225 252 2292 et
278 2216 482 2310 Prineipum
509 2215 743 2290 affinitatibus
775 2219 811 2288 et
838 2213 1052 2304 foederibus,
1090 2236 1135 2288 ex
1162 2215 1285 2288 multis
1316 2216 1535 2309 respeotibus
1558 2239 1656 2310 prae·

100 2340 244 2414 tulisse.
273 2339 424 2413 Proinde
451 2338 624 2424 instabat,
652 2341 694 2410 ut
720 2335 888 2410 Poloniae
916 2337 994 2410 Rex
1012 2333 1043 2424 3)
1070 2336 1227 2410 mitteret
1253 2337 1475 2412 consiliarios
1502 2339 1546 2411 ad
1573 2338 1655 2414 an-

101 2481 234 2549 serem,
260 2461 364 2553 pleno
383 2459 545 2532 mandato
565 2457 746 2546 suffultos,
770 2457 895 2530 foedus
914 2462 949 2530 et
967 2455 1159 2530 amicitiam
1178 2478 1269 2531 nore
1287 2457 1361 2552 liga
1379 2459 1655 2534 confirmaturos.

102 2581 264 2655 Subieoit
291 2586 325 2654 et
352 2580 443 2654 idem
472 2583 602 2668 orator,
642 2582 814 2670 quatenus
842 2578 919 2651 Rex
947 2577 1114 2651 Poloniae
1140 2583 1279 2653 sereret
1307 2578 1373 2652 sibi
1403 2579 1537 2674 aRege
1555 2579 1654 2654 Hun-

100 2703 222 2797 gariao
249 2702 399 2790 Mathia,
429 2705 463 2775 et
490 2699 645 2794 perieulo
674 2720 737 2772 suo
765 2697 930 2772 Caesareo
958 2702 1111 2788 attento,
1139 2719 1319 2792 nunquam
1346 2699 1384 2773 in
1412 2699 1533 2774 foedus
1561 2705 1596 2776 et
1613 2703 1653 2776 fi·

100 2825 183 2897 dem
210 2845 326 2898 seeum
353 2823 503 2897 veniret:
532 2821 640 2909 dolis,
669 2819 829 2908 astutiis,
858 2819 1026 2913 ingeniis,
1052 2819 1084 2893 si
1103 2840 1203 2894 seons
1230 2824 1364 2914 egeret,
1394 2820 1653 2914 illaqueandus.

101 2943 259 3017 Auditus
287 2948 341 3017 est
368 2943 516 3016 nuntius
531 2943 563 3032 ⁴)
590 2941 779 3015 Caesareus
805 2939 972 3034 benigne,
1002 2945 1037 3015 et
1063 2940 1271 3016 liberalibus
1299 2941 1400 3014 donis
1428 2948 1576 3016 onustus
1599 2964 1652 3018 re·

98 3064 245 3138 missus.
279 3063 432 3138 Remissi
465 3067 548 3136 sunt
580 3067 615 3136 et
642 3083 721 3135 oum
749 3082 787 3135 eo
814 3059 853 3133 hi
880 3061 948 3134 duo
975 3061 1142 3154 palatini,
1176 3062 1344 3136 Derslaus
1376 3062 1419 3136 de
1451 3062 1654 3157 RIthuyani

100 3184 413 3272 Sandomiriensis,
442 3189 478 3259 et
505 3184 706 3258 Stanislaus
734 3182 776 3256 de
803 3181 971 3276 Ostrorog
1002 3181 1237 3257 Calissiensis.
1270 3182 1337 3256 His
1364 3183 1590 3274 mandatum,
1612 3191 1654 3259 ut

99 3305 170 3378 sub
196 3305 317 3397 aequis
349 3304 608 3378 eonditionibus
641 3303 762 3377 loedus
794 3323 873 3376 eum
901 3302 1078 3376 Friderioo
1110 3304 1325 3396 Imperatore
1352 3303 1590 3379 Romanorum
1617 3313 1654 3381 et

97 3425 309 3499 affinitatem
336 3425 451 3499 ootive
478 3429 513 3500 et
539 3424 680 3518 passive
708 3423 873 3517 iungant,
902 3423 1015 3496 dendo
1045 3422 1210 3498 videlieet
1228 3424 1338 3499 filiam
1357 3423 1524 3499 Poloniae
1542 3425 1651 3520 Regis

97 3545 326 3638 Imperatori,
355 3545 387 3618 si
415 3545 618 3638 expetierit,
647 3549 709 3618 eut
736 3544 978 3618 MaxImiliano
997 3565 1060 3617 suo
1079 3543 1183 3619 unioo
1210 3545 1301 3636 filio,
1331 3549 1366 3620 ot
1392 3543 1591 3638 recipiendo
1610 3549 1649 3622 d·

96 3666 186 3738 liam
204 3686 303 3738 suem
322 3665 560 3759 (iunegundim
580 3666 776 3740 Wladislao
795 3665 869 3739 filio
896 3665 1005 3758 Regis
1021 3665 1051 3754 ⁵)
1079 3665 1331 3760 primogenito;
1350 3669 1392 3740 ut
1410 3687 1549 3760 quoque
1567 3667 1648 3742 an-

97 3808 159 3860 sar
184 3808 246 3879 pro
274 3787 527 3880 consequendis
554 3787 687 3881 Regnis
714 3786 917 3880 Hungariae
935 3789 970 3859 et
988 3785 1177 3860 Bobeniae
1202 3787 1296 3861 filios
1314 3787 1423 3882 Regis
1438 3787 1470 3877 6)
1497 3787 1650 3863 fideliter

95 3907 259 3998 adiuret,
289 3913 324 3982 et
351 3908 393 3982 de
420 3907 514 3981 omni
540 3907 617 3981 iure
644 3907 816 3981 diotorum
843 3906 1045 4000 Regnorum
1072 3907 1228 3982 exoedat.

132 4266 314 4338 [animm
334 4265 404 4338 lter
426 4265 513 4354 petit
536 4281 556 4336 a
578 4262 1008 4354 sangermanensem
1030 4263 1210 4336 emmonem
1230 4262 1333 4353 logni
1355 4262 1525 4336 talamos
1547 4281 1604 4354 pro

694 4383 871 4456 meduan
892 4384 960 4456 tlte
982 4399 1052 4456 rua.

200 4636 257 4709 Ad
284 4634 473 4728 Georgium
499 4633 644 4725 insuper
670 4630 965 4705 Posuduebreenki
991 4631 1060 4704 duo
1087 4629 1148 4704 alii
1167 4629 1285 4704 nuntii
1301 4629 1343 4721 ⁷),
1371 4629 1521 4706 Iaoobus
1540 4633 1646 4706 Dam-

91 4756 245 4850 byenski
271 4755 386 4849 Regni
412 4753 580 4827 Poloniae
606 4753 853 4840 oanoellerius,
883 4756 919 4826 et
946 4751 1146 4825 Stanislaus
1166 4751 1462 4844 Sebidlowyeenki
1480 4753 1644 4828 rastello·

92 4899 164 4951 nus
191 4853 451 4964 Zarnouiensio,
479 4873 518 4947 in
544 4872 748 4947 Bohemianr
776 4871 892 4961 missi,
920 4871 1124 4964 persuasuri
1142 4871 1215 4962 illi,
1238 4877 1279 4945 ut
1297 4871 1529 4966 primogenito
1547 4872 1645 4968 regio

92 4997 291 5072 Wlodislao
319 4996 361 5069 de
388 4995 509 5088 Regno
537 4993 726 5068 Bohemiae
754 4993 917 5081 excedat,
946 4996 981 5066 et
1008 5013 1086 5066 oum
1106 5013 1143 5066 se
1161 4991 1303 5067 vivente
1321 4993 1479 5068 eoronari
1496 4993 1642 5086 permit·

203 5290 225 5368 ¹)
248 5289 376 5350 Mathias
398 5289 570 5366 Hungeniao
591 5289 655 5349 Rex
677 5283 741 5350 Ed,
763 5282 853 5369 Lipa.
885 5284 913 5364 Ω)
935 5303 1021 5347 mene
1044 5280 1108 5348 Ed.
1131 5282 1225 5369 Lipe.
1257 5283 1284 5364 ³)
1306 5281 1370 5348 Be‘x
1393 5285 1555 5348 Oasimirus
1577 5283 1656 5349 ed:

90 5390 186 5475 Dipo.
217 5391 244 5471 ⁴)
273 5393 299 5452 is
328 5391 448 5452 nuntius
476 5387 540 5452 Ed.
572 5387 663 5472 La‘pa.
695 5384 722 5472 ⁶)
752 5389 893 5450 Poloniae
922 5387 1014 5466 Regte
1043 5385 1106 5451 Ed.
1129 5386 1223 5472 Lapa
1251 5386 1279 5468 ⁶)
1303 5388 1439 5451 enimin·
1461 5389 1553 5467 Regis
1577 5385 1641 5453 Ed

90 5493 187 5579 Dipo.
212 5493 237 5574 I)
259 5513 279 5555 a
300 5493 442 5556 Gasimiro
463 5495 546 5572 Rege
567 5493 709 5556 PolonIae
731 5491 789 5554 dno
811 5492 862 5553 alii
884 5491 993 5572 nuntii,
1015 5491 1154 5554 videlieet
1175 5488 1239 5555 Et.
1262 5488 1357 5576 nepa.
