4046 6278
64 530 132 632 (Α.
153 530 198 610 1).
219 528 347 628 teca)
577 551 690 608 ursan
715 550 962 606 nuounenrns
987 532 1101 624 (xm).
1532 533 1605 608 set

63 757 84 808 1
110 736 296 818 1111111111,
317 735 570 812 cruciferorum
606 736 774 829 Magistro
807 740 843 810 et
870 735 998 810 Ordine
1032 735 1162 810 crebris
1189 735 1325 810 nuntiis
1353 741 1389 810 st
1407 737 1541 827 literis,
1569 741 1611 810 ut

63 856 107 930 ad
135 877 174 930 se
201 856 350 946 renuet,
378 860 537 948 rogatus,
566 877 610 930 ex
637 857 833 947 Pyotrlrow,
862 855 954 928 datie
972 877 1034 947 per
1052 857 1184 948 Regem
1203 857 1403 950 armigeris,
1423 857 1484 950 qui
1503 857 1606 932 illum

63 976 313 1064 conducerent,
340 976 521 1048 Prussiam
541 977 567 1066 ¹)
594 998 657 1068 per
684 976 860 1050 Maeoniae
878 996 973 1048 oram
991 975 1111 1068 petiit,
1141 980 1176 1048 et
1194 997 1305 1068 usque
1323 977 1518 1070 Kinsberg,
1546 977 1608 1050 ubi

62 1095 264 1168 Ludoricus
296 1096 463 1188 Magister
494 1117 574 1169 cum
604 1095 816 1187 primoribus
849 1094 990 1170 Ordinis
1021 1095 1237 1184 morabatur,
1271 1097 1446 1188 pervenit,
1473 1097 1608 1170 bellum

61 1215 316 1290 Pruthsnicnm
342 1235 427 1306 pace
454 1220 622 1307 perpetua
648 1219 710 1288 aut
737 1214 949 1289 sufferentiis
964 1213 1008 1304 2),
1036 1220 1076 1286 ut
1102 1214 1195 1288 rires
1224 1237 1305 1290 suas
1333 1215 1499 1290 Poloniae
1526 1216 1604 1290 Rex

61 1334 99 1406 in
127 1334 318 1408 Turcornm
344 1335 616 1422 Machometum,
651 1333 711 1426 qni
738 1335 844 1406 etiam
871 1355 911 1408 eo
938 1355 1027 1406 anuo
1060 1334 1246 1408 Macellina
1260 1333 1290 1423 3)
1318 1335 1436 1408 insula
1463 1334 1625 1427 11111111,

62 1453 148 1540 sita,
178 1454 369 1526 maximum
397 1453 604 1526 Graecorum
632 1473 772 1546 gregem
799 1453 978 1545 captivum
1006 1452 1170 1542 duxerat,
1208 1474 1285 1528 cnm
1313 1453 1460 1528 caeteris
1487 1454 1605 1527 catho-

60 1572 142 1645 licis
171 1573 327 1665 Regibus
354 1577 587 1660 converteret,
616 1573 887 1664 compositurus:
916 1572 1123 1663 praesertim
1150 1593 1228 1646 cum
1248 1576 1283 1645 et
1300 1573 1466 1646 Prussiee
1493 1572 1603 1666 Magi·

61 1697 149 1780 ster,
180 1691 339 1784 Ordoqne
366 1692 634 1780 cruciferorum,
671 1697 813 1784 propter
839 1692 955 1765 clades
981 1695 1138 1764 recenter
1165 1713 1185 1764 a
1212 1691 1341 1766 militia
1368 1693 1477 1784 Regis
1503 1693 1540 1766 in
1567 1714 1605 1768 se

61 1811 207 1904 suisque
235 1832 274 1884 eo
301 1833 390 1884 anno
419 1817 454 1884 st
480 1817 656 1886 transacto
690 1815 888 1902 susceptas,
917 1811 960 1882 ad
988 1810 1245 1902 suscipiendam
1277 1832 1397 1903 pacem
1429 1812 1604 1886 ferebatur

60 1931 276 2023 fiagramsse.
306 1931 436 2004 centos
454 1932 627 2024 siquidem
645 1931 750 2004 Pauli
767 1930 985 2005 Varmiensis
1004 1931 1174 2022 episcopi,
1195 1931 1256 2024 qui
1273 1931 1495 2004 iureiurando
1514 1931 1604 2026 ltegi

59 2051 248 2142 praestito,
277 2051 314 2123 in
332 2051 493 2144 Magistri
512 2057 547 2124 et
565 2050 707 2124 Ordinis
724 2055 843 2142 partes
862 2050 1090 2138 transierant,
1109 2049 1192 2122 dnm
1212 2051 1375 2142 oppidum
1395 2051 1556 2126 Varmith
1571 2052 1602 2141 ⁴)

60 2170 215 2262 partium
241 2170 433 2263 regiarunt,
463 2171 587 2244 solatio
616 2169 828 2244 curiensium
843 2168 874 2258 5)
902 2169 1064 2262 Magistri
1083 2171 1207 2259 fretae,
1227 2169 1419 2262 proditorie
1437 2171 1502 2244 sub
1521 2191 1602 2244 uoc-

60 2290 107 2364 tis
134 2290 287 2383 caligine
315 2301 481 2382 occupare
499 2294 714 2382 pertentant,
735 2291 863 2362 eodem
886 2289 1078 2381 proditore,
1108 2289 1170 2380 qui
1188 2310 1284 2381 spem
1302 2289 1464 2362 hostibus
1483 2289 1603 2382 oppidi

60 2409 210 2482 dedendi
237 2412 380 2498 lecerat,
407 2410 590 2502 prodente,
619 2431 640 2485 1
667 2410 822 2481 Iohanne
850 2409 991 2481 Skalski
1010 2430 1080 2500 ,pro
1104 2408 1229 2482 maiori
1244 2413 1344 2501 parte
1364 2408 1529 2502 oppidum
1546 2410 1600 2482 in·

59 2533 151 2602 trare
179 2529 359 2620 permissi,
388 2529 431 2600 ad
458 2551 567 2601 unum
594 2550 731 2618 omnes,
761 2529 822 2620 qui
849 2529 1083 2617 intraverant,
1112 2533 1173 2600 aut
1191 2527 1393 2620 capiuntur,
1413 2532 1475 2600 aut
1494 2528 1601 2602 truci·

59 2649 204 2736 dautnr;
232 2651 350 2740 plures
378 2648 439 2740 qui
466 2649 587 2721 fraude
614 2648 705 2737 1111,
734 2649 972 2741 diffugierant,
993 2648 1031 2720 in
1048 2648 1195 2721 lacubus
1214 2648 1340 2740 oppido
1359 2648 1503 2737 vicinis,
1532 2649 1600 2720 ira·

58 2767 150 2860 giles
164 2769 297 2861 glacies
316 2768 481 2861 ingressi,
502 2768 726 2842 suffocantur.
747 2769 905 2842 Trecenti
925 2767 1325 2858 11111111111111111),
1350 2767 1411 2858 qui
1429 2787 1473 2840 sn
1491 2768 1600 2840 Brod-

59 2887 157 2960 nicna
175 2889 215 2960 in
233 2893 360 2962 terram
379 2888 650 2962 Dobrniuensem
668 2888 871 2978 praedatum
889 2887 1155 2974 descenderant,
1183 2887 1228 2960 ab
1247 2887 1366 2960 Ulrico
1385 2886 1596 2975 Oairnonka,

59 3028 107 3080 ex,
129 3007 247 3082 Golub
276 3029 413 3101 egresso
431 3007 529 3099 prius
549 3028 652 3099 quam
670 3011 792 3100 gentes
809 3007 925 3100 regiae
941 3007 983 3097 ⁷),
1012 3028 1100 3099 quae
1119 3006 1156 3078 in
1173 3006 1347 3098 praesidio
1366 3006 1458 3098 apud
1475 3006 1599 3080 Brnes·

59 3149 155 3221 cape,
177 3127 283 3200 Petro
302 3127 421 3204 Donin
440 3127 691 3202 succamerario
711 3125 999 3216 Sandomirieusi,
1027 3126 1224 3218 capitaneo,
1249 3125 1488 3216 morabantur,
1508 3125 1600 3218 apud

58 3247 225 3339 oppidum
258 3248 407 3339 Slampe
437 3247 640 3320 duodecima
675 3247 833 3322 Ianuarii
864 3245 1216 3336 1111111111111118),
1245 3250 1280 3319 11
1306 3244 1429 3338 paucis
1451 3246 1597 3320 eraden-

58 3367 169 3456 tibus,
201 3366 377 3460 octoginta
403 3367 513 3459 capti,
544 3367 673 3440 caeteri
700 3365 805 3438 occisi
820 3365 863 3456 9).

66 3721 160 3811 lorge
184 3719 226 3794 do
247 3719 439 3792 zrzncmo
461 3719 623 3794 scultetus
645 3717 795 3790 11111111
817 3721 960 3790 cestrum
982 3716 1128 3791 tloelrov
1150 3717 1350 3808 proditurus,
1372 3717 1407 3790 in
1429 3734 1589 3792 carmem

737 3837 918 3909 conicitur.

157 4083 374 4158 Versabatur
400 4089 435 4158 et
462 4087 615 4158 oestrum
643 4069 800 4156 Sloch'ow
828 4083 1066 4174 superioribus
1094 4083 1195 4156 annis
1223 4083 1260 4156 in
1286 4104 1410 4176 magno
1429 4083 1597 4176 periculo,

57 4211 90 4278 et
107 4227 232 4298 parum
260 4204 388 4292 abfuit,
418 4203 503 4296 quin
521 4203 558 4276 in
576 4203 730 4277 bostium
749 4203 885 4276 reniret
903 4203 1083 4276 ditionem.
1112 4205 1219 4296 Iurga
1238 4201 1411 4295 siquidem
1430 4203 1472 4276 de
1490 4204 1595 4278 Zrun

56 4345 165 4398 caeno
186 4325 231 4412 ¹⁰)
259 4324 446 4412 scultetus,
474 4323 604 4396 nobilis
632 4324 673 4396 de
701 4322 801 4394 domo
828 4321 1040 4414 Bipcnnium
1066 4323 1238 4410 Polouus,
1266 4343 1344 4396 cum
1362 4321 1468 4410 illud,
1498 4324 1598 4396 uelut

55 4442 279 4536 burgrabins,
307 4464 328 4514 a
354 4442 549 4514 Wlodkone
582 4443 772 4514 castellano
802 4445 837 4514 et
864 4441 1045 4533 capitaneo
1077 4441 1249 4516 Naklensi
1283 4440 1598 4516 administrandum

56 4564 260 4656 accepisset,
290 4562 446 4634 fraudem
474 4567 509 4634 st
535 4563 572 4634 iu
598 4562 748 4654 patriam
776 4565 811 4633 et
837 4561 877 4634 in
901 4561 1088 4635 Dominum
1116 4583 1217 4634 suum
1244 4561 1405 4649 molitus,
1434 4561 1595 4634 omnibns

55 4682 125 4770 his,
155 4703 245 4774 quos
270 4682 307 4755 iu
335 4681 469 4754 facinus
497 4682 632 4755 fraudis
657 4681 824 4774 perlicere
852 4702 921 4754 uon
947 4686 1101 4776 poterat,
1131 4682 1195 4754 sub
1214 4681 1329 4773 specie
1346 4683 1465 4754 hostes
1485 4682 1594 4754 laces·

57 4802 154 4876 sendi
172 4805 207 4876 et
226 4801 339 4894 spolia
365 4821 408 4874 ex
436 4821 554 4875 eornm
582 4801 686 4875 terris
714 4800 853 4894 agendi,
883 4799 980 4874 exire
997 4800 1122 4890 iussis,
1146 4805 1299 4874 castrum
1318 4804 1479 4892 occupat,
1500 4801 1592 4874 trau·

162 5109 186 5189 ¹)
207 5111 239 5170 in
261 5111 411 5172 Prussiam
433 5106 496 5171 Ed.
519 5105 610 5190 Lips.
635 5105 660 5186 ⁹)
683 5105 809 5168 induciis
832 5098 896 5168 Ed.
920 5104 1013 5189 Lips.
1038 5105 1064 5185 3)
1086 5107 1244 5169 Macillena
1264 5103 1328 5168 Ed.
1352 5102 1444 5189 Ilipa.
1471 5103 1498 5186 ⁴)
1520 5105 1595 5170 var-

57 5214 172 5276 miense'
193 5207 269 5276 ooo.
292 5209 400 5275 Proca.
431 5211 593 5276 Varmuntb
621 5207 685 5272 Ed.
708 5206 799 5293 Lo'ps.
823 5209 1002 5289 (Wormdit).
1034 5207 1383 5289 1)111111111111111111111
1411 5204 1475 5270 Ed.
1506 5205 1597 5291 Lapa.

58 5313 83 5392 ⁶)
105 5317 224 5392 equites
240 5312 303 5378 ml.
327 5312 417 5396 Lips.
450 5312 475 5390 ⁷)
499 5332 586 5390 quam
608 5318 712 5390 gentes
741 5311 853 5392 Regiae
882 5317 1068 5374 moverentur
1093 5309 1156 5376 Ed.
1179 5308 1271 5397 Dips.
1303 5310 1527 5390 8)dnodecima
1547 5310 1597 5372 die

57 5420 161 5479 mensis
184 5417 313 5478 ianuarii
334 5417 509 5494 profligatae
531 5421 600 5477 sunt
621 5413 684 5476 Ed.
707 5412 796 5497 Lips.
820 5410 848 5495 ο)
872 5415 960 5476 11111.
982 5411 1047 5476 Ed.
1069 5411 1161 5500 Lipe.
1188 5410 1229 5500 ¹⁰)
1252 5415 1408 5476 Zrucaewo
1423 5409 1594 5498 111111.
