4082 6284
74 549 138 652 (d,
152 548 204 646 D·
224 547 352 650 1459.)
586 573 700 626 urens
725 554 1114 646 nuomcmus(xn1).
1548 557 1620 652 291

72 782 149 836 men
176 760 292 856 Regni
314 759 468 852 erepturi
497 759 566 832 sibi
593 761 721 848 ferent,
750 759 1028 834 assentatoribus
1048 759 1283 854 suspicionem
1302 761 1529 854 augentibus,
1557 784 1620 856 prp

71 881 234 974 nutibus
261 881 413 954 duceret.
443 880 567 961 Habiti
593 880 739 972 proinde
768 891 851 954 sunt
877 880 1107 973 particulares
1134 880 1172 954 in
1198 881 1302 956 terris
1330 882 1621 961 cracoviensibus
1721 893 1724 900 '

71 1006 280 1077 condemns:
313 1001 351 1076 iu
379 1001 507 1094 quibus
535 999 618 1072 dum
645 1000 892 1074 cracovienses
918 1000 1135 1094 pertinacius
1162 1003 1456 1094 perseverandum
1483 1004 1520 1076 in
1538 1027 1617 1100 pro-

69 1121 184 1216 posito
213 1121 449 1208 censuissent,
483 1120 667 1194 conventio
693 1121 869 1214 generalis
901 1143 964 1214 pro
991 1121 1048 1195 dio
1076 1121 1198 1196 Sancti
1224 1123 1344 1216 Egidii
1373 1123 1409 1196 in
1437 1125 1623 1218 Ppocrkou

68 1243 203 1319 indicta
231 1248 297 1316 est.
326 1241 380 1314 Ne
409 1248 524 1316 tumen
551 1241 717 1316 Prussiae
744 1263 800 1316 res
826 1242 1067 1336 periclitatum
1093 1242 1140 1316 iri
1167 1243 1401 1336 contingeret,
1432 1266 1452 1316 a
1480 1245 1622 1320 Maioris

68 1364 238 1438 Peleniae
266 1364 387 1452 terris,
416 1363 605 1438 collatione
631 1363 799 1436 bonorum
827 1364 935 1451 facta,
965 1368 1005 1436 ut
1032 1363 1080 1452 is,
1110 1363 1171 1456 qui
1195 1367 1334 1437 centum
1353 1385 1487 1439 marcae
1505 1366 1620 1440 reddi-

69 1491 125 1559 tus
152 1485 314 1574 haberet,
344 1486 499 1566 lanceam
526 1505 632 1556 unam
659 1483 832 1572 mitteret,
862 1489 897 1558 et
924 1483 1104 1572 civitates,
1134 1484 1333 1578 oppidoque
1350 1484 1463 1580 regia,
1483 1486 1620 1580 pedites

67 1606 169 1682 iuria
196 1607 403 1689 facultatem
430 1605 627 1698 mitterent,
656 1603 832 1678 exercitus
860 1609 1047 1697 congestus
1075 1609 1145 1694 est,
1175 1610 1210 1678 et
1235 1605 1273 1678 in
1297 1605 1494 1695 Prussiam,
1525 1612 1618 1680 treu-

65 1727 121 1822 gis
140 1728 180 1817 ¹),
210 1748 299 1819 qnae
327 1727 467 1801 labente
495 1726 644 1800 Sanctae
671 1725 913 1818 Margcrctbae
940 1725 996 1798 die
1021 1725 1244 1818 expirabant,
1275 1725 1416 1800 missus.
1445 1727 1549 1822 Nibil
1567 1733 1618 1820 ta·

68 1869 146 1923 men
172 1847 253 1920 illic
280 1847 504 1925 memorabile
531 1845 621 1939 egit,
651 1867 763 1938 neque
791 1847 835 1918 ad
863 1846 1158 1940 expugnationem
1177 1846 1362 1920 hostilium
1382 1847 1618 1923 munitionum

67 1968 238 2057 intendit,
267 1989 310 2041 ne
338 1967 512 2040 duntaxat
538 1967 659 2039 hostes
688 1965 725 2038 iu
751 1965 867 2058 regios
894 1970 1155 2061 grassarentur,
1183 1967 1266 2040 binc
1290 1975 1325 2040 ot
1343 1967 1424 2041 inde
1451 1969 1618 2062 gyrando,

67 2088 234 2180 prouidit.
270 2086 452 2161 Postremo
481 2088 517 2159 in
545 2087 686 2160 Thorun
720 2108 756 2159 se
787 2087 935 2178 recepit,
974 2086 1213 2176 renationem,
1253 2110 1358 2180 quam
1394 2089 1619 2161 Bernhardus

69 2209 320 2296 Scbumborski
343 2213 383 2296 at
410 2210 529 2296 hostes
557 2229 601 2281 ex
629 2207 796 2287 Gbclmno
815 2206 1102 2282 Tborunensibus
1121 2208 1335 2297 inferebant,
1363 2208 1617 2300 prohibiturum.

66 2330 202 2404 Exinde
228 2350 385 2423 ,quoqne
413 2351 494 2404 cum
521 2328 591 2402 iam
619 2333 757 2420 tempus
784 2327 910 2402 hiemis
938 2332 1135 2420 appeteret,
1163 2328 1303 2418 iniussu
1327 2329 1435 2422 Regis
1463 2334 1499 2418 et
1517 2331 1617 2404 baro-

67 2475 164 2541 num,
195 2453 281 2525 dum
310 2473 410 2524 nemo
440 2455 549 2538 esset,
580 2449 641 2542 qui
668 2449 885 2522 discessuros
914 2449 1119 2542 castigaret,
1147 2449 1185 2522 iu
1212 2450 1332 2522 domos
1360 2450 1518 2524 deduxit.
1552 2451 1618 2524 Mi·

64 2573 145 2648 lites
176 2572 270 2668 regii
306 2572 345 2648 in
371 2571 529 2666 inferiori
562 2575 655 2644 terra
686 2569 862 2662 praesidia
895 2573 1088 2644 castrorum
1121 2575 1156 2643 et
1188 2570 1373 2663 civitatum
1405 2571 1616 2667 obtinentes,

66 2694 131 2766 etsi
158 2693 428 2786 particularem,
456 2691 630 2784 insignem
658 2694 775 2764 tamen
803 2691 845 2765 de
871 2689 1049 2764 Ludorice
1086 2690 1256 2785 Magistro
1289 2691 1455 2766 Prussiae
1486 2695 1616 2788 rstplp·

64 2820 144 2888 runt
171 2814 410 2908 triumphum,
439 2832 503 2908 nec
530 2812 681 2884 multum
708 2810 839 2899 abfuit,
869 2811 954 2904 quin
981 2815 1016 2886 et
1042 2811 1118 2904 ipse
1145 2812 1346 2888 Ludoricus
1373 2812 1543 2909 Magister
1555 2835 1615 2908 pp·
1659 2907 1663 2914 Ι

65 2939 217 3027 peretur.
256 2933 407 3011 Duceuti
434 2931 649 3024 etamplius
682 2935 863 3024 equestres
897 2931 1008 3024 capti,
1042 2931 1188 3006 totidem
1214 2937 1251 3007 et
1277 2933 1398 3026 plures
1425 2934 1614 3030 interiecti,

66 3056 259 3148 spoliorum
285 3056 411 3144 maior,
441 3076 545 3147 quam
572 3075 634 3147 pro
661 3074 823 3143 numero,
851 3053 967 3146 copia:
1001 3053 1038 3128 in
1066 3053 1227 3148 singulos
1253 3053 1369 3148 regios
1393 3054 1529 3148 ,milites
1560 3057 1613 3144 ri·

64 3177 152 3270 giuti
166 3176 199 3267 ²)
230 3198 412 3268 aureorum
440 3196 606 3249 numerus
633 3173 786 3266 spolium
814 3174 978 3252 divisum.

61 3531 216 3627 dppidnn
241 3533 359 3614 iubos
381 3532 424 3621 etl
446 3531 624 3615 mutuos
646 3531 772 3618 dosora
802 3530 950 3607 includas
973 3548 1051 3604 rore
1073 3531 1176 3604 toties
1202 3533 1368 3618 trumba,
1398 3533 1615 3628 mmcuaripp

568 3652 662 3724 niba
685 3651 913 3726 emortuom
935 3651 1110 3725 disturbat.

163 3901 340 3996 Oppidum
368 3901 511 3989 Lubow,
540 3900 632 3992 quod
657 3899 811 3992 partium
838 3897 1013 3992 regiarum
1040 3899 1078 3972 in
1105 3899 1248 3974 eandem
1276 3898 1368 3972 diem
1391 3905 1483 3989 erat,
1511 3922 1556 3973 ue
1575 3901 1610 3976 in

63 4023 162 4114 ‚bpado
191 4044 257 4112 spu
283 4023 328 4096 ab
355 4020 517 4094 hostibus
544 4025 725 4112 pateretur
751 4019 1017 4110 detrimentum,
1045 4021 1083 4093 in
1105 4025 1224 4113 partes
1251 4019 1414 4113 Magistri
1438 4023 1612 4108 concessit

65 4143 338 4236 etpraesidium
367 4163 469 4232 suurn
498 4140 664 4232 suscepit.
694 4140 931 4233 Agitabantnr
958 4147 993 4214 et
1018 4163 1082 4233 pre
1109 4161 1208 4233 pace,
1238 4145 1299 4212 ant
1327 4141 1424 4233 pacis
1442 4141 1608 4232 sufferen-

62 4263 112 4353 ¹tia
126 4262 170 4356 ³),
199 4264 294 4353 inter
320 4261 540 4337 Karimirum
567 4261 735 4334 Peleniae
762 4261 894 4354 Regem
922 4267 957 4334 et
976 4261 1140 4336 Ordinem
1157 4263 1278 4355 plures
1297 4265 1483 4335 tractatus.
1513 4260 1611 4352 Dpp

66 4401 199 4477 quoque
236 4405 315 4476 spos
352 4383 394 4456 de
429 4382 598 4454 firmanda
633 4389 756 4474 treuga
793 4404 853 4474 per
889 4383 1082 4456 Henricum
1117 4382 1316 4457 Plawcnski
1348 4385 1440 4470 facta
1472 4382 1610 4472 fuisset,

65 4504 159 4578 missi
187 4503 365 4596 usquein
392 4503 616 4596 biarienburg
643 4503 711 4576 duo
739 4504 902 4591 barones,
934 4503 1134 4578 Stanislans
1163 4503 1330 4596 Ostrorog
1347 4503 1529 4595 palatinus
1547 4503 1609 4592 Ca·

63 4624 237 4701 lissiensis
266 4628 301 4697 et
328 4625 502 4709 Iohannes
531 4623 775 4696 Gnarnkowski
803 4625 1018 4697 castellanus
1037 4623 1268 4712 bremensis,
1298 4622 1503 4715 quanvis⁴)
1531 4643 1610 4708 curn

65 4744 228 4838 Magistro
256 4749 291 4817 et
318 4745 470 4818 Henrico
499 4744 698 4818 Plaweuski
724 4745 844 4836 plures
872 4745 1068 4838 agitassent
1095 4749 1284 4832 tractatus:
1314 4765 1383 4816 non
1411 4746 1528 4816 tamen
1547 4764 1608 4834 pc-

61 4864 111 4939 cis
137 4866 277 4955 modus,
306 4871 368 4938 aut
395 4865 470 4938 eius
499 4865 703 4938 sufferentia
717 4863 760 4951 ⁵),
791 4865 993 4938 Bernhardu
1026 4865 1277 4954 Schumborski
1304 4867 1339 4938 et
1365 4836 1608 4956 stipendiariis

63 4985 171 5076 partis
198 4987 364 5078 adamam
391 4987 489 5061 idun
517 4985 772 5074 inicientibus,
800 4990 938 5077 poterat
965 4985 1052 5058 dari.
1082 4985 1230 5078 Propter
1257 4984 1350 5077 quod
1377 4983 1546 5077 Magister
1574 4989 1609 5056 et

66 5105 259 5180 Planenski
286 5105 517 5181 inverecunde
548 5105 794 5179 renuntiarunt
826 5105 930 5200 Regi:
964 5128 1101 5180 omnem
1133 5105 1201 5178 sibi
1229 5127 1249 5178 a
1277 5103 1518 5202 stipendiariis
1546 5125 1607 5197 po·

168 5378 192 5464 ¹)
214 5383 342 5444 incudis
364 5379 428 5446 Ed.
450 5378 542 5464 Lips.
567 5379 591 5460 ²)
615 5382 721 5460 viginti
743 5382 866 5442 millium
888 5371 953 5444 Ed.
976 5378 1067 5465 Lipr.
1101 5379 1128 5462 ³)
1155 5382 1238 5459 pacis
1267 5380 1394 5444 induciis
1423 5375 1487 5456 Ed.
1514 5374 1608 5461 'Lr'pa

68 5481 376 5563 ⁴)1iquamvqud.
399 5483 489 5569 Lipe.
514 5483 539 5565 ⁵)
562 5485 699 5546 induciae
722 5481 786 5546 Ec.
811 5483 904 5568 Lips.
