4040 6290
80 518 150 617 (Α,
169 519 215 592 D.
236 517 350 614 1471.)
598 539 711 591 crana
737 537 982 590 nuonncrmus
1010 521 1123 610 (mn).
1559 519 1633 590 553

115 840 312 912 wladislaus
335 839 486 910 Kariniri
509 839 596 909 illins
618 839 788 910 Bohemiae
811 839 954 929 llegnrm
977 841 1052 928 post
1076 839 1268 910 electionem
1290 838 1351 908 sibi
1375 838 1604 910 adnuntiatam

778 962 940 1049 acceptat.

186 1207 374 1280 Bohemiae
403 1208 566 1280 Proceres
600 1207 691 1278 nihil
719 1207 921 1278 huiusmodi
945 1206 1128 1297 tyrannide
1148 1205 1351 1299 Hunguriae
1370 1205 1478 1298 Regis
1500 1209 1525 1294 ¹)
1555 1227 1632 1298 per·

78 1329 166 1399 moti
214 1329 344 1400 factum
373 1328 554 1400 electionis
589 1349 671 1400 suae
700 1327 936 1418 prosecuturi,
972 1327 1163 1399 Stibcrinm
1197 1326 1475 1398 ‘lhowacnowski
1503 1327 1635 1418 capita·

78 1471 186 1522 neum
214 1448 404 1537 Menariae,
433 1449 625 1520 Iohannem
654 1449 946 1536 Thowacnowski,
976 1448 1166 1522 Henricum
1196 1447 1416 1535 Smirniczki,
1446 1446 1635 1520 Nicolaum

79 1569 123 1642 de
151 1568 440 1658 Lanthsnthen2)
478 1570 653 1641 notarium
691 1569 908 1658 tabularum,
938 1571 1079 1641 tratrem
1107 1567 1258 1640 Paulum
1286 1567 1419 1639 ordinis
1448 1567 1633 1659 Sepulchri

87 1689 402 1781 Hierusolpmitani
422 1689 665 1780 Praepositum
680 1689 961 1778 Sderadiensom,
982 1689 1223 1761 Bernhardum
1243 1687 1381 1780 Bperka
1395 1689 1436 1761 de
1451 1685 1636 1778 11666163)

84 1810 309 1901 capitaneum
330 1809 599 1901 Oppaviensem,
629 1810 861 1903 Byenassium
880 1810 921 1882 de
942 1808 1154 1882 Ostromicne
1169 1809 1213 1898 ⁴),
1242 1808 1327 1880 item
1347 1809 1530 1900 utriusque
1550 1807 1635 1881 civi-

78 1929 183 2020 tatis,
212 1930 341 2002 veteris
369 1930 534 2002 videlicet
561 1937 596 2002 et
623 1951 733 2002 66666
760 1931 948 2022 Pragensis
977 1929 1120 2001 nuntios
1148 1929 1191 2000 ad
1219 1929 1418 2002 cracoviam
1452 1929 1632 2002 transmit·

77 2053 174 2122 tunt.
209 2049 275 2140 Qui
302 2049 502 2122 cracoviam
531 2049 587 2122 die
615 2049 725 2138 Solis,
760 2048 1019 2138 6666166115)
1052 2047 1219 2142 ingressi,
1250 2049 1492 2122 6111616616
1522 2049 1633 2122 trede-
1732 2112 1741 2122 .

78 2170 173 2242 cima
199 2169 296 2242 Iunii
323 2169 450 2258 auditi,
480 2169 643 2264 plurimis
671 2169 867 2258 beneficiis,
898 2192 986 2262 6666
1013 2170 1050 2242 16
1078 2169 1162 2241 11166
1191 2174 1226 2242 61
1250 2170 1409 2262 Regnum
1444 2170 1637 2244 Bohemiae

76 2289 284 2363 Karimirus
316 2291 482 2363 Poloniae
510 2291 588 2362 Rex
616 2292 829 2379 contulerat,
863 2291 989 2362 diffuse
1018 2290 1312 2379 commemoratis,
1347 2291 1566 2384 significant,
1596 2313 1633 2364 se

77 2411 194 2482 lilium
222 2433 324 2483 sunm
342 2411 613 2504 primogenitum
638 2411 869 2483 Wladislaum
889 2412 926 2483 in
944 2411 1133 2484 Bohemiae
1152 2413 1283 2505 Regem
1308 2411 1474 2484 uniformi
1494 2417 1528 2484 ot
1548 2411 1635 2484 mira

77 2532 280 2622 concordia,
308 2537 446 2624 praeter
473 2553 572 2604 suam
601 2537 635 2604 et
663 2533 817 2604 omnium
845 2532 994 2604 aliorum
1023 2553 1135 2624 spem,
1165 2531 1316 2624 singulis
1344 2531 1633 2624 competitoribus

77 2652 246 2741 abiectis,
276 2652 441 2745 elegisse:
469 2657 633 2745 rogantes
660 2653 861 2742 humiliter,
894 2659 933 2724 ut
961 2654 1122 2746 Regnum
1150 2653 1338 2726 Bohomiae
1366 2658 1401 2725 et
1429 2653 1634 2726 electionem

77 2773 123 2846 (16
152 2793 188 2846 66
216 2774 259 2845 61
286 2773 377 2846 11161
406 2776 549 2860 factam,
579 2771 797 2848 Wladislaus
825 2775 1081 2867 primogenitus
1101 2795 1187 2846 suus
1207 2773 1394 2866 suscipiat,
1421 2779 1456 2846 61
1474 2795 1536 2866 pro
1556 2795 1632 2846 sus-

78 2893 241 2985 cipiendo
278 2893 473 2967 diademate
489 2895 533 2982 6),
563 2895 845 2987 (1616616616666
874 2895 1011 2988 Regno,
1041 2901 1175 2987 quanto
1200 2895 1349 2967 celerius
1377 2895 1525 2988 Pragam
1553 2915 1632 2986 pro·

77 3014 193 3087 cedat.
223 3014 395 3087 Articulis
423 3015 562 3103 deinde,
593 3015 657 3088 sub
686 3015 814 3107 quibus
842 3016 973 3088 oblatio
1001 3014 1203 3087 huiusmodi
1230 3015 1351 3104 fiebat,
1380 3015 1497 3088 debito
1518 3015 1632 3087 mode-

75 3133 214 3208 ramine
230 3135 274 3224 7),
303 3136 413 3208 altero
433 3135 488 3208 die
507 3135 658 3224 limatis,
685 3142 719 3208 et
737 3136 919 3208 nonnullis
943 3135 1127 3225 abscissis,
1156 3135 1213 3208 die
1243 3135 1364 3208 Sancti
1393 3135 1468 3208 Viti
1495 3135 1634 3228 patroni

74 3255 240 3347 primarii
267 3257 381 3348 Regni
409 3256 612 3344 Bohemiae,
642 3279 729 3349 6666
758 3257 825 3329 1611
848 3257 923 3330 (1166
944 3257 1103 3344 Saturni,
1134 3256 1355 3348 quindecima
1373 3255 1529 3346 166118),
1559 3255 1630 3348 pri-

76 3377 281 3469 mogenitus
308 3377 426 3469 regius
454 3377 679 3468 6666161669)
708 3378 872 3450 616611661
901 3399 983 3452 6666
1006 3379 1201 3470 praefatae,
1226 3377 1263 3449 in
1287 3377 1396 3450 cubili
1423 3377 1519 3468 regio
1538 3375 1633 3468 picto

78 3501 258 3570 secretum
294 3499 437 3590 praebet
473 3519 671 3570 assensum:
705 3519 808 3590 quem
836 3497 891 3572 die
921 3498 1014 3571 Solis
1047 3497 1291 3590 subsequenti,
1325 3497 1498 3571 sedecima
1525 3497 1632 3586 Iunii,

76 3618 119 3690 in
141 3618 278 3708 661610)
306 3618 431 3692 maiori
449 3619 686 3707 Oracoriensi,
716 3620 808 3691 infra
827 3619 941 3692 611616
960 3619 1097 3708 (116166,
1118 3641 1206 3711 6666
1227 3624 1310 3692 1666
1328 3619 1370 3692 (16
1389 3617 1531 3692 0616616
1551 3618 1631 3691 (lor-

75 3738 179 3831 poris
206 3739 338 3812 Christi
365 3740 573 3832 agebantur,
607 3740 817 3832 legationem
855 3763 953 3813 suam
990 3739 1189 3813 oratoribus
1222 3739 1410 3812 Bohemiae
1442 3739 1632 3830 repetenti·

77 3861 167 3948 bus,
195 3859 415 3932 Wladislaus
443 3861 575 3934 clectus
613 3883 696 3934 6666
729 3883 868 3950 sonora,
902 3867 937 3935 et
964 3862 1001 3934 in
1029 3861 1184 3934 oratione
1217 3860 1453 3953 pulcherrima
1485 3865 1520 3932 et
1548 3861 1632 3934 adeo

76 3979 229 4070 diserta,
258 3986 299 4052 nt
327 3981 431 4054 etiam
458 3981 621 4072 plurimis
649 3988 828 4055 excuteret
847 3983 1026 4070 lacrimas,
1056 3981 1219 4054 diffusius
1239 3987 1274 4054 61
1293 3981 1446 4055 crassius
1466 3981 1633 4054 Polonica

75 4100 220 4194 lingua,
249 4101 314 4174 sub
341 4101 540 4194 praesentia
567 4102 724 4193 parentis
757 4103 813 4174 sni
839 4103 1086 4196 gloriosissimi
1114 4103 1287 4175 Karimiri
1314 4102 1422 4195 Regis
1451 4102 1629 4191 Ρ6166166,

76 4222 253 4294 16166616
273 4222 526 4314 archiepiscopi
546 4222 775 4313 Gnesuonsis,
797 4223 916 4297 Iacobi
935 4224 1090 4315 episcopi
1109 4223 1434 4313 Wladislavionsis,
1463 4223 1632 4296 baronum

77 4363 222 4435 666666
250 4349 285 4415 61
312 4344 513 4432 Procerum,
543 4343 696 4416 militurn
726 4349 760 4416 et
787 4345 975 4434 nobilium,
1010 4349 1044 4417 et
1071 4344 1186 4437 plebis
1222 4343 1451 4418 multitudine
1479 4343 1631 4435 copiosa,

76 4463 282 4553 innovarit,
311 4465 539 4556 chnumque
564 4464 751 4538 Bohemiae
771 4465 813 4536 ad
832 4465 996 4539 honorem
1025 4465 1275 4556 omnipotentis
1294 4465 1376 4554 Dei,
1405 4469 1631 4558 augmentum

76 4583 165 4658 fidei
193 4585 422 4674 christianae,
451 4591 486 4657 ot
513 4585 618 4657 docus
651 4585 824 4678 linguagii
857 4585 1051 4674 Slavcnici,
1085 4585 1226 4678 publicu
1258 4606 1430 4659 consensu
1457 4589 1630 4677 acceptat:

75 4705 254 4798 pollicens
282 4705 423 4778 incauta
451 4707 637 4798 sponsione
656 4727 718 4798 per
736 4706 858 4780 literas
879 4706 1019 4799 singula
1038 4706 1156 4779 debita
1173 4707 1288 4800 Regni
1307 4706 1513 4796 Bohomiae,
1543 4726 1631 4798 6666

77 4827 201 4900 166616
230 4833 264 4898 61
292 4827 461 4899 moderati
489 4827 625 4901 nnmeri
653 4827 861 4918 crediderat,
892 4825 1044 4921 singulis
1072 4849 1109 4901 66
1135 4829 1420 4903 reformaturum.

192 5137 216 5222 ¹)
239 5139 369 5201 Mathiae
392 5139 564 5218 Hungariae
585 5139 676 5216 Regis
699 5135 763 5200 Ed.
787 5136 880 5221 Lips.
905 5136 929 5218 ²)
953 5136 1144 5200 Lanthschen
1165 5133 1229 5200 Ed.
1252 5134 1344 5220 Lipc.
1368 5132 1396 5218 3)
1419 5135 1456 5200 (16
1470 5136 1633 5216 Nasaylien

79 5242 161 5309 cort.
191 5241 279 5305 661.
310 5242 335 5322 ⁴)
358 5245 550 5306 Benedictnm
574 5244 611 5304 de
634 5243 814 5304 Ostromirne
836 5239 898 5302 Ed.
921 5239 1012 5325 Lips.
1045 5237 1387 5322 5)ι6666161661116’(1.
1412 5237 1502 5324 Lips.
1528 5239 1555 5320 θ)
1577 5241 1633 5301 Re·

76 5351 131 5427 gin
154 5349 330 5410 Diademate
352 5345 415 5408 Ed.
439 5345 532 5428 Lipe.
566 5345 591 5426 ⁷)
616 5348 719 5408 ordine
741 5343 805 5408 Ed.
829 5343 917 5429 La'ps.
947 5341 1404 5427 Β)666661616611111.11666.
1436 5342 1463 5425 ί1)
1487 5345 1621 5422 primoge

76 5454 162 5514 nitus
186 5452 322 5514 Casimiri
343 5451 434 5528 Regis
457 5451 639 5514 Wladislaus
661 5448 724 5514 Ed.
748 5447 837 5533 Lips.
867 5448 905 5531 ¹⁰)
927 5451 958 5510 in
981 5449 1122 5511 Oonclari
1144 5446 1209 5511 Ed.
1232 5445 1322 5532 Isips.

104 5605 130 5648 J.
143 5604 243 5658 bruger.
256 5605 344 5647 1111166.
358 5603 438 5646 Polou.
453 5601 478 5647 Τ.
492 5601 520 5647 V.
1426 5581 1459 5637 70
