4052 6286
71 565 140 668 (Α.
160 565 205 650 Β.
226 564 354 664 teos.)
588 591 701 646 araca
726 593 972 648 nuonncmrus
1000 576 1114 666 (x111).
1549 576 1622 650 467

70 773 152 848 hom
183 795 204 846 a
230 774 327 867 Rege
345 775 385 864 ¹),
419 775 592 869 siquidem
608 775 639 866 ²)
667 777 876 852 Vincentius
911 779 1110 872 Kyelbassa
1142 781 1186 854 ad
1219 782 1402 858 ecclesiam
1441 784 1623 860 Chelmen·

71 915 147 966 sem
183 894 384 969 nominatus
412 903 446 970 et
474 897 648 972 Iohannes
685 897 852 992 Ostroreg
884 900 978 974 Iuris
1010 902 1196 993 utriusque
1232 900 1375 991 Ductor,
1409 905 1625 980 castellanus

69 1015 417 1107 Mpedairaecaensis,
447 1017 654 1110 allagistre
682 1040 763 1093 vero
779 1017 811 1108 ³)
838 1021 1013 1094 Iohannes
1033 1022 1216 1096 Winlreler
1234 1024 1460 1098 Decreteram
1480 1026 1619 1116 Denter,

72 1137 141 1212 sub
160 1158 231 1209 una
250 1137 416 1212 comitiva
435 1137 536 1228 ituri,
557 1144 691 1231 etpost
714 1141 937 1232 praestitam,
957 1143 1272 1236 praestantiamque
1291 1144 1540 1234 obedientiam,
1569 1169 1625 1221 ac·

69 1262 126 1330 tas
155 1279 292 1350 quoque
319 1259 357 1332 in
384 1260 515 1352 Papam
542 1260 734 1353 gratiarum
753 1262 924 1351 actiones,
953 1283 1015 1355 pro
1044 1265 1137 1338 bello
1165 1264 1331 1338 diuturno
1359 1286 1464 1357 opera
1483 1266 1539 1340 sui
1557 1268 1622 1342 Le·

68 1378 146 1471 gati
162 1379 193 1470 ⁴)
221 1385 410 1468 summoto,
445 1381 740 1455 confirmationem
773 1383 937 1473 foederis,
971 1384 1136 1458 decerta
1168 1385 1331 1474 scientia,
1365 1407 1474 1479 aequo
1502 1391 1623 1462 tenore

68 1499 230 1590 petituri.
260 1501 393 1592 Quibus
421 1522 559 1594 quoque
578 1505 613 1575 et
631 1503 697 1576 boc
715 1501 912 1576 iniunctum
932 1509 1001 1594 est,
1030 1509 1070 1594 ut
1089 1505 1316 1597 Rudolphum
1335 1506 1537 1599 episcopum
1555 1508 1621 1582 La·

70 1621 256 1696 vantinum
284 1621 319 1694 in
343 1622 578 1712 cardinalem,
607 1644 669 1715 pro
698 1645 760 1696 suo
788 1624 928 1714 merito,
958 1627 1130 1700 enarratis
1158 1626 1233 1700 suis
1252 1627 1446 1702 virtutibus
1466 1632 1501 1701 et
1520 1648 1622 1702 exac-

70 1739 228 1830 tissima,
257 1763 359 1834 quam
389 1741 436 1816 in*
453 1744 670 1835 procuranda
687 1765 774 1836 pace
793 1745 1007 1820 Pruthenica
1034 1747 1122 1840 egit,
1153 1768 1251 1833 cura,
1281 1721 1391 1822 creari
1411 1769 1546 1824 summo
1565 1770 1622 1824 ao·

69 1867 158 1934 natu
186 1868 354 1954 exoptent
381 1867 416 1938 et
442 1869 646 1956 procurent:
676 1885 778 1957 quem
806 1866 1008 1940 Karimirus
1036 1867 1203 1942 Poloniae
1231 1869 1324 1957 Rex,
1353 1869 1443 1944 dona
1471 1890 1535 1942 sua
1561 1871 1621 1944 ab·

69 1988 252 2072 nuentem,
282 1984 319 2056 in
347 1990 572 2077 perpetuum,
601 1985 678 2078 ipso
706 1991 924 2078 acceptante,
954 1987 1086 2080 delegit
1112 1988 1369 2079 consiliarium,
1399 1994 1434 2064 et
1457 1991 1624 2070 ducentos

69 2103 220 2178 florenos
247 2105 284 2178 in
312 2105 444 2199 Zuppis
471 2105 759 2182 (lraeoviensibus
787 2128 849 2199 pro
877 2129 992 2182 annuo
1021 2107 1149 2182 salario
1177 2108 1234 2182 illi
1261 2110 1457 2202 deputavit.

68 2462 251 2536 hrzlnirrr
273 2461 343 2535 llex
364 2463 493 2536 nonina
515 2463 632 2536 sumni
654 2464 819 2538 lentileio
841 2468 988 2556 rogatur,
1010 2469 1050 2538 ut
1070 2465 1214 2556 Regnum
1229 2464 1399 2540 heleniae
1414 2483 1471 2557 pro
1486 2484 1522 2540 ιι
1537 2466 1621 2557 ipro,

68 2583 121 2656 val
145 2583 254 2676 adpro
275 2585 342 2658 illio
364 2585 537 2676 suscipiat,
567 2585 735 2676 deorgr'un
764 2585 883 2676 Regem
913 2587 1111 2662 haereticum
1138 2603 1177 2660 aa
1198 2603 1269 2660 rur
1286 2587 1447 2660 haeresin
1468 2587 1544 2662 indo
1567 2605 1644 2689 ιι·Ι

748 2707 940 2798 limatum.

176 2955 362 3029 0rditurus
378 2955 409 3044 5)
437 2956 529 3048 apud
561 2957 781 3032 Kaaimirum
812 2956 980 3031 Poloniae
1011 2957 1145 3050 Regem
1175 2977 1249 3030 ram
1281 2955 1361 3030 fidei
1393 2961 1430 3030 et
1457 2956 1620 3034 Bohemi·

73 3097 148 3150 cam
185 3081 379 3167 (concretae
416 3077 508 3154 enim
541 3081 656 3168 erant)
688 3079 900 3172 Rudelphus
937 3079 1121 3172 episcopus
1152 3076 1372 3152 Larentinus
1408 3077 1623 3169 apostolicus

70 3197 242 3290 togatus,
269 3197 385 3290 gratia
412 3219 559 3290 quarum
577 3199 822 3291 principaliter
841 3199 883 3272 ad
903 3197 1196 3290 intercipiendum
1214 3198 1348 3272 ballum
1366 3196 1621 3272 Prnthenieum

70 3318 165 3390 omni
192 3324 318 3390 conatu
346 3323 584 3407 aestuaverat,
613 3319 725 3411 petita
751 3341 772 3392 a
798 3319 894 3413 Rege
908 3319 940 3409 θ)
969 3317 1164 3407 audientia,
1193 3317 1231 3390 iu
1249 3316 1418 3392 Iohannis
1438 3316 1618 3392 Gnesnon-

70 3437 119 3510 sis
146 3437 418 3530 archiepiscopi,
447 3439 566 3513 Iacobi
594 3439 903 3514 Wladislaviensis
931 3439 1103 3532 episcopi,
1131 3439 1247 3512 Lucae
1265 3436 1533 3527 Posnaniensis,
1561 3439 1618 3514 Io·

69 3558 198 3632 hannis
225 3559 267 3632 de
294 3558 495 3651 Rithwyani
523 3559 638 3652 Regni
664 3559 831 3633 Poloniae
859 3560 1039 3648 marsalci,
1067 3559 1282 3651 praesentia,
1310 3557 1531 3634 Kaaimirum
1549 3559 1618 3632 Re·

69 3699 145 3772 gem
175 3678 315 3752 nomine
343 3679 479 3752 Summi
499 3679 681 3754 Pontificis
709 3680 813 3753 Pauli
841 3679 985 3754 secundi
1013 3685 1103 3767 orat,
1133 3683 1248 3771 rogat,
1277 3678 1427 3770 requirit
1446 3679 1616 3752 abhorta-

71 3803 141 3872 tur:
173 3819 215 3870 ne
243 3819 362 3872 sacrae
388 3799 470 3872 fidei
497 3821 568 3872 rem
587 3799 624 3872 in
643 3800 765 3892 Regno
793 3799 981 3874 Bohemiae
1004 3800 1047 3872 ab
1066 3799 1223 3890 improbo
1243 3803 1279 3871 ot
1297 3798 1425 3872 callido
1443 3798 1617 3872 haeretice

71 3920 220 4013 Georgia
249 3919 567 4011 Posadnpebracaki
595 3920 731 3994 diutius
759 3920 796 3993 in
824 3919 1047 4013 opprobrium
1075 3919 1186 3993 totius
1206 3920 1419 3994 orthodoxae
1437 3919 1518 3994 iidei
1537 3939 1616 3994 con·

74 4041 251 4114 calcatum
288 4039 353 4127 iri,
392 4045 426 4114 et
462 4041 622 4132 Regnum
659 4041 751 4114 illud
792 4045 913 4114 contra
949 4040 1005 4113 ius
1042 4042 1164 4132 fasque
1199 4040 1243 4114 ab
1279 4040 1355 4114 eius
1390 4039 1522 4112 iniusto
1561 4059 1616 4114 oc·

71 4164 251 4252 cupatorc,
289 4159 351 4251 qui
370 4160 496 4234 ‘variis
533 4161 640 4249 dolis,
676 4167 710 4234 et
741 4167 782 4234 ut
815 4163 942 4250 fertur,
976 4161 1081 4234 etiam
1113 4181 1175 4252 per
1209 4181 1358 4248 venena,
1396 4158 1621 4235 nobilissimo

70 4279 162 4356 inter
184 4279 366 4372 Principes
386 4281 621 4370 adolescente,
650 4282 815 4354 Ladislao
834 4281 1037 4374 Hangariae
1057 4284 1093 4354 et
1112 4280 1300 4354 Bohemiae
1318 4282 1430 4373 Rege,
1462 4284 1616 4369 enecato,

72 4401 307 4492 quaesiverat,
344 4401 493 4474 detineri
526 4401 635 4474 sinat:
669 4395 707 4476 c‘o
736 4401 887 4474 maxime
919 4405 1070 4490 attento,
1104 4401 1196 4493 quod
1223 4401 1383 4494 Regnum
1411 4399 1503 4472 illud
1528 4421 1617 4492 pene

72 4521 224 4594 eiusdem
252 4521 427 4615 linguagii
454 4527 490 4594 et
517 4522 671 4595 nationis
699 4543 777 4595 aum
805 4543 868 4594 suo
895 4521 1062 4594 Polonico
1090 4521 1152 4608 sit,
1181 4525 1216 4595 et
1243 4519 1336 4594 nulli
1362 4519 1483 4609 alteri,
1512 4541 1617 4612 quam

77 4641 162 4730 sibi,
204 4642 339 4715 rationo
367 4642 539 4715 consortis
575 4642 731 4736 Reginae
757 4642 957 4731 Elisabeth,
994 4641 1108 4734 Regni
1139 4639 1239 4713 illius
1271 4661 1315 4714 ex
1345 4643 1460 4733 patre,
1492 4661 1558 4713 avo
1589 4645 1625 4714 et

71 4767 229 4854 protavo,
250 4763 373 4836 unicae
393 4763 570 4852 haeredis,
591 4768 625 4837 et
644 4763 729 4836 liliis
749 4763 839 4851 suis,
860 4784 947 4854 quos
966 4763 1055 4834 dono
1074 4761 1140 4835 Dei
1158 4762 1358 4853 frequentes
1376 4759 1414 4834 in
1433 4781 1530 4852 spem
1548 4761 1618 4835 Re·

71 4863 131 4976 gni
158 4883 312 4957 eiusdem
340 4883 541 4977 progenuit,
571 4883 748 4956 debeatur.
778 4883 858 4956 Sint
884 4887 1063 4975 praeterea
1078 4881 1109 4972 7)
1137 4880 1173 4953 in
1200 4882 1321 4974 Regno
1340 4881 1404 4954 illo
1423 4881 1543 4973 plures
1561 4879 1615 4952 in·

178 5176 201 5254 ¹)
223 5196 242 5238 a
264 5177 408 5239 casimiro
426 5177 571 5238 'Poloniae
592 5177 675 5254 Rege
696 5172 760 5237 Ed.
784 5172 875 5258 Lips.
900 5173 926 5254 α)
949 5174 1088 5236 videlicet
1109 5169 1173 5238 Ed.
1197 5169 1290 5256 Lipa
1312 5169 1338 5251 ³)
1353 5191 1373 5233 a
1387 5172 1530 5249 Magistro
1546 5189 1618 5236 vero

73 5281 208 5342 Prassiae
236 5281 389 5342 Ludovieo
419 5277 481 5343 Ed.
511 5277 602 5363 Lips.
634 5276 660 5356 ⁴)
682 5279 789 5357 Legati
810 5279 960 5355 Rudolphi
983 5275 1046 5341 Ed.
1069 5275 1163 5361 Lipr.
1195 5274 1220 5356 ι)
1245 5276 1403 5338 Orditurus
1432 5281 1531 5337 autam
1554 5271 1617 5339 Ed.

74 5379 160 5466 Lips.
184 5382 210 5464 ⁶)
234 5403 254 5446 a
275 5384 418 5446 casimiro
439 5385 522 5462 Rege
544 5379 606 5448 Ed.
629 5379 719 5467 Lips.
745 5381 770 5460 7)
793 5382 917 5446 Addidit
938 5387 1093 5462 praeterea
1115 5399 1182 5442 essa
1204 5375 1267 5442 Ed.
1290 5376 1380 5465 Dipo.
