4046 6278
434 551 510 629 422
948 575 1061 640 annun
1087 575 1333 630 nuonnonrus
1360 557 1474 647 (xmr).
1710 550 1780 652 (Α.
1801 550 1847 624 Β.
1870 550 1991 650 lm)

434 761 581 850 umetis,
610 764 770 854 refugere
797 762 834 840 in
862 761 1028 854 oppidum
1057 765 1140 836 sunt
1167 758 1351 852 compulsi.
1381 759 1488 834 Stans
1516 760 1787 834 enimPolouns
1806 759 1990 832 intracia

433 881 565 969 tiones,
595 885 731 956 moenia
760 902 824 955 sua
851 883 988 976 egregie
1007 883 1188 970 tuebatur,
1217 903 1286 954 nen
1306 881 1483 974 equitatu,
1505 882 1566 955 sed
1584 902 1648 956 nee
1666 881 1831 973 peditatu
1852 879 1989 968 emisse,

433 1001 690 1096 mirificumque
717 1005 970 1078 accendebatur
996 1003 1285 1095 interutrosque
1312 1009 1503 1092 certamen,
1532 1003 1634 1091 adeo,
1662 1007 1703 1076 ut
1721 1004 1848 1076 hostes
1869 1022 1991 1094 magns

433 1123 663 1199 multitudine
691 1126 788 1214 freti,
817 1125 978 1199 tabulata
1005 1125 1216 1198 Polonorum
1243 1123 1313 1196 iam
1342 1124 1628 1212 conscenderent,
1656 1129 1692 1197 et
1719 1124 1853 1198 Poloni
1885 1124 1990 1196 sucei-

435 1243 485 1316 eis
504 1244 548 1318 ab
566 1245 635 1318 inno
655 1245 842 1334 tabulatis,
870 1245 953 1318 illos
972 1245 1178 1333 deiicerent,
1207 1249 1242 1318 et
1259 1246 1297 1318 in
1316 1248 1450 1318 tantam
1470 1245 1723 1336 experientiam
1741 1245 1933 1329 venirent,
1958 1251 1992 1317 ut

437 1365 558 1439 hostes
578 1370 632 1440 ter
649 1367 800 1460 repulsi,
820 1370 874 1439 ter
894 1369 1069 1444 fortunam
1090 1367 1287 1458 experturi,
1308 1365 1459 1439 Polonos
1479 1365 1699 1451 invaderent,
1725 1371 1761 1440 et
1785 1366 1852 1438 rix
1875 1371 1993 1456 quartu

434 1486 585 1576 repulsi,
613 1488 807 1562 resilirent:
839 1493 1051 1581 quapropter
1078 1508 1148 1560 non
1175 1507 1284 1579 parra
1311 1487 1574 1560 interfectorum
1601 1493 1636 1560 et
1663 1488 1945 1561 uulneratorum
1962 1487 1992 1559 in

434 1611 534 1698 parte
567 1609 692 1683 hostili
724 1609 902 1704 congeries
935 1613 1054 1685 secuta
1086 1613 1157 1697 est,
1190 1608 1326 1700 aliquot
1357 1607 1529 1699 plaustris
1561 1608 1598 1680 in
1626 1607 1814 1700 oppidum,
1850 1607 1992 1680 Polonis

434 1748 503 1800 non
530 1729 812 1820 prohibentibus,
843 1730 887 1802 ad
915 1730 1145 1808 funerandum
1171 1730 1295 1802 relata.
1324 1729 1491 1821 Quamvis
1511 1733 1628 1801 autern
1646 1733 1728 1821 post
1746 1729 1928 1800 hostilem
1945 1749 1990 1801 re

433 1850 573 1942 pulsam
601 1851 720 1924 hostes
748 1851 792 1923 ad
816 1850 1081 1943 opprimendum
1110 1851 1261 1924 Polonos
1293 1853 1470 1924 constaret
1501 1849 1596 1922 omni
1628 1853 1756 1924 conatu
1790 1855 1829 1922 et
1865 1849 1989 1922 studia

435 1991 518 2043 eura
546 1975 580 2043 et
607 1971 747 2064 ingenio
776 1971 924 2044 adninos
958 1975 1052 2062 (nam
1081 1971 1232 2044 Polonos
1261 1971 1402 2064 longius
1430 1992 1451 2043 a
1478 1970 1604 2044 eastris
1633 1971 1813 2063 lignatum
1842 1975 1911 2042 aut
1936 1991 1989 2062 pn-

434 2092 595 2165 bulatum
614 2113 816 2186 progressos
836 2093 875 2182 ι),
904 2092 1002 2165 illico
1022 2091 1220 2184 excipiebat
1237 2092 1367 2178 hostis,
1398 2095 1433 2164 et
1460 2091 1643 2183 repentino
1662 2091 1811 2164 incursu
1830 2093 1988 2182 frequen·

434 2212 507 2285 tius
535 2213 686 2286 vexabat
714 2213 855 2285 illorum
885 2218 1015 2301 eastra,
1054 2212 1140 2284 eolis
1168 2234 1306 2305 quoque
1332 2212 1551 2285 mulierculis
1580 2216 1751 2285 nocturna
1778 2213 1988 2285 victualium

436 2334 684 2426 importatique
713 2335 864 2407 Polonos
891 2334 1147 2422 reficientibus,
1177 2334 1338 2425 adempto
1357 2334 1429 2406 fere
1448 2333 1602 2405 omnium
1630 2353 1745 2406 rerum
1774 2333 1897 2406 libero
1919 2355 1988 2418 usn,

407 2455 565 2528 ¹iustius
593 2454 717 2528 Poloni
746 2455 946 2528 obsidentes
975 2454 1225 2528 obsidebantur
1252 2455 1295 2528 ab
1314 2453 1502 2543 obsessis):
1537 2454 1731 2526 subsistere
1747 2452 1780 2542 2)
1811 2460 1935 2528 tamen
1959 2461 1988 2526 et

435 2575 651 2650 obsidionem
679 2576 883 2649 contiuuare
911 2576 948 2648 in
976 2580 1076 2650 tauta
1091 2573 1122 2664 ³)
1149 2595 1265 2648 rerum
1292 2575 1440 2668 penuria
1467 2579 1502 2647 et
1529 2573 1720 2666 iniquitate
1747 2573 1902 2648 Polonis
1920 2576 1985 2666 plr-

434 2696 524 2784 euit,
544 2697 634 2770 inita
651 2697 803 2786 ratione,
823 2701 864 2770 ut
883 2697 976 2789 quod
994 2696 1130 2770 viribus
1149 2697 1284 2784 deerat,
1310 2695 1571 2787 perseuerantia
1590 2701 1833 2789 quaereretur.
1866 2697 1985 2788 Itaque

434 2817 572 2909 quoties
586 2817 721 2892 occasio
736 2818 894 2908 suberat,
914 2818 1085 2910 praelium
1100 2837 1208 2910 aeque
1222 2817 1299 2910 pari
1313 2816 1463 2910 impetn,
1484 2839 1588 2909 quarn
1602 2817 1885 2909 perseverantia,
1901 2839 1985 2891 cem·

434 2937 640 3012 mittebatur
667 2939 710 3011 ab
737 2941 849 3013 hoste.
878 2939 952 3013 Nec
978 2939 1134 3012 Polonus
1162 2938 1303 3032 segnior
1322 2937 1406 3026 fuit,
1435 2937 1612 3012 tribuente
1640 2938 1859 3012 necessitate
1887 2939 1984 3012 sires

433 3293 614 3366 tudorlonr
643 3293 830 3368 letdareha
859 3295 1080 3370 tobaleam
1109 3296 1251 3386 aegeon
1272 3295 1378 3386 lepre
1401 3298 1437 3367 et
1458 3295 1664 3384 Imperatoris
1693 3294 1984 3384 homan-nl

433 3415 622 3504 memor,
637 3417 676 3488 nt
690 3415 808 3488 bedun
823 3416 932 3488 larcia
945 3417 1105 3502 laterent,
1120 3415 1253 3504 nium,
1276 3416 1441 3506 legatione
1456 3415 1662 3506 portaretur,
1678 3417 1760 3490 nihil
1775 3417 1865 3489 certi
1880 3419 1983 3490 relat

538 3664 779 3738 Antiochenus
807 3665 1013 3740 Patriaroha
1038 3665 1240 3739 Ludevicus
1268 3667 1311 3738 de
1338 3665 1489 3739 Bavaria
1503 3665 1546 3755 ⁴),
1575 3667 1683 3738 frater
1709 3665 1850 3738 ordinis
1880 3665 1981 3738 hline

433 3807 527 3873 rum,
557 3785 593 3857 in
622 3785 787 3858 comitiva
814 3785 994 3860 duodecim
1023 3786 1197 3878 equitum,
1227 3807 1290 3879 per
1317 3787 1499 3859 Summum
1526 3786 1733 3860 Pontificem
1758 3787 1919 3859 Paulum
1936 3809 1979 3860 sa

434 3907 586 3980 eundum
619 3910 654 3979 ct
685 3906 903 3980 Friderieum
935 3907 1186 4000 Imperatorem
1214 3911 1250 3979 et
1277 3907 1443 3980 lustriae
1476 3908 1622 3995 Ducem,
1657 3907 1701 3979 ad
1733 3907 1979 3981 Thartarorun

433 4027 683 4119 Imperatorem
719 4027 878 4121 Eouigeri
893 4027 924 4117 15)
960 4049 1022 4121 pro
1050 4027 1209 4102 obeunda
1240 4027 1415 4121 legatione
1447 4027 1593 4116 missus,
1631 4028 1811 4120 superatis
1848 4030 1977 4101 Panno

432 4146 567 4220 nicrum
603 4147 723 4236 terris,
759 4149 798 4221 in
826 4147 923 4242 Strig
937 4149 980 4238 6),
1010 4153 1045 4222 et
1076 4148 1201 4221 abinde
1231 4169 1294 4240 per
1324 4147 1475 4221 Russiae
1507 4154 1617 4221 terras
1654 4149 1778 4241 Regno
1818 4150 1976 4222 Poloniaa

433 4267 626 4355 subiectas,
661 4269 726 4342 sub
758 4269 931 4343 conductu
967 4268 1141 4342 Kanimiri
1177 4268 1343 4342 Poloniae
1381 4268 1505 4360 RegIs,
1542 4269 1733 4342 transitum
1766 4291 1897 4362 agens,
1929 4272 1975 4342 de

432 4389 523 4462 eima
559 4388 755 4482 Augustil)
791 4389 847 4463 die
882 4389 927 4462 ad
957 4391 1152 4482 praefatum
1188 4389 1348 4482 Ecnigeri
1383 4390 1634 4481 Imperatorem
1669 4395 1706 4462 et
1741 4411 1849 4462 sunm
1889 4411 1974 4464 exer·

434 4508 555 4599 citum,
593 4511 725 4583 stativa
761 4514 817 4600 (ut
852 4510 959 4584 moris
994 4511 1051 4582 illi
1086 4509 1184 4602 genti
1220 4513 1290 4600 est)
1326 4510 1364 4582 in
1399 4509 1654 4602 campestribus
1690 4531 1801 4602 supra
1836 4512 1973 4584 flurium

432 4631 518 4704 illue
554 4637 730 4723 agentem,
769 4629 830 4721 qui
866 4631 987 4722 paucis
1023 4636 1104 4704 ante
1140 4630 1284 4720 diebus,
1321 4632 1471 4703 alterum
1507 4631 1760 4722 Imperatorem
1797 4633 1971 4704 Thartaro

431 4773 510 4824 rum
542 4751 858 4824 Chionimachmeth
872 4749 916 4840 Β),
950 4752 1043 4824 ultro
1076 4751 1240 4825 Wolhem
1273 4751 1419 4823 fiuvium
1454 4752 1639 4825 habentem
1670 4753 1884 4844 Imperium,
1912 4773 1969 4824 ma·

432 4871 528 4945 xima
556 4878 672 4963 strage
699 4871 865 4965 utrinque
892 4872 1002 4958 edita,
1031 4872 1237 4945 conflixerat
1252 4872 1284 4962 9)
1312 4875 1347 4946 et
1375 4871 1536 4946 omnibus
1565 4873 1686 4962 terris,
1720 4874 1868 4963 eastris,
1896 4873 1968 4946 ciri·

539 5177 564 5266 ¹)
587 5201 724 5261 egressos
746 5179 810 5243 Ed.
834 5178 925 5266 Dipo.
950 5179 973 5260 Β)
999 5181 1157 5243 substitere
1179 5176 1242 5242 Ed.
1266 5177 1360 5263 Lipa.
1384 5177 1412 5261 ⁸)
1437 5181 1525 5242 etiam
1547 5183 1578 5240 in
1600 5185 1685 5243 tanta
1703 5175 1768 5244 Ed.
1784 5179 1880 5265 Ia'pr.
1902 5180 1966 5262 ⁴)de

430 5289 565 5350 Bononia
586 5283 649 5349 Ed.
672 5283 762 5371 Lipa.
787 5283 813 5366 ⁶)
835 5287 950 5347 Eaaieri
975 5280 1050 5348 Cod.
1076 5280 1164 5348 Calo.
1187 5285 1285 5346 hebrei
1309 5279 1385 5347 Ocri.
1409 5281 1518 5346 Pma
1541 5283 1808 5365 (Redemi-diret).
1831 5283 1859 5364 ⁸)
1878 5285 1966 5362 sergii

432 5387 495 5454 Ed.
517 5387 608 5474 Lipe.
630 5389 748 5472 (seyr).
772 5387 797 5468 ⁷)
821 5391 932 5452 maneta
954 5388 1083 5467 Augusti
1105 5380 1170 5450 Ed.
1193 5385 1287 5471 Lipa.
1312 5385 1338 5467 8)
1360 5387 1433 5449 'lica
1454 5387 1602 5450 Machmet
1625 5383 1702 5451 ooo.
1721 5385 1829 5450 Praez.
1848 5389 1964 5451 choen

432 5494 568 5556 achmeth
591 5481 655 5557 Ed.
679 5491 771 5577 Lipa
795 5491 822 5574 0)
846 5494 1057 5572 profligaverat
1077 5488 1141 5555 Ed.
1164 5488 1256 5575 Lc'pa.
