4126 6280
395 562 468 632 194
901 582 1014 633 amaa
1041 580 1286 634 nuonscunus
1314 561 1429 652 (xm).
1665 556 1731 656 (Α.
1752 559 1796 631 D.
1818 551 1958 652 12154.)

394 787 488 839 esses
511 769 596 837 natu
615 766 728 838 minor
748 767 774 856 ¹)
799 771 834 839 et
858 766 895 838 in
914 767 1069 839 omnium
1089 767 1200 840 oculis
1220 771 1456 858 contemptus,
1487 787 1531 838 ex
1550 787 1657 858 parvo
1681 787 1848 857 magnum
1870 762 1957 850 ieci,

393 892 428 959 et
454 886 607 979 primum
635 887 672 959 in
699 887 832 960 Ducem
859 888 1086 978 Lithuaniae,
1117 889 1241 962 deinde
1270 887 1306 959 in
1334 889 1464 979 Regem
1492 885 1658 960 Poloniae
1687 887 1799 974 erexi,
1831 887 1874 958 de
1899 905 1957 956 se·

392 1007 550 1099 ptiformi
577 1029 660 1080 nece
687 1009 724 1080 in
752 1013 857 1101 caput
884 1013 984 1081 tuum
1012 1015 1211 1100 comparata
1229 1009 1395 1097 liberavi,
1417 1008 1599 1101 splendido
1617 1010 1786 1101 ,coniugio
1804 1007 1957 1095 ornavi,

392 1129 560 1202 Prassiae
587 1135 622 1203 et
648 1129 874 1202 Pomeraniae
912 1151 1005 1202 oram
1047 1137 1128 1202 tuae
1165 1130 1291 1202 ditioni
1324 1131 1527 1222 subiugavi,
1564 1129 1756 1222 gloriosum
1793 1135 1828 1202 te
1863 1128 1960 1200 Orbi

393 1249 558 1322 universo
588 1251 670 1336 ieci,
700 1251 794 1322 ultra
822 1271 941 1323 omnes
970 1251 1137 1324 Poloniae
1169 1253 1283 1344 Reges
1312 1257 1346 1324 te
1375 1251 1505 1323 extuli:
1534 1256 1573 1322 tu
1602 1255 1718 1323 tamen
1751 1250 1958 1322 sceleribus

392 1371 612 1462 gravissimis
641 1393 694 1444 me
714 1372 757 1443 ad
781 1371 997 1444 iracundiam
1015 1373 1230 1464 provocasti,
1259 1373 1400 1464 flagella
1419 1393 1495 1444 mea
1513 1371 1665 1463 posuisti
1684 1373 1720 1442 in
1739 1371 1959 1456 ludibrium,

394 1512 457 1562 nee
484 1491 521 1562 in
549 1490 641 1564 diem
668 1493 758 1564 hanc
786 1493 933 1564 voluisti
962 1495 1117 1566 converti
1143 1494 1185 1565 ad
1204 1498 1339 1584 patrem
1368 1493 1609 1585 castigantem.
1639 1491 1961 1583 Exprobravitquo

393 1612 449 1684 illi
477 1613 656 1684 teterrima
684 1613 787 1702 vitia,
818 1615 853 1684 iu
883 1613 998 1704 specie
1031 1615 1164 1686 abillo
1193 1614 1394 1701 commissa,
1423 1615 1651 1686 denuntians:
1681 1613 1750 1685 uisi
1779 1615 1959 1698 cessaret,

394 1755 555 1806 casurum
588 1735 624 1805 in
652 1756 794 1826 gravem
822 1735 886 1806 Dei
914 1736 1101 1824 ultionem,
1142 1757 1204 1808 nec
1237 1737 1351 1807 ullum
1380 1758 1467 1828 opus
1494 1757 1596 1807 suum
1615 1735 1811 1827 prosperari
1832 1754 1960 1824 posse,

396 1855 610 1946 stirpemque
648 1877 763 1942 suam,
802 1861 1109 1948 quantumcunque
1147 1857 1419 1948 multiplicatam
1457 1864 1491 1929 et
1528 1855 1853 1946 multiplicandam,
1900 1874 1960 1925 oc-

395 1995 564 2046 casuram.

394 2331 471 2402 bum
493 2331 562 2401 lter
585 2329 765 2442 Karimirus
796 2349 867 2402 eum
898 2321 1061 2402 exercita·
1075 2331 1205 2402 flauum
1234 2331 1366 2402 wislam
1389 2332 1591 2420 traiecisset,
1622 2333 1724 2420 legati
1746 2331 1846 2420 Regis
1870 2330 1963 2402 llan-

395 2453 504 2542 gariae
521 2455 556 2523 ct
571 2451 740 2524 Bohemiae
764 2452 903 2524 ladislai
920 2453 960 2524 ad
975 2454 1080 2542 ipsum
1095 2453 1249 2538 veniunt,
1271 2455 1442 2541 petentes,
1457 2455 1496 2524 ut
1511 2455 1666 2542 tanquam
1685 2452 1805 2523 arbiter
1823 2453 1965 2523 electus

394 2573 636 2645 wratislaviam
659 2573 896 2663 proficiscatun
920 2592 1029 2646 rerum
1045 2573 1225 2646 kazimirus
1240 2574 1325 2645 bello
1341 2577 1534 2664 occupatus,
1557 2575 1692 2645 nuntios
1708 2592 1763 2662 pro
1779 2592 1816 2644 se
1832 2574 1964 2645 mittit.

500 2821 724 2895 Exercitibus
752 2827 923 2894 terrarum
951 2824 1065 2916 Regni
1093 2823 1261 2897 Poloniae
1288 2825 1331 2895 ad
1360 2824 1482 2896 villam
1511 2823 1623 2915 Opolri
1652 2823 1718 2914 (ibi
1745 2824 1840 2896 enim
1871 2845 1963 2895 con-

397 2941 604 3034 signatus2)
633 2947 708 3015 erat
735 2942 810 3014 illis
839 2944 954 3032 loeus)
983 2944 1288 3032 convenientibus,
1314 2945 1481 3036 aquibus
1502 2945 1537 3016 in
1557 2946 1784 3032 transeundo,
1816 2966 1896 3015 non
1920 2945 1965 3016 ab

396 3063 557 3136 omnibus
585 3067 718 3150 tamen,
748 3063 886 3134 nullum
913 3085 1023 3156 genus
1057 3065 1206 3138 iniuriae
1240 3065 1276 3136 in
1304 3065 1438 3157 rapinis
1466 3071 1501 3136 ot
1529 3065 1654 3156 spoliis
1683 3065 1854 3136 omissum
1891 3073 1963 3152 est,

396 3186 473 3257 Rex
502 3184 544 3256 de
572 3185 763 3274 Braesczye
801 3185 926 3272 movit,
962 3189 996 3256 et
1024 3185 1059 3256 in
1088 3185 1199 3276 Opolri
1237 3185 1435 3277 quindecim
1472 3185 1595 3257 diebus
1628 3189 1663 3257 et
1698 3185 1853 3276 amplius
1900 3187 1965 3258 ab·

397 3304 565 3396 sumptis,
596 3303 660 3376 sub
689 3304 817 3395 quibus
845 3305 1003 3396 gentium
1032 3311 1066 3377 et
1094 3306 1208 3397 Regni
1228 3307 1283 3378 sui
1302 3311 1337 3378 et
1356 3306 1554 3397 aliquorum
1574 3306 1896 3397 stipendiariorum
1918 3329 1966 3379 cr

398 3425 580 3513 Bohemia‚
610 3425 766 3496 Moravia
794 3431 828 3496 et
857 3425 971 3497 Slesia
999 3426 1263 3514 accercitorum,
1293 3426 1573 3518 praestolabatur
1592 3427 1796 3514 adveutum;
1819 3428 1966 3517 quibus

397 3547 441 3618 ad
467 3547 609 3637 plenum
638 3545 910 3632 confluentibus,
940 3545 1045 3616 motis
1073 3546 1214 3633 castris,
1245 3545 1287 3617 ad
1307 3546 1522 3638 Nyescbovva
1544 3547 1720 3638 pervenit,
1750 3552 1785 3618 et
1804 3547 1858 3618 ibi
1883 3569 1965 3620 om-

396 3689 475 3739 nem
504 3666 696 3739 exercitum
725 3689 843 3754 suum,
873 3665 915 3739 de
943 3666 1044 3738 cuius
1074 3666 1313 3758 magnitudine
1341 3673 1376 3738 et
1404 3668 1656 3740 numerositate
1684 3668 1852 3740 Prassiae
1897 3690 1966 3741 no·

396 3788 487 3861 biles
506 3793 541 3860 et
559 3787 722 3860 civitatee
747 3809 872 3880 magna
899 3787 1128 3859 admiratione
1157 3793 1191 3859 et
1218 3787 1356 3860 laetitia
1383 3789 1516 3878 perfusi
1543 3793 1658 3876 erant,
1687 3807 1748 3880 per
1766 3795 1905 3880 pontes
1926 3792 1967 3862 in

397 3909 546 3980 navibus
576 3907 742 3996 situatas,
776 3931 837 4000 per
865 3908 1012 3980 fluvium
1046 3909 1161 3980 Wisla
1194 3909 1361 3996 traducit,
1397 3909 1533 3980 iuribus
1563 3914 1678 3980 tamen
1706 3909 1822 4001 Regni
1854 3933 1966 4002 prae·

398 4030 618 4103 decessorum
646 4050 787 4101 suorum
816 4028 976 4120 perprius
1005 4029 1235 4117 confirmatis,
1265 4033 1300 4101 et
1327 4029 1505 4120 aliquibus
1533 4029 1757 4102 libertatibus
1785 4035 1825 4101 et
1854 4053 1965 4122 prae-

397 4149 570 4242 rogativis
598 4149 639 4221 de
667 4171 758 4221 novo
795 4149 953 4221 adiectis.
988 4147 1212 4237 veneranti)
1240 4149 1317 4222 illic
1349 4149 1508 4222 Ladislai
1540 4149 1648 4242 Regis
1681 4151 1896 4241 Hungariae
1930 4161 1969 4224 et

398 4269 588 4342 Bohemiae
620 4269 753 4356 nuntii,
793 4269 959 4342 videlicet
991 4271 1151 4361 Zdenyelr
1188 4271 1431 4361 Konopnicaki
1464 4275 1498 4342 et
1530 4271 1704 4342 Iohannes
1737 4271 1966 4360 Rabschtin,

397 4394 557 4482 petentes
585 4389 805 4461 Kanimirum
835 4391 982 4482 Regem,
1013 4395 1053 4462 ut
1082 4413 1141 4481 pro
1170 4391 1359 4463 decidenda
1392 4391 1587 4464 differentia
1602 4393 1645 4481 ⁴),
1681 4391 1865 4464 occasione
1897 4415 1967 4465 no-

399 4511 562 4582 tabilium
590 4517 779 4594 terrarum,
809 4511 994 4583 civitatum
1024 4516 1058 4583 et
1086 4516 1296 4600 castrorum,
1326 4511 1418 4584 inter
1442 4513 1572 4603 Regem
1598 4513 1785 4585 Bohemiae
1805 4513 1852 4584 ab
1871 4536 1966 4601 una,

400 4635 435 4704 et
462 4631 678 4703 Marchiones
707 4629 938 4720 MisenenseS,
968 4632 1127 4723 partibus
1147 4633 1190 4704 ab
1210 4633 1335 4721 altera,
1366 4655 1471 4724 super
1499 4655 1567 4724 qua
1586 4631 1623 4704 in
1642 4654 1721 4706 eum
1739 4633 1781 4704 ab
1799 4639 1968 4726 utraque

398 4757 498 4844 parte
526 4755 579 4822 est
607 4751 909 4842 compromissum,
940 4752 1204 4824 Wratislaviam
1233 4775 1295 4844 pro
1325 4755 1414 4825 testo
1444 4754 1564 4826 Sancti
1583 4753 1723 4825 Nicolai
1751 4754 1895 4840 venire,
1930 4761 1968 4827 st

399 4873 584 4964 utriusque
612 4871 723 4963 partis
751 4871 887 4945 iuribus
916 4879 951 4946 et
978 4873 1249 4964 allegationibus
1283 4874 1449 4966 cognitis,
1485 4874 1695 4947 sententiam
1722 4875 1968 4965 pronuntiare

400 4992 614 5085 dignaretur.
644 4991 711 5064 His
730 5013 935 5082 responsum
964 4997 1031 5065 est:
1062 4992 1141 5064 Non
1169 5014 1270 5083 posse
1299 4995 1429 5086 Regem
1446 4993 1488 5083 ⁵),
1517 4993 1658 5085 propria
1676 5015 1780 5067 eausa
1797 4995 1967 5080 deserta,

508 5268 530 5348 ¹)
554 5270 647 5328 maior
669 5267 731 5330 Ed.
755 5266 845 5350 Lips.
870 5267 896 5348 9)
920 5269 1092 5344 designatus
1115 5265 1179 5328 Ed.
1203 5263 1293 5350 Lipe.
1319 5266 1343 5346 ³)
1361 5267 1512 5329 Venerunt
1527 5273 1624 5327 autem
1642 5262 1717 5331 cod.
1734 5263 1799 5329 Lis.
1819 5265 1845 5346 ⁴)
1861 5287 1968 5345 quae-

263 5389 270 5401 '
401 5373 496 5436 atione
521 5365 596 5434 Coa.
628 5369 697 5435 Lis.
728 5373 930 5434 controversie
959 5369 1021 5434 Ed.
1054 5369 1144 5454 Lipa.
1177 5369 1202 5450 ⁵)
1226 5373 1401 5432 Oasimirum
1431 5371 1542 5448 Regem
1564 5369 1628 5433 Ed.
1652 5368 1742 5454 Lipa.
