4082 6284
100 569 168 675 (Α.
188 575 233 650 D.
254 573 369 674 1461.)
614 596 728 653 amaa
753 597 998 654 nuouecmrns
1025 585 1139 674 (xm).
1572 582 1645 658 327

100 783 215 855 millia
239 787 490 876 pugnatorum,
519 783 562 854 ad
589 783 853 857 dissolvendum
881 789 1074 858 castrorum
1102 791 1137 859 ot
1165 785 1360 879 opidorum,
1389 789 1427 862 iu
1446 791 1645 863 1011011110-

99 903 186 976 riori
217 903 469 990 laborantium,
502 903 734 992 obsidionem,
772 905 918 978 conduci
949 911 1110 997 possent,
1143 927 1181 979 eo
1213 913 1331 998 pacto,
1364 913 1405 980 ut
1437 931 1458 981 0
1490 911 1648 1002 quolibet

98 1023 214 1096 milita
241 1028 380 1096 centum
408 1043 542 1096 marcas
570 1023 607 1095 iu
634 1024 760 1096 annuis
796 1025 994 1099 redditibus
1025 1027 1192 1115 habente,
1227 1027 1381 1120 quinque
1408 1051 1543 1104 marcae
1560 1051 1646 1104 con·

100 1143 290 1230 famantur,
320 1149 484 1234 expetere
511 1143 637 1234 coepit.
666 1144 764 1235 Quod
791 1164 869 1216 cum
896 1166 984 1236 pene
1011 1167 1130 1220 omues
1158 1147 1307 1235 milites,
1335 1149 1527 1223 maioribus
1546 1151 1645 1224 buro-

98 1261 204 1335 uibua
232 1281 440 1354 magnopere
466 1261 742 1336 detrectantibus
771 1270 806 1336 01
834 1284 920 1336 onus
947 1264 1054 1337 dandi
1073 1265 1182 1338 variis
1201 1266 1353 1359 ingeniis
1372 1269 1645 1358 mentientibus,

98 1380 361 1473 implevissent:
389 1381 458 1453 duo
486 1381 599 1454 millia
626 1387 876 1474 pugnatorum,
905 1385 1102 1476 praeposito
1131 1385 1182 1458 eis
1208 1386 1313 1459 Petro
1332 1388 1450 1460 Dunin
1469 1389 1510 1462 do
1528 1391 1645 1463 Praw·

97 1501 176 1572 how
203 1501 455 1574 succamerario
483 1501 773 1590 Sandomiriensi‚
803 1503 844 1575 de
872 1503 1067 1594 cygnorum
1094 1523 1235 1596 genere,
1255 1505 1292 1578 iu
1312 1507 1550 1599 capitaneum,
1570 1511 1645 1601 ple·

95 1621 217 1711 risque
243 1621 433 1693 baronibus
461 1621 503 1693 de
531 1623 697 1694 solvendo
726 1622 900 1713 stipendio
928 1623 1032 1696 fidem
1059 1623 1234 1696 militibus
1262 1625 1443 1717 dantibus,
1478 1628 1515 1699 in
1533 1634 1645 1702 terras

97 1739 284 1834 inferiores⁴
301 1740 602 1832 transmittuntur.
632 1741 704 1814 Sub
733 1763 800 1833 quo
821 1743 847 1830 ¹)
876 1747 1031 1834 tempore
1054 1743 1223 1815 intestina
1242 1744 1366 1817 seditio
1386 1745 1422 1818 iu
1442 1747 1599 1820 exercitu
1613 1746 1645 1838 2)

98 1866 220 1932 contra
246 1860 390 1932 Petrum
417 1861 460 1932 de
487 1861 705 1933 Schamotuli
732 1862 964 1934 castellanum
993 1861 1265 1935 Posnauiensom
1294 1885 1314 1936 a
1341 1865 1515 1939 militibus
1535 1868 1642 1940 Maio·

95 1979 149 2051 ris
176 1979 342 2052 Poloniae
375 1980 564 2068 concitata,
600 1980 691 2072 quod
723 1981 981 2072 capitaneatum
1008 1982 1151 2054 Maioris
1179 1983 1361 2073 Poloniae,
1395 1985 1640 2078 magistratum

97 2099 328 2172 castellaniae
355 2101 604 2188 Posnauieusis
631 2121 770 2192 gerens,
804 2105 924 2173 contra
950 2101 1028 2174 iura
1055 2101 1251 2174 communia
1278 2109 1313 2176 01
1340 2125 1459 2177 001010
1487 2111 1522 2178 01
1540 2127 1644 2179 01010

98 2218 377 2307 administraret,
399 2220 528 2292 sensim
547 2221 717 2313 gliscens,
737 2241 825 2312 pone
843 2220 1047 2294 uuiversum
1067 2223 1276 2312 exercitum,
1297 2223 1401 2297 Petro
1417 2223 1447 2314 ³)
1475 2225 1642 2298 (1080110-

97 2339 226 2411 motuli
258 2361 336 2412 cum
368 2341 534 2412 iratribus
568 2345 603 2414 et
633 2340 842 2413 necessariis
874 2341 918 2413 ad
950 2341 1184 2415 dimicandum
1217 2363 1261 2415 01
1293 2344 1418 2446 castris
1451 2345 1488 2416 iu
1519 2365 1644 2437 magua

97 2459 328 2532 multitudine
360 2467 479 2533 contra
512 2460 696 2534 seditionis
728 2462 893 2534 authores
921 2481 1077 2554 egresso,
1112 2462 1148 2534 in
1175 2485 1270 2536 011110
1297 2469 1541 2537 commoverat.
1569 2465 1642 2536 Ka·

97 2579 243 2650 nimirus
271 2580 348 2652 Rex
375 2585 595 2672 grassantem
624 2581 831 2653 seditionem
859 2581 1013 2654 militum
1038 2583 1168 2674 absque
1187 2583 1293 2656 armis
1312 2583 1558 2673 restricturus,
1588 2605 1642 2655 so-

95 2698 179 2770 lerti
206 2719 293 2770 usus
320 2699 483 2788 consilio,
512 2700 549 2772 in
577 2701 632 2772 die
660 2699 780 2794 Sancti
808 2699 1006 2790 Michaelis,
1027 2723 1047 2773 a
1066 2702 1207 2774 stativis
1236 2703 1552 2795 Ghoyuioaensibus
1572 2703 1643 2774 dis-

95 2817 256 2890 cessione
283 2819 390 2906 iecta,
420 2819 576 2892 exercitu
595 2820 697 2892 illum
716 2840 828 2910 usque
847 2821 883 2891 in
903 2819 1121 2913 Bidgostiam
1140 2823 1343 2911 comitante,
1371 2823 1544 2915 pervenit.
1573 2823 1644 2895 Ubi

96 2936 256 3010 exercitu
283 2938 464 3011 licentiato
492 2943 527 3011 et
554 2939 590 3011 iu
618 2939 759 3030 propria
787 2939 960 3032 digresso,
989 2941 1082 3032 apud
1101 2941 1336 3034 Bidgostiam,
1365 2942 1488 3017 diebus
1508 2943 1644 3035 aliquot

94 3057 202 3129 rebus
229 3058 453 3148 necessariis,
482 3063 516 3132 et
543 3059 728 3151 praecipue
760 3059 1019 3132 transmissioni
1053 3062 1206 3133 militum
1238 3061 1276 3134 in
1308 3067 1419 3134 terras
1447 3062 1641 3152 interiores,

93 3177 257 3249 novando
291 3198 446 3268 operam,
481 3178 628 3270 quievit.
662 3179 730 3251 Sed
759 3185 794 3250 et
821 3179 1069 3252 'lhertarorum
1102 3201 1209 3254 cuneo
1242 3181 1446 3276 donativum
1478 3183 1641 3275 largitus,

93 3296 209 3368 redire
238 3317 316 3368 cum
343 3297 380 3369 111
407 3298 633 3370 Lithuauiam
662 3298 767 3370 iussit
781 3299 831 3388 ⁴);
859 3303 900 3370 ut
927 3321 1008 3372 vero
1036 3299 1072 3371 111
1100 3306 1217 3392 partes
1245 3301 1425 3376 inferiores
1454 3323 1533 3376 cum
1560 3303 1641 3375 aliis

93 3415 308 3488 Polouorum
345 3418 598 3509 pugnatoribus
635 3418 858 3492 mitterentur
873 3419 903 3509 ⁵)
932 3422 1041 3512 (quod
1073 3443 1181 3492 unum
1209 3442 1229 3492 a
1257 3423 1351 3514 Rege
1383 3443 1445 3514 per
1476 3423 1640 3496 consilia·

92 3535 169 3608 rios
185 3537 216 3625 θ)
244 3536 378 3628 ingenti
402 3537 518 3610 studio
536 3538 735 3628 petebatur,
765 3544 801 3611 et
817 3539 887 3631 ipsi
906 3540 1068 3612 Thartari
1086 3561 1213 3632 pronos
1233 3563 1270 3614 se
1289 3541 1522 3631 exhiberent),
1542 3541 1641 3616 nullo

92 3661 199 3746 pacto
217 3658 354 3746 poterat
372 3656 532 3729 obtineri.
554 3657 625 3729 Sex
645 3659 882 3730 tantummodo
901 3660 1126 3732 hebdomadis
1145 3660 1182 3732 iu
1201 3681 1241 3732 oa
1260 3661 1497 3752 expeditione,
1517 3663 1641 3754 grandi

92 3776 294 3846 instaurato
322 3785 463 3866 sumptu
492 3783 527 3849 at
555 3776 681 3869 exiguo
709 3783 809 3870 gesta
836 3780 968 3866 fructu,
997 3779 1202 3852 immoratus
1219 3781 1267 3869 ⁷),
1296 3781 1503 3873 nullumque
1523 3803 1562 3855 ea
1580 3803 1640 3856 ox·

92 3894 228 3985 poditio
256 3895 342 3967 belli
368 3897 472 3967 finem
500 3896 638 3984 afferre,
667 3897 826 3989 nihilque
855 3898 898 3970 ad
925 3919 1045 3990 paoem
1072 3888 1265 3973 conducere
1289 3900 1367 3973 risa
1395 3905 1458 3974 est.

279 4249 395 4338 sophia
417 4249 566 4322 Poloniae
589 4251 698 4322 001101
720 4249 856 4339 regna,
878 4254 984 4323 mater
1007 4251 1159 4324 1101111111
1181 4253 1292 4344 begin
1315 4255 1458 4327 moritur.

200 4494 331 4585 Sophia
357 4495 524 4567 Poloniae
553 4496 670 4568 senior
697 4496 848 4588 Regina,
879 4497 1067 4570 chdislai
1087 4497 1255 4572 Litbuani
1274 4500 1441 4574 Poloniae
1458 4502 1567 4595 Regis
1586 4525 1639 4576 re·

90 4614 198 4702 11010,
232 4635 276 4686 01
303 4613 411 4685 nimia
443 4613 607 4687 satietate
639 4617 814 4687 melonum
828 4615 873 4705 ⁸),
908 4617 997 4689 fabri
1029 4623 1133 4689 acuta
1164 4625 1356 4708 0011110010,
1386 4642 1504 4695 omnes
1532 4625 1639 4696 medi·

90 4735 209 4820 cinus,
237 4739 314 4805 rata
333 4735 489 4806 morbum
509 4715 750 4825 superaturam
769 4740 946 4823 naturam,
975 4757 1115 4827 perosa,
1145 4737 1188 4808 ad
1207 4744 1401 4812 extremum
1421 4742 1639 4834 aegritudine

89 4854 349 4941 invalescente,
369 4859 463 4926 tacta
481 4854 652 4945 paralysi,
681 4855 717 4926 in
739 4859 852 4928 castro
872 4855 1108 4946 Grccoriensi,
1130 4857 1185 4930 die
1204 4859 1325 4932 Lunae
1344 4861 1640 4954 vicesimaprima

203 5157 225 5237 ¹)
251 5161 311 5220 Sub
334 5179 369 5220 οο
392 5165 489 5220 autem
518 5157 582 5223 Ed.
606 5156 696 5243 Lips.
729 5160 756 5238 ²)
778 5162 809 5221 111
832 5163 962 5223 exercitu
990 5163 1082 5240 Regis
1113 5165 1249 5226 casimiri
1279 5164 1342 5230 Ec.
1377 5165 1467 5251 Lips.
1501 5167 1528 5248 ³)
1552 5169 1640 5234 Petro

87 5283 165 5324 vero
189 5259 598 5336 411011110111111111001110111
626 5267 708 5324 iusso
737 5259 812 5326 Coc.
837 5260 924 5326 Calc.
958 5263 985 5344 5)
1008 5266 1240 5329 admittendum
1263 5271 1371 5330 bellum
1393 5272 1424 5330 iu
1446 5277 1545 5348 partes
1567 5275 1639 5336 inio-

86 5369 186 5426 riores
210 5383 275 5425 eum
297 5365 365 5425 aliis
386 5367 563 5426 Polonorum
586 5369 799 5442 pugnatoribus
828 5363 903 5428 Ocu.
930 5361 1017 5454 0010.
1042 5365 1069 5448 ⁶)
1093 5389 1112 5430 a
1134 5373 1310 5434 consiliariis
1338 5371 1413 5435 Orc.
1442 5372 1530 5437 Octo.
1547 5373 1573 5456 ⁷)
1588 5377 1639 5446 im:

86 5473 225 5529 moratus
247 5473 293 5528 001
314 5465 377 5528 Ed.
403 5454 492 5552 Lipsss
516 5467 542 5549 ⁸)
564 5471 719 5530 madouum
732 5461 819 5532 'Coa
841 5467 950 5534 Praez.
