4046 6278
383 557 458 630 434
891 574 1003 629 nmen
1030 573 1275 630 oeconomus
1302 559 1418 647 (xm).
1651 552 1719 652 (lt
1738 551 1787 628 D.
1808 550 1945 650 1460.)

384 761 465 836 Non
492 765 734 836 recusaturum
762 762 882 854 itaquo
908 761 1128 836 Karimirum
1156 763 1303 855 Regem,
1333 763 1435 836 illum
1464 761 1687 864 mediatorem
1707 767 1743 834 et
1761 763 1944 854 Legatum

384 882 616 974 apostolicum
642 903 705 975 pro
734 883 828 955 bello
856 882 1068 956 Prothenicc
1095 881 1322 957 rescindendo
1351 882 1547 974 suscipere,
1575 887 1786 974 gratumque
1810 880 1890 954 eibi
1908 881 1945 952 in

386 1023 463 1076 oras
491 1004 555 1076 hae
583 1004 772 1077 adrentum
805 1023 906 1075 sunm
941 1004 1029 1091 loro,
1064 1023 1126 1076 nec
1157 1003 1224 1076 ulli
1257 1024 1361 1096 quam
1393 1002 1463 1076 sibi
1489 1001 1641 1093 amplius
1668 1003 1710 1076 de
1737 1004 1877 1074 honore
1906 1002 1945 1072 fi·

383 1122 504 1196 niendi
530 1123 617 1197 belli
644 1129 678 1197 et
706 1123 803 1216 pecie
831 1122 1064 1198 conficiendae
1092 1125 1223 1197 favere:
1252 1145 1356 1196 nosse
1383 1129 1503 1196 tamen
1530 1143 1568 1196 so
1586 1131 1622 1196 et
1639 1124 1880 1198 certificatum
1902 1123 1947 1194 iri

387 1247 469 1316 ante
497 1246 613 1316 omnic
639 1243 748 1331 velle,
779 1243 879 1335 sequi
907 1248 942 1317 ot
969 1243 1045 1335 ipse
1073 1243 1176 1318 uellit
1193 1263 1257 1316 nec
1275 1265 1319 1318 ne
1337 1243 1512 1317 cretensis
1532 1244 1787 1337 archiepiscopi
1805 1243 1848 1316 in
1870 1263 1947 1315 eam

384 1362 476 1435 diem
505 1365 678 1438 fumantes
705 1363 866 1456 ineptias.
894 1364 1141 1437 Commendata
1168 1364 1376 1456 Rudolphus
1404 1363 1620 1455 apostolicus
1648 1365 1804 1457 Legatus
1828 1361 1945 1435 Kasi-

385 1483 465 1556 miri
484 1484 591 1577 Regis
618 1485 776 1572 solertia,
805 1485 1001 1576 rospondit:
1030 1484 1216 1558 Factiones
1244 1504 1364 1558 omnes
1391 1484 1599 1576 Hieronymi
1626 1485 1804 1560 Cretensis
1823 1482 1945 1556 arohi-

386 1604 557 1696 episcopi‚
586 1605 714 1697 quibus
742 1605 779 1676 iu
806 1625 843 1676 re
872 1603 1084 1678 Pruthenico
1112 1625 1199 1676 usus
1226 1611 1296 1693 est,
1326 1609 1362 1678 ot
1380 1605 1455 1677 illie
1483 1605 1647 1692 maiores,
1677 1605 1947 1694 deterioresque

386 1724 493 1816 probe
512 1727 681 1813 sensisse,
705 1724 909 1816 precarique
927 1731 1075 1800 mentem
1096 1747 1116 1797 a
1135 1726 1207 1797 Deo
1226 1726 1398 1816 praestari
1417 1725 1501 1812 eibi,
1531 1747 1600 1817 qua
1618 1727 1759 1800 illarum
1779 1727 1946 1798 inaernn-

386 1846 479 1932 lator
505 1845 691 1932 existeret;
719 1845 910 1918 confecisse
938 1867 975 1920 so
1002 1865 1123 1937 pacem
1142 1845 1170 1935 ¹)
1198 1845 1291 1920 inter
1317 1846 1534 1920 Friderioum
1558 1847 1794 1920 Romanorum
1823 1847 1946 1936 Impe-

386 1971 537 2040 ratorem
565 1970 600 2038 et
626 1967 758 2058 Regem
785 1966 1025 2039 Pannonicum
1053 1967 1221 2040 llathiam
1249 1967 1555 2054 commemorabat,
1585 1972 1621 2040 et
1639 1968 1682 2040 ab
1710 1967 1805 2040 omui
1836 1985 1946 2039 excu-

388 2084 477 2158 sisse
504 2107 662 2174 munere,
696 2087 780 2158 licet
809 2085 877 2160 sibi
901 2087 1082 2160 offerretur
1110 2108 1254 2172 munns;
1286 2088 1329 2160 ab
1356 2087 1572 2179 Imperatore
1600 2089 1818 2174 incusatum,
1852 2087 1947 2178 qnod

388 2206 585 2278 Almannus
612 2227 674 2299 pro
698 2206 878 2298 Hungaris
897 2211 1017 2280 eontra
1035 2208 1228 2280 Almannos
1247 2208 1329 2299 plus
1348 2208 1486 2281 foverit.
1515 2207 1676 2282 Geeeiese
1694 2209 1844 2300 insuper
1864 2207 1947 2278 edo·

388 2325 592 2400 leecentiem
621 2330 656 2400 et
683 2325 823 2398 uirilem
855 2330 1005 2400 aetatem
1032 2348 1111 2400 cum
1137 2327 1233 2400 omni
1259 2326 1480 2420 integritate,
1516 2329 1648 2420 absque
1675 2329 1770 2400 omni
1799 2348 1947 2419 corrup·

388 2446 480 2519 telae
507 2447 602 2536 labe,
632 2451 666 2520 et
693 2447 763 2519 iam
791 2445 828 2518 in
855 2446 979 2520 diebus
1007 2446 1082 2520 suis
1109 2444 1387 2538 processisse²):
1415 2468 1484 2520 non
1505 2447 1654 2539 tempori
1673 2451 1709 2520 et
1728 2448 1862 2536 aetati,
1892 2447 1944 2519 di·

388 2567 587 2660 gnitutique
614 2587 698 2641 suae
724 2587 817 2640 nuno
836 2567 1037 2657 conuenire,
1066 2571 1108 2640 ut
1126 2568 1218 2660 quod
1236 2569 1439 2641 adolescens
1459 2567 1679 2656 fastidiebat,
1708 2569 1948 2660 amplectatur

390 2708 508 2762 sonex.
538 2687 583 2762 So
609 2692 790 2780 praeterea
816 2709 837 2761 a
863 2689 1027 2762 moderno
1055 2687 1198 2762 Summo
1225 2689 1397 2762 Pontifioe
1419 2689 1532 2762 Paulo
1552 2689 1703 2762 secundo
1722 2688 1948 2761 admonitum

391 2827 483 2897 osse,
511 2813 552 2880 nt
578 2829 698 2900 pacem
726 2809 975 2884 Prothenicam
1003 2829 1232 2902 aggressurus
1260 2810 1443 2898 conficere,
1473 2830 1605 2882 osorem
1633 2829 1670 2882 sc
1698 2830 1768 2881 non
1792 2815 1946 2883 sectato-

390 2947 464 3002 rem
491 2949 673 3002 munerum
700 2929 912 3003 ostenderet.
940 2929 1091 3002 Proinde
1110 2933 1243 3002 eertum
1260 2929 1427 3005 reddebat
1445 2930 1577 3022 Regem
1592 2927 1623 3018 3)
1651 2935 1686 3002 et
1703 2929 1876 3002 nuntium
1895 2951 1946 3002 re-

390 3048 488 3141 gium
520 3049 712 3122 Iohannem
744 3050 938 3144 Dlugosch:
972 3049 1064 3122 nihil
1096 3070 1133 3124 se
1161 3050 1295 3139 minus,
1329 3071 1432 3142 quam
1465 3051 1555 3124 dona
1582 3055 1818 3137 sectaturum,
1855 3049 1947 3122 nihil

392 3169 505 3262 magis
533 3190 636 3261 quarn
669 3169 892 3244 offensionem
924 3170 1078 3263 partium
1111 3169 1344 3260 evitaturum,
1377 3193 1441 3246 noc
1456 3171 1487 3260 ⁴)
1515 3171 1717 3245 habiturum
1746 3170 1887 3244 milites
1914 3181 1947 3244 et

392 3289 487 3364 ciros
514 3288 680 3364 Prussiae
707 3310 769 3383 pro
797 3291 1125 3380 excommunionis,
1154 3313 1295 3384 remque
1314 3291 1471 3366 divinam
1495 3313 1609 3366 coram
1637 3291 1713 3365 illis
1733 3292 1876 3365 sincere
1893 3313 1946 3365 ae-

393 3416 527 3499 turum,
561 3411 793 3504 daturumque
824 3412 924 3486 breui
956 3432 1039 3486 suae
1066 3411 1249 3504 puritatis,
1283 3413 1315 3485 si
1340 3434 1398 3487 ree
1425 3412 1463 3484 in
1489 3413 1627 3505 praxim
1654 3412 1811 3502 venerit,
1840 3433 1946 3505 expe·

392 3530 572 3621 rientiam,
601 3538 636 3606 et
663 3553 732 3605 non
759 3532 891 3622 verbis,
921 3539 961 3606 ut
988 3533 1181 3621 Cretensis,
1211 3534 1272 3607 eod
1299 3533 1482 3608 effectibus
1510 3554 1547 3607 se
1573 3555 1733 3608 usurum.
1765 3534 1857 3606 Cum
1885 3534 1948 3606 hac

392 3652 619 3744 responsione
651 3653 827 3728 Iohannes
860 3654 1039 3747 Dlugosolr
1066 3675 1111 3728 ex
1138 3653 1370 3728 Wratielaria
1401 3654 1439 3726 iu
1471 3655 1663 3746 Brnesonye
1693 3675 1882 3742 reuersus,
1915 3661 1946 3728 et

396 3771 617 3846 Karimirum
649 3773 781 3867 Regem
818 3777 854 3848 ot
880 3773 1100 3848 consiliarios
1133 3775 1222 3848 bona
1254 3795 1315 3868 spe
1343 3775 1385 3848 do
1411 3775 1636 3867 practicanda
1666 3775 1804 3848 sincero
1831 3798 1855 3848 a
1883 3775 1945 3848 Ise-

394 3897 475 3986 gato
502 3893 717 3967 Prothenica
743 3914 828 3986 pace
856 3894 1034 3988 implerit,
1063 3895 1267 3988 animosque
1284 3896 1533 3969 nonnullorum
1551 3894 1852 3975 consiliariorum,
1883 3895 1944 3968 Le

395 4012 470 4106 goti
497 4014 685 4089 adrentum
713 4014 815 4088 iuxta
842 4037 883 4090 ac
908 4021 1042 4109 pestem
1070 4016 1326 4106 execrantium,
1355 4016 1519 4090 mutant.

433 4369 586 4459 lrglrtu
607 4368 755 4442 drudro
777 4369 884 4441 onnia
905 4370 973 4442 lere
995 4369 1157 4442 dumento
1179 4371 1381 4443 cuornetroa
1403 4371 1521 4460 oppila
1544 4370 1687 4460 episcopt
1713 4369 1913 4442 tormen-'r

533 4511 537 4518 ¹
647 4490 854 4577 concurras,
878 4490 1007 4563 hortem
1029 4489 1179 4563 donnum
1200 4491 1235 4564 in
1257 4507 1295 4562 re
1317 4507 1355 4562 ac
1377 4507 1438 4564 rur
1460 4491 1560 4563 etiam
1582 4491 1694 4562 uouit.

501 4739 644 4833 Ingenti
669 4739 848 4813 anxietate
874 4743 910 4813 et
936 4738 1054 4812 doloro
1081 4759 1186 4831 super
1203 4738 1324 4832 oppidi
1341 4739 1497 4812 llelsnalr
1515 4737 1783 4829 interceptione,
1811 4743 1849 4812 et
1867 4759 1941 4811 suo·

397 4879 491 4948 rum,
520 4859 582 4952 qui
605 4859 801 4934 ceciderunt
819 4861 863 4934 ad
881 4859 988 4950 illud,
1016 4859 1284 4952 interemptione
1298 4859 1341 4949 5),
1370 4859 1570 4934 Ludovious
1589 4857 1755 4932 Prussiae
1774 4857 1941 4950 Magister

401 4980 641 5070 excruciatus,
679 5000 816 5054 ornnem
853 4980 909 5053 sui
944 4979 1096 5072 pectoris
1133 4985 1169 5054 ct
1205 4999 1347 5054 suorum
1383 4979 1490 5054 bilem
1522 4984 1558 5053 et
1593 4979 1874 5073 indignationem
1908 4979 1940 5050 in

400 5103 551 5180 Paulum
584 5101 825 5176 Varmiensom
856 5103 1006 5177 electum
1039 5107 1074 5175 et
1104 5102 1361 5190 confirmatum,
1394 5101 1496 5196 quasi
1527 5121 1571 5176 ex
1604 5121 1689 5174 suae
1721 5099 1941 5175 discessionis

467 5389 471 5394 '
509 5375 800 5459 ¹)separum'ls'd.
822 5374 914 5460 Lipr.
937 5375 972 5455 J)
994 5372 1355 5460 putrescentem.
1384 5373 1410 5456 ³)
1432 5376 1543 5455 Regem
1569 5375 1746 5440 casimirum
1765 5371 1831 5439 Ed
1855 5371 1941 5460 Lipa

403 5479 429 5566 ⁴)
452 5482 520 5546 Non
541 5478 606 5546 Et
629 5479 720 5566 Dipo.
745 5480 771 5563 Ρ)
792 5481 1017 5562 interemptione
1038 5477 1125 5544 deest
1145 5479 1182 5546 iu
1205 5474 1282 5545 Ocu.
1310 5476 1400 5546 cale.
1736 5487 1739 5490 ’
