4082 6284
113 529 183 628 (Α.
204 531 249 604 D.
271 529 398 629 1458.)
632 555 745 608 ursan
771 555 1015 608 nuouucrmus
1044 537 1157 625 (mn).
1590 539 1665 614 279

404 663 414 674 ν

113 736 269 826 atienae,
299 738 421 810 multis
453 739 665 826 rationibus,
700 739 824 813 multis
851 741 1154 830 persuasionibus,
1180 741 1454 833 susceptionem,
1480 742 1665 834 specialem

114 863 150 929 et
179 859 453 949 pulcherrimum
482 861 682 933 Tractatum
711 861 865 953 scripsit.

449 1213 484 1286 ln
507 1215 682 1306 longerie,
706 1215 856 1288 11616616
879 1217 915 1288 61
937 1215 1067 1289 lustru
1090 1217 1183 1288 ardet
1206 1217 1335 1289 ballum.

221 1462 452 1535 Premebatur
479 1484 517 1536 eo
546 1485 635 1536 anuo
663 1464 847 1558 Hungaria
872 1463 977 1538 bellis
1007 1465 1204 1554 intestinis,
1235 1485 1322 1556 quae
1350 1464 1406 1538 illi
1430 1465 1612 1538 aPolouis
1632 1473 1667 1540 61

113 1583 300 1670 Bohemis‚
330 1583 567 1675 superioribus
595 1587 697 1657 annis
725 1585 800 1658 illic
829 1585 1052 1678 degentibus,
1081 1585 1330 1658 inferebantur.
1360 1586 1403 1658 In
1432 1586 1592 1658 omnibus
1614 1593 1665 1659 tu·

113 1723 197 1774 meu
226 1704 446 1776 conflictibus
475 1705 635 1798 Hungari
664 1706 813 1779 secundo
843 1707 960 1778 farore
991 1707 1149 1779 fortunae
1176 1706 1247 1792 usi,
1280 1706 1426 1778 uictoria
1456 1712 1576 1779 contra
1603 1707 1666 1779 Ni-

113 1825 254 1896 colaum
273 1825 515 1897 Komorouski
535 1829 570 1896 et
589 1826 764 1917 Telephus
785 1827 811 1916 1)
838 1825 961 1916 potiti,
981 1825 1172 1898 Iohannem
1193 1825 1319 1899 (liskra
1339 1832 1373 1898 61
1394 1828 1535 1900 Petrum
1556 1829 1666 1900 Rath·

112 1943 324 2036 1666666662)
355 1945 460 2017 certis
488 1944 613 2017 castris
646 1954 680 2018 et
709 1946 964 2018 munitionibus
993 1952 1176 2018 exueruut.
1215 1947 1279 2018 Die
1315 1967 1451 2039 quoque
1485 1948 1667 2022 Douriuico

113 2066 361 2152 Pentecostes,
395 2065 487 2138 circa
519 2067 657 2138 Pothok
690 2067 856 2157 oppidum
888 2067 1090 2158 Huugariae
1124 2089 1200 2139 cum
1229 2068 1402 2160 Telephus
1419 2066 1449 2158 3)
1477 2070 1665 2160 congressi,

114 2206 237 2259 omues
256 2186 332 2258 eius
352 2186 469 2277 copias
489 2186 782 2276 conflixeruut⁴lz
802 2185 864 2258 ubi
883 2187 1057 2260 notabiles
1076 2207 1119 2260 ex
1139 2188 1286 2258 Polouia
1305 2189 1544 2262 adolescentes
1560 2211 1667 2282 propo

113 2305 334 2398 sexingenti,
366 2306 523 2378 adversis
551 2305 750 2378 cecideruut
778 2307 1000 2395 vulneribus,
1030 2309 1264 2398 pulcherrima
1288 2307 1454 2380 dixissem
1480 2317 1604 2398 morte,
1635 2311 1666 2384 ei

111 2448 179 2518 pro
206 2426 322 2517 patria
351 2426 594 2501 occubuissent
610 2426 652 2515 5).
682 2427 820 2500 Pressit
847 2428 952 2501 etiam
981 2427 1151 2520 Georgius
1180 2428 1367 2500 Bohemiae
1387 2430 1464 2501 Rex
1485 2429 1666 2502 Austriam

111 2547 223 2619 bello.
253 2547 344 2618 Dum
372 2546 463 2619 enim
491 2551 613 2638 gentes
633 2568 732 2637 suae,
764 2548 899 2640 duplici
918 2547 1016 2621 clade
1035 2569 1200 2639 perpessa
1215 2548 1259 2638 ⁶),
1289 2549 1440 2640 turpiter
1458 2550 1501 2622 ab
1520 2550 1667 2623 Alberto

113 2668 287 2739 Austriae
315 2667 410 2738 Duce
438 2667 617 2739 conflictae
634 2668 664 2756 ⁷)
692 2669 921 2760 refugissent,
949 2668 1180 2760 personaliter
1203 2668 1278 2759 ipse
1298 2689 1376 2741 cum
1396 2669 1477 2742 forti
1497 2671 1666 2758 exercitu,

113 2789 290 2860 conducta
318 2787 486 2878 quaedam
515 2789 724 2861 Polonorum
753 2789 884 2863 habeus
917 2810 1034 2862 secum
1063 2788 1249 2878 66161168),
1283 2789 1320 2861 16
1347 2790 1529 2862 Austriam
1558 2790 1667 2880 venit,

113 2930 264 3000 eamque
293 2908 474 2999 aliquanto
502 2913 656 3000 tempore
685 2910 780 3002 igne,
810 2909 974 2982 caedibus
1003 2915 1037 2981 ot
1065 2909 1188 3000 spoliis
1209 2909 1379 2982 vastavit:
1409 2931 1472 2983 neo
1490 2911 1588 3002 prius
1608 2911 1666 2984 de·

113 3029 230 3117 stitit,
261 3030 368 3101 donec
395 3028 499 3100 certis
529 3029 630 3101 luctis
658 3030 788 3120 pactis,
822 3051 883 3122 per
911 3050 999 3122 quae
1031 3029 1087 3101 illi
1122 3029 1264 3102 Ulrious
1297 3031 1467 3124 Ecziuger
1495 3031 1536 3104 16
1563 3052 1666 3104 6666-

112 3149 260 3222 natione
288 3148 446 3220 Ladislai
474 3149 582 3240 Regis
612 3149 856 3237 insimulatae,
890 3156 925 3222 et
956 3156 996 3222 61
1028 3149 1225 3242 aliquorum
1255 3151 1386 3223 ferebat
1412 3151 1554 3240 relatio,
1585 3172 1665 3225 con·

115 3272 255 3357 fessus,
294 3291 371 3341 cum
409 3275 502 3341 certa
539 3270 706 3360 pecuniae
744 3271 962 3363 quantitate,
1000 3275 1034 3343 et
1076 3271 1241 3343 Aristriae
1278 3271 1435 3343 Duoatus
1476 3293 1518 3344 ex
1557 3278 1667 3346 morte

114 3390 278 3462 Ladislai
305 3389 414 3482 Regis
443 3410 586 3478 vacans,
615 3390 794 3464 Friderico
822 3391 1046 3482 Imperatori,
1077 3391 1113 3462 in
1141 3391 1242 3464 cuius
1271 3391 1529 3484 suggestionem
1558 3397 1593 3465 et
1616 3394 1665 3466 fa-

115 3532 237 3584 vorem
271 3511 402 3582 bellum
433 3511 635 3602 gerebatur,
668 3511 825 3583 redditus
858 3515 923 3584 est.
958 3512 1071 3582 Multa
1104 3532 1143 3582 eo
1174 3512 1284 3598 bello,
1316 3512 1473 3585 ecclesiis
1502 3517 1537 3585 ct
1563 3513 1666 3586 mini-

114 3632 205 3704 stris
233 3652 366 3718 earum,
395 3630 675 3722 imaginibusque
704 3632 927 3720 Sanctorum,
961 3653 1023 3722 por
1051 3632 1224 3704 Bobemos
1256 3633 1382 3724 probra
1414 3633 1667 3706 contumeliosa

114 3755 222 3826 illata
250 3758 342 3824 sunt.
372 3752 469 3824 Circa
502 3753 629 3824 festum
661 3757 778 3824 autem
812 3752 932 3825 Sancti
960 3752 1119 3841 Martini,
1154 3753 1327 3825 Henricus
1356 3754 1397 3826 de
1425 3753 1548 3846 Lyppa
1574 3755 1665 3826 Mar·
1745 3737 1754 3752 ’

116 3875 237 3948 661666
265 3875 470 3960 Bohemiue,
500 3893 578 3945 curu
606 3873 704 3946 mille
733 3873 951 3966 sexingentis
978 3871 1179 3944 hominibus
1206 3873 1388 3946 Aristriam
1408 3874 1593 3964 invadens,
1623 3874 1665 3947 ab

115 3994 350 4068 Australibus
374 4014 485 4084 usque
504 3994 548 4066 ad
566 3994 830 4067 internicionem
859 3994 1041 4066 conflictus
1069 3999 1122 4066 est
1137 3993 1180 4083 9).
1209 3995 1264 4066 Ab
1293 4015 1332 4066 eo
1352 4015 1488 4086 quoque
1511 3999 1666 4086 tempore

115 4115 322 4198 Australem
352 4113 496 4186 audacie
524 4119 678 4206 sumpta,
708 4115 793 4188 adeo
821 4115 915 4207 igno,
946 4114 1069 4206 spoliis
1098 4119 1133 4186 61
1160 4114 1324 4186 66611166
1352 4115 1389 4186 16
1409 4115 1612 4187 Bohemiam
1632 4120 1666 4187 et

116 4235 309 4308 Morauiam
336 4235 504 4327 grassati,
538 4239 578 4305 ut
605 4234 854 4324 (1661166610)
882 4235 977 4326 Rege
1009 4234 1239 4326 nequicquam
1265 4236 1396 4308 ferento
1423 4256 1538 4326 opem,
1568 4235 1664 4307 uicos

116 4357 279 4449 singulos
312 4359 347 4428 61
379 4355 578 4426 suburbana
613 4356 861 4448 principalium
899 4356 1083 4428 civitatum
1112 4355 1148 4428 in
1177 4355 1347 4443 Moravia,
1388 4355 1552 4427 videlicet
1585 4353 1664 4426 Olo-

115 4498 260 4562 munca‚
289 4478 428 4548 Brunae
456 4481 490 4547 61
517 4475 665 4546 aliarum
693 4477 890 4550 adurerent.
919 4476 1042 4566 Neque
1072 4476 1163 4548 enim
1191 4475 1282 4546 tanti
1311 4475 1378 4546 luit
1397 4474 1585 4546 Bohemica
1603 4496 1663 4566 po-

115 4597 248 4686 tentia,
278 4597 400 4688 quanti
428 4595 614 4668 ferebatur.
644 4596 863 4688 Conpertum
891 4596 1063 4688 siquidem
1092 4596 1175 4682 luit,
1205 4595 1296 4686 quod
1315 4600 1349 4667 et
1367 4595 1474 4686 pudet
1502 4594 1664 4682 scribere,

116 4719 343 4793 Girzikonem
363 4717 406 4806 11)
434 4736 503 4787 666
535 4716 606 4788 6161
638 4715 772 4788 166166
805 4717 962 4808 equitum
994 4721 1029 4787 et
1057 4715 1207 4788 sedecim
1241 4715 1397 4806 peditum
1429 4715 1588 4787 millibus
1622 4736 1665 4786 ex

114 4839 260 4934 proprio
280 4843 313 4911 et
332 4837 542 4909 mercenario
570 4837 700 4925 milite,
729 4837 861 4910 bellum
889 4843 1009 4910 contra
1036 4837 1220 4908 Australes
1249 4836 1402 4928 gessisse
1421 4834 1477 4926 ¹²),
1507 4837 1663 4926 saepius·

228 5149 251 5230 ¹)
273 5149 458 5225 Γ1161661666
481 5144 543 5208 Ed.
567 5144 658 5230 Lipe.
682 5144 708 5227 ²)
730 5145 912 5207 Rithlrowioa
938 5137 1014 5208 Cori.
1038 5141 1147 5208 Poura.
1173 5145 1197 5226 ³)
1220 5165 1285 5207 curn
1307 5145 1462 5222 Theleplro
1489 5143 1552 5207 Ed.
1575 5142 1667 5228 Lips.

116 5253 146 5337 ⁴)
170 5253 365 5332 profligarunt
386 5249 449 5313 Ed.
473 5249 564 5334 Lips.
589 5249 615 5330 ⁶)
639 5251 823 5311 cecidissent.
847 5247 909 5310 Ed.
934 5247 1027 5332 Lips.
1052 5247 1428 5329 ⁶)bellope1pessoEd.
1452 5245 1542 5330 Lips.
1562 5246 1584 5319 'l
1601 5269 1666 5325 pro·

115 5362 239 5436 fligatae
263 5354 326 5416 Ed.
350 5352 443 5436 Lapa.
468 5341 714 5434 1)6(6(111611”61.
739 5351 829 5435 Lr'ps.
861 5351 887 5433 9)
910 5355 1083 5430 profligatus
1106 5359 1160 5413 661.
1184 5350 1246 5414 Ed.
1270 5349 1360 5434 Lips.
1389 5350 1426 5430 10)
1451 5352 1579 5428 Georgio
1603 5347 1666 5412 Ed.

118 5460 213 5548 Lipa
243 5459 282 5542 ¹¹)
306 5457 465 5536 Georgium
488 5455 551 5520 Ed.
575 5455 667 5540 Lips.
698 5456 733 5538 12)
757 5459 854 5534 egisse
877 5453 939 5516 Ed.
965 5453 1054 5538 Lips.
