4090 6290
346 537 420 618 672
850 563 965 618 amna
990 563 1236 618 nuonnenms
1263 546 1378 636 (xm).
1612 541 1680 643 (Α.
1700 541 1747 616 D.
1769 534 1901 635 mre.)

343 735 567 824 t'horitatem.¹
586 739 768 824 Gaudebat
786 739 1154 838 universa'Bohemia
1184 749 1316 840 Sleeia,
1345 749 1501 824 Mororia
1520 753 1555 824 et
1573 749 1739 838 husatie,
1767 746 1812 820 de
1830 747 1898 819 hn-

344 871 499 946 inemodi
529 891 630 962 pace,
665 871 825 963 quamvis
857 893 1020 945 onerosas
1052 871 1269 945 conditiones
1302 891 1420 944 secum
1454 871 1614 944 trahente
1634 871 1674 960 ¹),
1708 891 1755 942 ex
1787 887 1900 960 eoque

344 991 499 1066 maxime
527 991 845 1082 exhilarescebant,
874 994 966 1085 quod
992 992 1160 1066 uidebant
1188 992 1256 1065 sibi
1283 991 1415 1079 virum,
1448 997 1483 1065 et
1510 992 1705 1064 naturalem
1735 995 1771 1064 et
1800 1011 1899 1062 man·

343 1117 484 1188 suetum
503 1112 634 1205 Regem
652 1112 829 1186 redditum
848 1135 941 1202 esse,
971 1118 1006 1186 ct
1033 1113 1236 1206 illegitimo,
1264 1113 1418 1186 uiolento
1452 1117 1559 1205 atque
1590 1117 1755 1204 tyranno,
1795 1110 1900 1182 cuius

345 1240 488 1326 propter
506 1233 620 1325 spolia
638 1238 673 1307 et
692 1234 945 1306 truculentium
964 1234 1217 1307 execrabantur
1235 1233 1494 1324 Principatum,
1519 1253 1556 1306 se
1574 1232 1743 1305 liberatos
1763 1232 1838 1304 lore
1853 1229 1898 1316 ²).

346 1344 448 1428 Unde
474 1353 697 1427 collationem
724 1373 761 1426 se
788 1353 924 1447 argenti
950 1355 1044 1426 ultro
1072 1355 1225 1426 lecturos
1253 1353 1501 1445 disponebant:
1531 1353 1811 1445 quadringentos
1835 1372 1899 1422 au·

345 1495 422 1549 reos
449 1473 603 1548 llathioe
631 1473 834 1567 Hungariue
853 1475 959 1568 Regi,
980 1497 1048 1567 quo
1068 1474 1174 1548 citius
1193 1495 1238 1548 en
1257 1493 1321 1546 suo
1340 1473 1471 1547 ditione
1490 1472 1706 1561 deciderent,
1728 1471 1898 1545 solutari.

378 1828 446 1903 l’ax
468 1831 556 1904 inter
578 1829 758 1921 longanae
781 1831 816 1903 et
838 1827 1007 1902 nehemiae
1029 1830 1134 1919 lleges
1156 1831 1260 1917 lacta,
1283 1847 1340 1920 per
1362 1828 1515 1902 lathlen
1537 1829 1721 1919 hungariae
1744 1828 1868 1918 aaran

590 1953 686 2041 repta
708 1953 840 2041 postea,
862 1952 979 2023 itemn
1000 1951 1060 2022 snb
1083 1951 1158 2022 aliis
1179 1950 1420 2022 conditionibus
1441 1950 1570 2022 lunata
1593 1954 1656 2022 ert.
1686 2056 1691 2064 ι

449 2199 523 2274 Sub
550 2201 615 2273 hoc
641 2205 796 2292 tempore
824 2199 1013 2274 Wledislai
1040 2197 1227 2272 Bohemiao
1250 2197 1358 2292 Regis
1382 2199 1574 2287 exercitus,
1608 2197 1708 2271 cuius
1739 2197 1900 2271 Burnian

345 2321 429 2395 baro
456 2320 659 2412 capitaneus
688 2326 778 2410 eret,
808 2321 901 2413 opud
919 2319 1169 2392 monasterium
1188 2319 1433 2391 Theonischow
1452 2339 1574 2412 agens,
1595 2319 1800 2411 agentibus
1822 2320 1898 2391 lla·

344 2442 442 2515 thiae
470 2439 578 2534 Regis
605 2440 823 2534 Hungariae,
852 2441 889 2513 in
916 2441 1038 2513 Pilsno
1066 2439 1280 2532 praesidium
1308 2440 1525 2528 tenentibus,
1554 2439 1655 2512 cuius
1680 2439 1901 2513 Plankiberlr

347 2561 527 2636 Australis
555 2565 630 2635 erat
657 2561 877 2653 capitaneus,
912 2561 994 2633 dum
1026 2559 1271 2652 pabulationes
1304 2566 1487 2633 nonoretur
1514 2565 1549 2633 et
1576 2559 1738 2633 incendia
1765 2581 1808 2633 ac
1836 2581 1899 2652 po·

344 2683 545 2776 pulsationes
572 2681 771 2774 prohibere,
800 2681 972 2754 contritus
999 2685 1054 2754 est
1072 2685 1107 2753 et
1125 2700 1251 2772 magna
1277 2679 1376 2752 clade
1403 2681 1565 2753 obrutus:
1594 2686 1629 2754 et
1656 2681 1898 2774 quadringen-

346 2803 395 2878 tis
423 2803 565 2892 occisis,
594 2802 786 2896 octingenti
813 2803 850 2875 in
877 2821 1001 2874 manus
1027 2801 1176 2874 hostiles
1203 2820 1282 2872 cum
1309 2800 1409 2893 equis
1437 2804 1472 2874 et
1499 2801 1623 2894 spoliis
1654 2801 1730 2874 uiri
1758 2823 1899 2877 venero.

213 3003 215 3008 ,
350 2923 461 2997 Aliud
500 2944 638 3016 quoque
669 2921 829 2997 accidens
866 2942 975 3015 eoque
1001 2923 1132 2994 melum
1161 2921 1375 3014 superuenit.
1409 2915 1634 2996 locediensis
1650 2920 1682 3012 ³)
1710 2922 1901 3015 episcopus

346 3045 539 3133 Iohannes,
569 3048 605 3117 et
632 3043 832 3136 Stephanus
859 3042 1187 3135 lhausplvaniensis
1214 3041 1438 3134 Wopeuoda,
1466 3043 1624 3118 habendo
1648 3043 1686 3117 in
1707 3065 1770 3117 suo
1789 3045 1899 3118 comi·

347 3172 426 3239 tatu
453 3165 647 3238 Hinconem
675 3166 806 3238 Ducem
825 3164 1199 3257 Moneterbergensem,
1228 3163 1385 3235 conlecta
1403 3185 1503 3255 pace,
1523 3164 1560 3237 in
1579 3165 1706 3238 Kadan
1726 3166 1898 3258 oppidum

348 3287 551 3374 BohemIee,
581 3305 624 3359 ex
651 3285 840 3358 Olomuncn
859 3285 902 3358 ad
921 3285 1044 3357 limina
1072 3283 1333 3376 quatuordecim
1360 3285 1588 3375 Adiutorum,
1617 3287 1678 3378 qui
1698 3287 1830 3360 ibidem
1851 3289 1899 3360 fe·

347 3412 475 3481 rantur
501 3407 689 3480 clarescere
715 3404 911 3494 miraculis,
940 3405 1203 3493 descenderant,
1234 3403 1359 3476 abinde
1386 3405 1535 3498 Pragem
1562 3407 1712 3496 reversi,
1742 3408 1828 3480 dum
1849 3409 1899 3480 ta-

345 3529 504 3601 miliares
532 3547 649 3600 eorum
677 3531 948 3615 sacramentum,
977 3525 1019 3598 ab
1047 3525 1233 3598 haereticis
1252 3525 1463 3614 coniectum,
1484 3531 1568 3598 tunc
1586 3528 1900 3619 processionaliter

349 3648 573 3735 conductum,
602 3645 770 3719 honorare
797 3646 1008 3734 detrectant,
1037 3645 1274 3718 animantibus
1294 3645 1533 3718 sacerdotibus
1551 3649 1721 3738 populum
1741 3669 1898 3721 commu·

347 3790 444 3858 nem,
463 3765 622 3860 plerique
641 3765 684 3839 ex
703 3767 881 3860 Hungaris
900 3765 1025 3838 violati
1044 3771 1138 3838 sunl.
1159 3766 1205 3837 Et
1223 3763 1449 3838 Veradiensis
1469 3767 1654 3859 episcopus
1669 3768 1714 3856 ⁴),
1734 3775 1771 3840 et
1789 3771 1900 3841 Tran-

350 3886 585 3982 sylvaniensis
612 3885 820 3979 Wopewode
843 3886 1059 3978 Stephanus,
1088 3885 1158 3958 nisi
1177 3885 1337 3960 celeriter
1355 3887 1436 3958 Dux
1455 3885 1569 3960 Hinco
1588 3889 1800 3962 accurrisset
1820 3911 1900 3962 cum

299 4021 302 4027 '
347 4009 487 4084 civibus
514 4007 556 4080 de
583 4005 685 4080 Nova
712 4007 838 4100 Praga,
865 4027 984 4080 omnes
1011 4007 1055 4079 ad
1081 4027 1190 4079 unum
1218 4005 1368 4079 fuissent
1396 4007 1548 4098 turpirer
1566 4007 1683 4081 occisi.
1714 4010 1819 4082 Hanc
1837 4032 1898 4082 no-
2043 4001 2044 4050 ³

347 4130 496 4203 uitatem
528 4127 607 4202 Rex
639 4125 826 4201 Bohemiae
860 4125 1076 4199 Wladislaus
1108 4126 1253 4200 moleste
1280 4127 1410 4215 ferens,
1438 4127 1581 4200 nuntios
1608 4128 1718 4222 Regis
1746 4131 1895 4224 Hunga·
2043 4123 2044 4138 '

349 4249 468 4340 riael)
496 4249 539 4322 ad
567 4269 604 4321 se
628 4247 665 4320 in
684 4247 849 4320 Kuthnos
882 4237 1015 4320 montes
1047 4247 1242 4336 uenientes,
1275 4248 1465 4338 plurimum
1497 4247 1684 4321 honoratos
1702 4255 1750 4348 ¹et
1777 4271 1898 4324 muno-

350 4377 463 4461 rotos,
491 4370 534 4443 do
561 4369 702 4442 iniuriis
730 4369 780 4442 eie
808 4367 922 4441 illatis
944 4367 1110 4460 placavit.
1140 4367 1324 4440 Moverunt
1342 4368 1379 4440 hi
1398 4367 1465 4440 duo
1485 4389 1587 4441 casus
1606 4369 1778 4444 Mathiam
1796 4373 1898 4444 Hun-

352 4491 471 4586 gariee
501 4490 649 4581 Regem,
683 4490 861 4582 fecereque
892 4489 1035 4562 elatum.
1064 4487 1237 4562 Hearicus
1270 4509 1406 4581 quoqne
1431 4489 1771 4583 Monrterbergensis
1803 4492 1898 4580 Dux,
2043 4535 2044 4594 3

351 4633 430 4686 cum
462 4609 668 4684 conciliator
694 4609 792 4702 pacis
819 4613 927 4698 esset,
956 4609 1058 4681 illum
1086 4608 1238 4681 assiduis
1266 4609 1605 4683 insusurrationibus
1628 4613 1672 4684 ad
1690 4612 1828 4686 bellum
1846 4614 1897 4685 in·
2043 4599 2044 4666 ἕ

351 4731 534 4819 condebat,
562 4730 691 4804 timens
719 4730 756 4803 in
782 4749 867 4822 paee
895 4750 993 4803 suam
1021 4729 1298 4803 aestimationem
1325 4729 1536 4802 diminutum
1565 4730 1624 4804 iri:
1658 4753 1730 4804 non
1757 4735 1897 4806 fauente

350 4851 490 4927 fortuna
517 4849 681 4924 Bohemis
708 4852 750 4924 de
776 4871 876 4943 paco,
905 4855 940 4925 et
966 4849 1161 4923 iustissime
1189 4851 1260 4924 Deo
1288 4850 1507 4941 ostendente,
1537 4853 1629 4945 quod
1646 4852 1805 4926 nondum
1825 4855 1896 4926 lue·

352 4977 435 5048 rant
472 4971 625 5046 facinora
656 4971 889 5045 Bohemorum
925 4971 1044 5064 plures
1082 4991 1213 5044 errores
1249 4971 1534 5062 practicantium,
1568 4973 1739 5047 abstersa.
1772 4975 1897 5066 Itaque

349 5115 435 5191 pace
466 5091 610 5182 reiecta,
647 5113 710 5187 pro
742 5113 811 5186 qua
841 5091 1085 5185 reintegranda
1117 5091 1325 5184 liudolphus
1361 5092 1544 5186 episcopus
1576 5093 1894 5184 Wratislauionsis,

459 5367 637 5449 ¹).traheret
658 5366 722 5433 Ed.
748 5365 839 5452 Lips.
864 5366 891 5449 ⁹)
915 5383 990 5430 esse.
1011 5363 1074 5430 Ee.
1092 5363 1182 5451 lips.
1207 5365 1232 5448 ⁸)
1254 5363 1447 5430 Verodiensis
1469 5368 1546 5431 euim
1568 5361 1632 5434 Ed.
1654 5364 1748 5454 Le‘pr.
1773 5365 1801 5452 ⁴)
1822 5369 1895 5449 epis·

352 5490 444 5554 copus
466 5472 593 5536 Ioannes
615 5467 681 5537 Ed.
703 5471 797 5558 Lips.
821 5469 848 5554 ⁵)
869 5469 998 5534 Matthiae
1019 5471 1189 5550 Hungariae
1211 5472 1301 5550 Regis
1323 5469 1386 5536 Ee.
1410 5470 1499 5556 Lips.
