4040 6290
377 567 451 642 606
883 587 996 642 amna
1022 585 1269 642 nueoeanrue
1296 568 1411 659 (xm).
1583 659 1588 666 Ι
1646 563 1715 666 (Α.
1734 563 1785 642 Β.
1803 560 1935 662 lm)

373 773 490 868 petiit.
518 773 690 848 Proaoseu
717 771 842 848 deinde
868 771 1021 862 dierum,
1050 772 1133 846 dum
1159 772 1336 848 Iohannes
1363 773 1676 866 burdegarensis
1696 772 1934 852 munitionen

374 897 533 968 voeatam
559 893 762 986 Kopaniona
788 897 1020 987 oppugnaret,
1050 896 1180 966 temere
1206 892 1373 980 dammis,
1402 913 1491 985 qnae
1510 893 1722 972 fortalitium
1742 893 1933 980 vorabant,

375 1035 412 1088 se
439 1013 617 1107 ingerens,
651 1013 736 1086 adeo
768 1018 888 1102 ustus,
922 1012 1052 1086 utrix
1079 1032 1143 1105 por
1170 1034 1253 1086 suos
1281 1017 1421 1105 ereptus
1449 1018 1485 1086 et
1512 1013 1550 1087 in
1576 1019 1694 1088 eastra
1721 1015 1774 1088 ait
1803 1013 1931 1088 semia

374 1134 480 1207 nimis
507 1137 723 1226 reportatus,
752 1154 930 1226 nunquam
958 1132 1121 1225 deinceps
1148 1132 1299 1226 priorem
1317 1133 1556 1206 valetudinem
1573 1155 1784 1228 recuperare
1801 1132 1932 1228 potuit

376 1253 445 1328 Sed
471 1259 507 1328 et
533 1253 647 1327 omnis
675 1253 851 1328 exereitus
879 1273 981 1342 suns,
1018 1253 1119 1326 dnois
1150 1253 1208 1327 sui
1234 1273 1318 1327 oasa
1349 1253 1433 1328 adeo
1459 1255 1670 1346 perterritae
1697 1260 1773 1346 eet,
1811 1259 1861 1328 ut
1883 1275 1932 1328 re·

373 1375 518 1466 pontino
546 1378 784 1462 metuentes,
812 1394 882 1446 non
910 1394 1011 1448 seous
1043 1393 1148 1466 quam
1175 1374 1391 1467 lethargious
1419 1374 1589 1466 agebatur
1606 1375 1646 1463 ¹),
1675 1379 1712 1450 et
1738 1376 1782 1448 in
1810 1377 1933 1469 fugam

374 1515 413 1568 se
438 1495 650 1587 proripiens,
680 1494 866 1585 subitoque
884 1493 922 1565 in
940 1495 1017 1567 loea
1035 1493 1133 1568 uaria
1150 1492 1354 1588 diffugiens,
1383 1492 1578 1567 dissolutus
1597 1499 1662 1568 est.
1692 1494 1847 1568 Maioris
1868 1495 1931 1566 Po·

373 1615 489 1690 leniae
514 1615 660 1688 barones
685 1619 721 1687 et
739 1613 889 1703 milites,
918 1634 1065 1706 quornm
1091 1614 1206 1688 Lueas
1225 1614 1268 1688 da
1286 1613 1403 1689 dorla
1420 1614 1691 1704 Poenaniensis,
1720 1614 1931 1691 Stabislaus

371 1735 414 1809 de
441 1735 607 1828 Ostrorog
633 1733 874 1822 Gallesiensis,
903 1733 1071 1825 palatini,
1101 1739 1136 1807 et
1161 1733 1313 1808 ldathias
1332 1733 1375 1808 de
1394 1735 1553 1812 Moeohin
1567 1733 1599 1825 ²)
1626 1735 1842 1828 oapitaneus
1861 1735 1933 1808 hla-

373 1854 458 1928 ioris
485 1854 667 1943 Poloniae,
696 1858 796 1928 arant
824 1853 1038 1945 principales
1061 1853 1240 1943 inretorto,
1269 1875 1348 1928 eum
1366 1853 1559 1930 exereitum
1577 1855 1620 1930 de
1637 1855 1830 1932 duodeoim
1850 1855 1929 1930 mil·

372 1975 467 2049 libus
485 1975 714 2063 adunassent,
734 1978 769 2048 et
786 1974 905 2066 plures
923 1973 1156 2048 hebdomades
1175 1973 1267 2048 eirea
1284 1974 1451 2066 oppidum
1468 1975 1606 2050 Koston
1621 1973 1653 2066 i)
1680 1980 1717 2050 et
1738 1975 1930 2050 Wsehena

374 2099 490 2170 eastra
514 2095 727 2183 tenuissent,
756 2115 825 2167 non
853 2099 970 2168 tamen
996 2093 1175 2184 hostibus,
1205 2095 1270 2168 sub
1297 2115 1417 2169 eorum
1443 2095 1643 2187 praesentia
1668 2095 1782 2172 villas
1814 2095 1932 2188 Regni

374 2215 541 2290 Poloniae
568 2215 669 2304 adeo,
697 2219 738 2288 ut
765 2214 908 2288 favillae
935 2214 973 2287 in
1000 2235 1118 2288 eorum
1150 2215 1272 2288 vultus
1305 2214 1515 2302 residerent,
1549 2217 1651 2310 longe
1678 2217 1827 2308 lateque
1856 2235 1927 2290 ore·

375 2335 568 2425 mantibus,
597 2336 753 2410 fenerant
780 2333 935 2427 aliquam
961 2317 1200 2409 resistentiam
1223 2335 1281 2409 rel
1303 2335 1570 2428 oppositionem.
1599 2337 1786 2429 donaque
1808 2355 1931 2412 aarum

372 2460 448 2530 erat
472 2455 767 2548 pusillanimitas,
801 2459 842 2527 ut
874 2453 1101 2548 sexingentae
1133 2455 1257 2544 villae,
1293 2455 1370 2530 illis
1406 2455 1625 2545 uidentibus,
1665 2455 1834 2533 inoeudio
1873 2477 1932 2548 per

377 2577 517 2650 hostem
531 2579 758 2668 consumptae
772 2579 873 2663 sunt,
893 2578 929 2648 et
942 2575 1090 2666 praedae
1108 2575 1269 2668 ingentes
1288 2577 1442 2650 abactae.
1462 2576 1844 2670 Insimulabanturquo
1862 2577 1931 2669 pri·

375 2715 489 2770 mores
515 2695 708 2784 exereitus,
741 2694 960 2769 olandestina
992 2715 1071 2770 oum
1096 2696 1198 2771 hoste
1224 2697 1352 2772 habere
1378 2697 1601 2774 commertia:
1628 2703 1825 2790 postquam
1852 2697 1927 2770 ubi-

373 2837 442 2909 que
468 2837 586 2890 eorum
614 2815 714 2890 villis
741 2816 784 2889 ab
811 2816 912 2892 hoste
938 2815 1157 2907 portebatur.
1187 2816 1256 2890 Sed
1283 2821 1318 2892 at
1344 2816 1382 2892 in
1410 2817 1568 2894 exereitu
1594 2817 1765 2894 Pelonieo
1785 2823 1926 2911 stupra

373 2936 488 3010 tiones
515 2935 693 3030 virginum
719 2939 756 3009 ot
782 2938 1035 3024 matronarum,
1068 2955 1156 3028 quas
1188 2936 1340 3029 propriis
1373 2936 1568 3028 eripiebant
1597 2938 1753 3026 solonis,
1791 2939 1928 3014 desolo

372 3056 488 3130 tiones
506 3060 542 3130 et
560 3055 788 3148 spoliationes
815 3055 1132 3132 aeolesiastioornm
1158 3057 1343 3147 bonorum,
1371 3059 1577 3150 oaataraque
1603 3059 1761 3134 enormia
1781 3059 1928 3148 seelera,

372 3175 510 3251 nemine
536 3175 758 3269 prohibente,
787 3175 1105 3252 oommittebantur.
1133 3177 1189 3252 Ex
1217 3197 1286 3269 quo
1312 3177 1479 3254 nimirum
1507 3179 1637 3256 fartum
1665 3183 1737 3268 est,
1766 3183 1811 3252 ut
1829 3199 1927 3254 exer

372 3296 465 3374 titus
491 3296 556 3370 ille
586 3296 748 3389 pluribus
776 3297 967 3372 molaribus
994 3297 1171 3387 foedatus,
1199 3299 1300 3374 nulla
1325 3319 1363 3374 re
1385 3298 1604 3374 memorabili
1621 3303 1739 3392 gesta,
1768 3300 1927 3393 propriis

372 3438 442 3490 non
469 3417 595 3492 alionis
626 3420 688 3489 aut
713 3416 920 3505 hostilibus,
958 3418 1126 3508 vastatis,
1154 3417 1363 3510 inparatos
1390 3418 1566 3510 proprios,
1603 3419 1772 3496 ridendus
1804 3442 1828 3496 a
1855 3421 1925 3494 sin-

371 3536 483 3631 gulis,
503 3558 573 3610 non
591 3535 753 3625 hostilia,
773 3536 834 3611 sed
852 3537 994 3630 propria
1016 3537 1130 3630 spolia
1147 3539 1316 3630 referens,
1344 3541 1589 3616 reverteretur.
1618 3539 1731 3632 (lulpa
1748 3540 1870 3615 omnis
1888 3541 1925 3616 in

372 3657 504 3731 Lueam
530 3659 573 3732 de
600 3657 716 3733 dorla
742 3657 1030 3748 Poenanieneem,
1060 3659 1278 3736 Stanislaum
1304 3660 1347 3733 de
1374 3660 1541 3754 Ostrorog
1566 3659 1836 3752 caliesionsenn,
1864 3683 1924 3753 pa

371 3777 518 3868 latinos,
547 3782 769 3872 caeterosque
794 3778 964 3872 primores
991 3779 1138 3855 bmonss
1165 3780 1388 3854 referebatur.

370 4129 519 4206 malam
542 4133 804 4222 rugosarum
830 4133 1052 4222 opimopatnn
1080 4132 1297 4208 lumlomon
1318 4133 1380 4206 albl
1402 4133 1587 4224 ademptam
1609 4136 1760 4224 ooaapat
1784 4135 1920 4211 mm

370 4267 427 4324 ιιι
447 4252 518 4327 aar
538 4253 689 4328 l’olanlaa
710 4253 778 4326 aba
800 4269 860 4326 rao
882 4253 1058 4328 wladislao
1079 4253 1159 4344 lagi
1180 4253 1350 4328 bohaniae
1371 4253 1517 4330 satalia
1538 4255 1573 4328 ia
1595 4255 1736 4343 ιιιιιιι
1757 4258 1798 4330 at
1820 4253 1922 4344 gasti

718 4373 780 4448 hus
801 4375 918 4448 ababa
938 4373 1091 4448 lathlam
1112 4373 1291 4464 hungariae
1314 4373 1433 4463 amon
1454 4373 1570 4451 naras.

475 4619 549 4693 snb
576 4619 694 4694 eodem
725 4614 881 4714 tempore
911 4618 1087 4714 Nieolaus
1114 4621 1274 4713 lungun,
1307 4617 1507 4694 fauentibus
1538 4617 1608 4694 sibi
1639 4619 1862 4696 militaribus
1886 4625 1922 4696 ot

260 4779 265 4788 ·
371 4739 577 4814 ciuitatibus
609 4739 791 4829 Prussiae,
820 4744 856 4814 ot
883 4740 1064 4834 signanter
1090 4738 1271 4814 nonnullis
1296 4759 1342 4814 ex
1369 4738 1496 4833 oppido
1524 4737 1668 4814 Gdansh
1691 4739 1919 4828 Consulibus,

369 4860 627 4953 tenutariirque
658 4864 851 4936 austrorum
882 4861 1031 4955 Elsberg
1057 4865 1094 4936 et
1120 4860 1300 4955 Sobobnrg
1339 4858 1528 4952 corruptis,
1565 4860 1723 4952 praelata
1755 4860 1830 4936 duo
1863 4881 1917 4938 aar

370 4983 445 5054 stra
469 4979 611 5054 residua
636 4980 787 5076 Elsberg
812 4987 848 5057 et
874 4981 1070 5076 Soheburg,
1099 4981 1219 5056 fraude
1246 4985 1283 5054 et
1308 4981 1403 5070 dolo,
1433 4979 1594 5073 quamuis
1620 4999 1662 5054 ea
1688 4979 1786 5054 eires
1816 4979 1862 5056 ad
1879 4982 1918 5054 b·

370 5100 467 5175 deles
494 5121 618 5174 manns
644 5121 757 5193 usque
783 5101 827 5176 ad
854 5101 1063 5176 derisionem
1090 5101 1207 5194 Papae
1234 5101 1404 5176 servanda
1435 5104 1470 5174 et
1496 5100 1724 5176 custodienda
1752 5121 1915 5193 suseepe

370 5225 465 5310 rant,
494 5221 531 5294 in
559 5241 658 5300 suam
684 5221 820 5317 redegit
845 5221 1030 5314 ditionem,
1060 5225 1242 5322 totumque
1268 5221 1508 5320 episeopatam
1525 5220 1767 5296 Varmiensem
1785 5225 1822 5296 et
1842 5221 1915 5295 eius

479 5478 503 5561 ¹)
525 5486 663 5561 ageretur
683 5477 748 5546 Ed
770 5477 863 5564 Ispa.
887 5475 915 5564 ²)
936 5479 1071 5544 Dnsohin
1094 5473 1172 5544 Ood.
1194 5475 1305 5543 Prm.
1328 5475 1353 5558 ⁸)
1375 5477 1507 5544 ansam
1529 5471 1594 5544 Ed.
1618 5473 1709 5561 arpa.
