4090 6290
365 563 438 634 616
872 581 985 634 nmen
1011 580 1257 634 nnonnornrus
1284 563 1399 651 (rur).
1635 555 1703 658 (Α.
1724 557 1769 633 D.
1791 556 1925 655 1474.)

358 767 489 859 Gaspar
505 765 650 859 insuper
668 766 740 839 Zalr
758 767 800 839 de
818 765 1019 855 nobilitate,
1049 787 1138 859 quae
1166 766 1324 859 aquilam
1351 766 1468 840 elbam
1491 767 1528 839 in
1552 787 1674 860 campo
1702 767 1813 841 rubeo
1839 787 1925 839 cum

360 887 475 979 capite
501 887 672 981 gallinae,
702 891 737 960 et
765 907 853 979 quae
872 907 910 960 so
929 887 1041 960 Trceln
1059 886 1233 976 nominat,
1262 907 1325 979 pro
1344 886 1478 980 insigni
1496 892 1631 980 portat,
1660 893 1697 962 et
1715 887 1878 962 llelclner
1897 885 1925 976 ¹)

360 1009 487 1098 Imber,
516 1008 716 1099 caeterique
742 1007 902 1081 homines
923 1007 1068 1081 Henrici
1087 1007 1195 1081 Ducis
1215 1007 1534 1098 Koauchoriensis,
1563 1013 1598 1082 et
1616 1009 1816 1101 terrigenae
1835 1008 1925 1083 Glo

362 1129 563 1222 gouienses,
597 1129 748 1202 scientes
780 1132 935 1201 castrum
969 1128 1137 1202 Poloniae
1169 1128 1403 1221 Myedrirnecn
1436 1129 1554 1221 (annis
1587 1129 1681 1204 enim
1713 1131 1856 1222 aliquot
1891 1129 1926 1201 is

362 1249 491 1342 Casper
517 1249 554 1324 in
580 1249 680 1322 Petri
707 1249 749 1322 de
778 1249 997 1322 Schamotnli
1024 1249 1210 1323 castellani
1238 1249 1322 1322 olim
1350 1249 1619 1340 Pesnaniensis‚
1655 1251 1717 1343 qui
1744 1251 1841 1324 illud
1872 1255 1925 1322 te-

362 1371 483 1460 nebat,
516 1369 717 1442 morabatur
749 1369 943 1461 obsequiis)
976 1369 1195 1464 negligenter
1227 1369 1419 1460 asservari,
1451 1371 1616 1464 gentibus
1644 1395 1664 1445 a
1691 1371 1791 1464 Rege
1819 1371 1925 1443 Hun-

361 1491 479 1586 gariae
493 1488 525 1579 2)
552 1490 766 1582 impetratis,
796 1489 1008 1584 Sandirogio
1036 1491 1181 1582 insuper
1207 1490 1382 1564 Zidouski
1409 1491 1597 1584 burgrabio
1616 1494 1659 1566 de
1679 1491 1925 1586 Myedzirrecc

367 1610 592 1702 (Nclancnitc
610 1610 668 1684 hic
685 1631 810 1703 genere
830 1613 932 1701 erat),
960 1611 1086 1703 oppido
1102 1609 1134 1700 3)
1161 1611 1312 1703 primum
1332 1611 1566 1704 Myelnirnecn
1585 1618 1687 1687 nocte
1705 1613 1928 1704 intempeste

255 1781 257 1786 .
363 1753 550 1806 conscenso
576 1736 611 1805 et
636 1731 794 1820 incenso,
828 1752 942 1804 arcem
960 1731 1092 1821 etiam,
1122 1733 1223 1804 nulla
1255 1732 1466 1806 necessitate
1494 1733 1714 1827 impellente,
1743 1755 1765 1806 a
1795 1731 1927 1806 Sandi-

362 1852 465 1946 uogio
493 1852 662 1940 deditam,
692 1873 792 1939 euro,
822 1856 863 1924 ut
890 1851 1126 1942 asserebatur,
1155 1858 1335 1945 corrupto,
1364 1853 1562 1946 intercipit,
1592 1859 1628 1927 et
1654 1874 1793 1928 omnem
1820 1854 1927 1926 illam

364 1995 459 2046 oram
485 1993 597 2064 usqne
624 1971 668 2044 ed
695 1972 969 2046 Pesnaniensem
997 1972 1179 2047 civitatem
1197 1973 1387 2064 incendiis,
1418 1973 1542 2066 spoliis
1562 1978 1597 2048 et
1614 1974 1756 2067 praedis
1775 1973 1927 2047 afflixit.

363 2095 410 2167 Et
436 2093 596 2186 quamvis
623 2113 788 2184 processu
815 2093 967 2183 dierum,
996 2093 1089 2166 bello
1117 2115 1180 2186 per
1206 2099 1365 2187 trengam
1380 2095 1412 2184 ⁴)
1440 2094 1650 2187 intercepto,
1680 2096 1771 2169 bona
1800 2096 1926 2168 haere-

364 2213 492 2288 ditoria
511 2212 718 2305 Sandivogii
736 2212 926 2303 Zidouski,
956 2213 1138 2287 traditoris
1156 2215 1309 2306 patriae,
1330 2215 1374 2287 ad
1393 2215 1461 2287 duo
1480 2215 1595 2288 millia
1613 2215 1820 2305 aestimata,
1849 2215 1927 2288 Ka·

364 2334 509 2408 aiminus
545 2331 624 2407 Rex
659 2333 827 2406 Poloniae
863 2333 975 2407 Felici
1012 2333 1054 2408 de
1081 2335 1233 2427 Panpow
1266 2335 1496 2427 stipendiario
1524 2357 1606 2427 suo,
1638 2341 1812 2428 perpetuo
1841 2357 1927 2408 con·

364 2455 523 2528 tulisset:
552 2457 705 2528 castrum
724 2457 842 2528 tamen
860 2453 1094 2546 Myednircecn
1113 2455 1274 2529 Andreae
1302 2455 1581 2546 semmelmehl,
1610 2457 1704 2550 quod
1722 2456 1928 2530 iustissime

365 2575 409 2649 ad
436 2595 474 2648 se
501 2573 706 2647 devolutum
732 2572 884 2649 retinere
912 2575 1094 2665 debuerat,
1123 2573 1378 2669 instigantibus
1407 2598 1485 2650 enm
1509 2577 1661 2667 duobus,
1692 2577 1825 2670 quibas
1845 2577 1928 2650 Rex

364 2695 509 2788 fidebat,
537 2693 767 2784 consiliariis,
796 2715 880 2768 auro
907 2695 950 2768 ab
978 2695 1120 2769 Andrea
1147 2696 1338 2788 corruptis,
1367 2695 1480 2770 eidem
1507 2697 1667 2772 Andreae
1694 2697 1926 2772 Schamotnl·

366 2816 422 2890 slri
447 2816 617 2890 restitnit.

364 3172 527 3257 labrire,
550 3169 721 3243 Belemina
737 3173 772 3242 ct
786 3170 967 3260 llungariee
986 3171 1105 3261 neges,
1129 3171 1224 3260 perte
1240 3173 1276 3242 et
1290 3170 1377 3242 tane
1392 3171 1558 3244 exereitus
1574 3175 1759 3262 preneste,
1785 3151 1926 3262 plnum

366 3291 582 3383 personaliter
613 3291 828 3379 conveniunt,
858 3291 991 3364 tanton
1021 3309 1078 3381 per
1107 3291 1415 3364 consiliariorum
1444 3296 1579 3383 benges
1606 3294 1648 3366 ccl
1670 3293 1929 3384 commutem

432 3443 435 3448 ·
971 3429 1090 3484 annun
1113 3411 1322 3486 concludunt.

471 3659 722 3736 crassantium
750 3659 886 3733 duabus
912 3659 1087 3752 pestibus,
1117 3661 1207 3734 fame
1234 3659 1400 3734 videlicet
1418 3664 1453 3734 et
1472 3660 1655 3753 epidimia,
1683 3661 1721 3734 in
1740 3661 1926 3735 exercitus

366 3782 499 3876 regios,
528 3781 657 3875 quibus
683 3780 791 3855 tertia
817 3780 1026 3855 dissenteria
1044 3786 1255 3870 accesserat,
1284 3781 1396 3855 coacti
1415 3787 1498 3855 sunt
1516 3781 1617 3855 ambo
1636 3782 1771 3875 Reges,
1802 3803 1927 3874 quarn·

368 3903 424 3976 vis
452 3923 573 3975 auram
598 3901 774 3976 habebant
801 3922 944 3974 suarem
963 3907 998 3975 et
1017 3901 1171 3990 dulcem,
1206 3901 1365 3976 siccitate
1392 3909 1428 3975 ct
1454 3903 1570 3976 calore
1602 3905 1853 3994 temperatum,
1884 3903 1929 3975 an

369 4021 591 4096 sufferentias
606 4021 649 4112 ὃ),
679 4042 768 4114 quae
795 4022 838 4096 ab
865 4021 940 4095 illis
969 4043 989 4094 a
1016 4023 1150 4095 Mathia
1178 4021 1382 4116 Hungariae
1413 4023 1508 4115 Rege
1536 4023 1811 4114 expetebantur,
1839 4043 1925 4115 gen·

369 4143 466 4216 tibus
498 4163 617 4216 eornm
648 4142 939 4232 vociferantibus,
972 4143 1154 4235 respicere.
1188 4143 1239 4216 De
1267 4142 1396 4235 quibus
1422 4145 1464 4215 ut
1490 4143 1631 4216 facilius
1659 4143 1923 4230 conveniretur,

368 4262 505 4356 placuit
534 4263 777 4336 communibus
808 4264 997 4337 baronibus
1021 4267 1056 4337 et
1074 4263 1302 4352 consiliariis,
1337 4263 1450 4356 Reges
1483 4264 1705 4355 personalem
1737 4265 1853 4338 lacere
1887 4263 1925 4336 in

370 4383 624 4477 campestribus
652 4389 873 4457 conventum.
902 4384 945 4456 Id
964 4383 1032 4456 etsi
1050 4384 1153 4476 pauci
1180 4383 1368 4475 probarent
1394 4384 1578 4472 mortales,
1611 4385 1732 4457 hostes
1761 4383 1925 4472 infestos,

370 4524 441 4576 non
472 4503 604 4577 sedatis
636 4503 862 4594 differentiis,
895 4509 1087 4577 conventus
1120 4525 1238 4596 agere:
1273 4504 1360 4577 feria
1391 4507 1507 4578 tamen
1540 4503 1647 4578 tertia
1679 4508 1761 4578 ante
1795 4505 1926 4578 festum

372 4623 498 4698 Sancti
516 4623 723 4712 Clementis,
744 4645 833 4716 quae
852 4625 920 4697 tuit
938 4624 1237 4717 vicesimaprima
1255 4624 1483 4714 Novembris,
1510 4623 1617 4698 biduo
1636 4629 1776 4698 tanturn
1795 4625 1925 4718 Reges,

371 4744 537 4818 Poloniae
551 4748 586 4816 et
601 4743 855 4836 Hungariaeil,
875 4745 962 4817 dnos
981 4745 1200 4818 consiliarios
1220 4745 1370 4838 quilibet
1387 4745 1537 4834 habens,
1557 4744 1725 4818 Poloniae
1744 4745 1826 4818 Rex
1844 4743 1923 4818 Sbi-

370 4885 499 4960 gneum
518 4865 719 4957 episcopum
738 4863 1089 4954 wladislaviensem,
1118 4865 1231 4957 Regni
1249 4865 1416 4938 Poloniae
1435 4864 1778 4954 vicecancellarium,
1810 4871 1846 4939 et
1869 4866 1923 4938 Io·

371 4986 522 5058 hannem
550 4983 794 5077 Rithwpenslri
821 4986 935 5078 Regni
962 4985 1130 5058 Poloniae
1148 4987 1374 5074 marsalcum,
1404 4984 1607 5076 Hungariae
1625 4987 1704 5058 Rex
1723 4985 1923 5060 Gabrielem

483 5274 506 5357 ¹)
529 5277 672 5338 Melchior
695 5272 759 5338 Ee.
783 5273 877 5359 Lipe.
909 5274 935 5355 ⁹)
958 5296 977 5336 a
998 5275 1111 5336 Mathia
1141 5275 1313 5352 Hungariae
1334 5276 1417 5352 Rege
1439 5271 1502 5339 Ed.
1526 5271 1616 5360 Lipe.
1649 5275 1676 5356 ³)
1699 5276 1842 5355 oppidum
1862 5273 1924 5339 Ea

374 5377 464 5465 Lipe.
488 5375 516 5460 ⁴)
537 5379 673 5441 inducias
695 5377 759 5440 Ed.
783 5376 874 5461 Lipe.
899 5376 924 5457 ὅ)
948 5379 988 5438 ad
1009 5377 1131 5440 loedere
1152 5375 1215 5440 Ee.
1238 5375 1330 5461 Lipe.
1354 5375 1380 5456 ⁶)
1404 5379 1660 5456 vigesimaprima
1674 5381 1785 5442 mensis
1800 5381 1923 5442 Narem·

375 5485 451 5566 bris,
474 5483 531 5545 duo
553 5489 667 5545 tantum
688 5483 800 5562 Reges,
824 5481 986 5544 Gaeimirns
1008 5483 1150 5544 Poloniae
1172 5487 1202 5543 et
1223 5482 1351 5543 Matthiae
1373 5481 1545 5558 Hungariae
1567 5479 1631 5544 Ed.
1656 5480 1748 5565 Lipe.
