4090 6290
127 562 197 662 (Α.
217 562 408 661 111475.)
642 587 754 640 arnan
780 587 1025 640 nuouncnrus
1053 570 1168 657 (x111).
1605 566 1679 642 633

128 772 280 845 Rosciae
308 776 343 844 et
370 770 575 859 Valachiae,
608 792 670 864 per
697 793 895 846 communes
932 774 1131 865 Regnorum
1169 773 1316 846 barones
1348 773 1553 862 decidenda,
1583 774 1680 848 ride·

127 893 213 965 licet
240 893 431 965 Iohannem
458 892 737 980 cracoviensem,
767 893 958 986 Sbigneum
986 893 1337 981 wladislaviensem,
1371 897 1406 966 et
1433 894 1547 987 Regni
1576 895 1680 968 Polo·

126 1011 208 1084 uiae
231 1013 574 1100 vicecancellarium,
604 1013 801 1104 episcopos,
830 1010 1042 1086 Dobeslaum
1060 1011 1210 1086 KmItha
1228 1014 1270 1087 de
1291 1013 1468 1088 Wisnicne
1486 1014 1678 1088 Lublinen·

128 1153 220 1220 sem,
251 1132 479 1224 Spithhonom
506 1133 549 1205 de
577 1133 744 1206 Iaroslau
772 1133 1054 1226 Leopoliensem,
1083 1133 1270 1226 palatinos,
1299 1135 1491 1210 Iohannem
1516 1134 1558 1208 de
1576 1135 1680 1208 Rith·

129 1253 243 1344 wpani
267 1253 498 1326 castellanum
527 1253 843 1327 Sandomiriensem
863 1259 898 1327 et
917 1255 1031 1347 Regni
1050 1254 1215 1327 Poloniae
1235 1256 1462 1344 marsalcum,
1489 1255 1682 1330 Iohannem

129 1373 309 1466 Dlugosch
336 1374 524 1460 seniorem,
554 1373 763 1466 Magistrum
792 1375 957 1447 Iacobum
986 1375 1028 1447 de
1048 1375 1225 1462 Schadelr,
1254 1375 1445 1450 Iohannem
1472 1375 1680 1450 Lathosnin·

129 1493 186 1564 siri
213 1497 248 1565 et
275 1494 496 1585 Arnolphum
524 1494 566 1564 de
594 1493 827 1586 Mirnenpecn,
861 1497 1086 1568 Decretorum
1119 1495 1303 1583 Doctores,
1338 1495 1528 1568 Canonicos
1560 1497 1680 1570 Gracc·

130 1614 293 1701 riennes,
322 1613 532 1686 transmislt.
562 1614 629 1704 Qui
656 1636 734 1687 curu
762 1616 971 1707 tempestive
993 1615 1031 1688 ln
1049 1615 1185 1688 Noram
1206 1615 1359 1689 Sandeen
1378 1615 1619 1706 advenissent,
1648 1621 1684 1690 ct

128 1734 377 1826 Hungarorum
410 1734 486 1806 illic
518 1734 761 1825 opperirentur
793 1735 998 1826 adventurn,
1033 1735 1185 1808 Mathies
1218 1735 1421 1828 Hungariae
1453 1736 1531 1809 Rex
1559 1737 1681 1811 literas

129 1854 221 1946 Regi
248 1853 414 1926 Polouiae
434 1855 461 1942 ¹)
498 1859 533 1926 et
565 1854 640 1926 illis
668 1855 782 1944 misit,
817 1856 1020 1948 significans
1048 1876 1085 1928 se
1113 1857 1303 1928 Iuroorum
1329 1855 1429 1932 ¹bello
1461 1857 1680 1948 impeditum,

129 1975 281 2048 diaetam
309 1974 415 2046 aliam
441 1983 504 2066 pro
535 1976 623 2047 festo
652 1975 773 2049 Sancti
801 1977 960 2066 Martini,
991 1995 1094 2067 quam
1122 1975 1324 2050 Karimirus
1347 1976 1514 2050 PolonIao
1533 1978 1610 2051 Rex
1630 1980 1679 2050 f-

131 2095 272 2167 stidirit
300 2095 493 2187 suscipere,
524 2096 762 2169 const'tuisao.

152 2449 366 2522 1111111111
389 2449 580 2535 direlicnai,
603 2451 802 2523 lanciciensi
825 2453 861 2522 ct
883 2451 1045 2523 lusoriae
1067 2453 1164 2524 terris
1185 2469 1304 2542 nequa
1326 2454 1510 2526 intulerunt
1532 2453 1659 2526 danna.

236 2698 309 2771 Sub
336 2697 441 2770 huius
468 2699 636 2790 temporis
663 2703 873 2790 tempestate
900 2699 1099 2773 iuauditum
1127 2721 1255 2773 novom
1284 2701 1321 2774 in
1346 2701 1556 2789 Sitadiensi,
1585 2699 1678 2774 Lan·

129 2819 275 2892 ciniensi
307 2823 342 2892 ot
374 2819 551 2892 Masoviae
586 2820 789 2912 regionibus
827 2820 979 2893 emersit.
1018 2821 1190 2896 Locustae
1223 2822 1315 2895 eninr
1348 2822 1392 2895 ad
1424 2821 1679 2916 longItudiuem

129 2940 237 3013 unius
256 2939 361 3032 digiti
379 2939 539 3028 humani,
569 2941 685 3032 capita
712 2941 869 3014 adinstar
902 2941 1191 3034 vespertilionum
1210 2941 1395 3032 habentes,
1425 2947 1678 3036 apparuerunt:

129 3082 221 3153 quae
249 3081 292 3132 ex
319 3060 511 3133 Pannoniis
539 3062 739 3134 ferebantur
756 3083 818 3153 per
836 3062 1026 3135 Moreriam
1055 3067 1091 3135 et
1118 3061 1268 3136 Slesiam
1295 3061 1485 3155 prodiisse,
1515 3064 1606 3136 clrca
1626 3063 1679 3135 Si·

129 3181 265 3254 radiem
292 3181 443 3273 primum
472 3181 586 3269 alsae,
607 3187 641 3254 et
660 3182 785 3256 abinde
803 3204 865 3274 per
883 3183 1150 3272 LuthomIrsho,
1179 3183 1273 3257 inter
1295 3183 1495 3257 Lancioiom
1514 3189 1549 3256 et
1566 3185 1680 3274 Pyen-

128 3300 262 3391 thek2)
289 3323 509 3395 progressae,
538 3301 575 3374 in
602 3303 759 3376 Maeonia
786 3303 911 3377 itinere
931 3303 1071 3377 assiduo
1090 3303 1351 3397 grassabantur.
1381 3303 1580 3398 Lougitudo
1599 3323 1679 3376 con·

128 3422 345 3516 gregationIs
360 3443 494 3512 earnm,
515 3423 623 3496 tuum
641 3423 865 3513 milliarium,
886 3428 921 3498 et
934 3425 1085 3497 latitudo
1104 3424 1210 3497 unius
1230 3446 1309 3498 cum
1328 3424 1441 3498 medio
1461 3423 1679 3513 milliarium,

129 3549 218 3616 erat.
251 3542 425 3616 Volabant
457 3544 627 3617 ordinatis
665 3545 806 3618 aciebus
842 3545 1000 3618 odiustar
1035 3545 1261 3634 bellantium,
1300 3551 1336 3618 ct
1371 3545 1547 3619 Interdum
1579 3565 1677 3637 prae·

130 3663 298 3736 liautium
330 3684 424 3737 moro
457 3669 625 3757 cognatae
657 3666 741 3738 illae
769 3666 861 3740 acies
893 3671 1015 3738 mutuo
1048 3665 1377 3758 congrediebantur,
1411 3669 1446 3738 et
1479 3685 1549 3738 una
1581 3665 1715 3757 quasi·

128 3786 219 3857 duce
247 3789 428 3876 surgente,
458 3790 612 3858 caeterae
641 3786 822 3860 ordiuibus
851 3787 1166 3878 subsequebantur.
1203 3785 1297 3858 Loca
1315 3785 1470 3878 frugum,
1495 3785 1555 3858 sed
1574 3790 1609 3858 et
1627 3805 1681 3858 ar·

126 3907 270 3992 horum,
299 3905 336 3976 iu
363 3925 453 3995 quae
479 3905 664 3994 cadebant,
694 3907 924 3995 devorabant,
958 3907 1050 3979 nihil
1076 3911 1214 3998 praeter
1240 3911 1369 3978 terram
1398 3911 1433 3978 ot
1460 3907 1579 3978 fimum
1607 3927 1680 3979 eor·

129 4025 253 4097 didum
280 4025 530 4117 relinquentes.
563 4027 780 4101 DonsItotem
808 4049 927 4102 earum
954 4029 1017 4100 uix
1045 4029 1099 4100 sol
1125 4031 1307 4119 penetrare
1334 4026 1461 4118 potuit.
1492 4026 1531 4100 Si
1559 4027 1595 4098 iu
1619 4025 1680 4098 sil·
1803 4107 1807 4120 ¹

128 4167 195 4218 vas
222 4145 459 4233 declinabant,
489 4146 629 4218 arbores
657 4148 744 4219 satis
771 4149 952 4237 robustae,
981 4149 1072 4220 mole
1100 4167 1218 4220 earum
1237 4167 1394 4238 pressae,
1424 4145 1461 4218 in
1480 4151 1609 4220 terram
1626 4167 1679 4219 re·

129 4265 396 4357 torquebantur.
431 4266 612 4338 Interdum
645 4269 870 4357 pellebantur
905 4289 926 4340 a
956 4267 1112 4339 locorum
1144 4265 1285 4356 intelle,
1320 4272 1355 4339 ot
1386 4265 1422 4338 ri
1450 4267 1612 4358 repulsae
1645 4265 1681 4338 ln

129 4386 204 4458 alie
232 4385 438 4458 secedebant
465 4387 556 4474 loca,
585 4387 705 4459 volatu
735 4409 796 4460 suo
825 4387 988 4480 frigidum
1016 4387 1202 4479 ingerendo
1221 4387 1396 4460 umbram:
1419 4407 1517 4480 omen
1538 4385 1681 4477 aliquod

129 4506 367 4598 perniciosum
396 4506 516 4594 terris,
545 4527 607 4598 per
635 4529 722 4598 quos
751 4507 927 4582 doclebant
954 4507 1164 4617 transitum,
1188 4505 1448 4600 praesagiendo.

129 4679 237 4687 .—-——
489 4679 544 4686 ι·-

242 4763 264 4844 ¹)
287 4765 431 4826 Oasimho
453 4765 528 4840 Regi
551 4765 691 4824 Poloniae
715 4761 777 4824 Ed.
800 4762 891 4847 Lipo.
917 4762 943 4844 ⁹)
965 4763 1083 4840 Pyatelr
1106 4759 1169 4824 Ed.
1193 4757 1287 4846 Lipa.

163 5641 186 5698 δ’.
201 5646 297 5704 human.
310 5652 399 5696 nacor.
412 5653 493 5696 Polou.
506 5648 531 5694 Ψ.
545 5647 572 5690 V.
