4126 6280
396 577 471 650 245
904 589 1016 654 nmen
1041 586 1287 654 oeconomus
1315 581 1431 673 (nrm).
1661 573 1732 680 (Ᾰ.
1749 571 1799 654 ὓ.
1817 563 1954 677 1457.)

390 785 436 859 de
470 785 672 877 Rithuyani
704 785 959 875 Siladionsem,
995 786 1187 860 Stiborium
1221 787 1444 880 Saarlyeyski
1468 779 1495 878 1)
1529 787 1953 874 Inninladislaviensem,

392 906 569 999 palatinos
584 897 628 996 1),
658 906 827 979 Hiuonam
845 907 888 980 de
907 908 1038 1000 Rogou
1063 907 1315 997 Siradionsem,
1343 909 1535 982 Iohannem
1555 910 1597 982 de
1614 907 1827 983 Labischino
1846 907 1953 982 Wla·

391 1026 656 1114 dislariensem,
686 1027 877 1101 Iohannem
902 1028 943 1100 de
967 1028 1159 1100 Krethhou
1187 1029 1426 1117 Brestenssm,
1456 1031 1685 1116 castellanos,
1714 1030 1893 1102 Andrean
1917 1035 1956 1102 et

393 1148 585 1221 Iohannem
613 1148 655 1220 de
683 1147 877 1236 Thanecin,
915 1149 1007 1221 filios
1035 1148 1204 1222 Iohannis
1231 1149 1381 1241 palatini
1410 1149 1667 1240 cracoviensis,
1700 1151 1879 1224 Andream
1910 1149 1957 1223 de

391 1268 619 1342 Olesohnlcua
656 1262 768 1342 hliu'm
799 1269 968 1342 Iohannis
1000 1269 1151 1362 palatini
1184 1269 1498 1360 Sandomiriensis,
1535 1271 1727 1345 Iohannem
1763 1271 1806 1344 de
1844 1271 1954 1344 Sone-

393 1390 531 1463 hooaini
549 1391 772 1482 capitaneum
791 1390 1058 1480 Lublinensem‚
1084 1391 1275 1465 Iohannem
1294 1391 1534 1483 Kuropathwa
1563 1391 1857 1466 suceamerarinm
1875 1393 1954 1464 Ln-

393 1511 607 1600 blinonsem,
635 1512 780 1585 Petrum
808 1511 851 1584 de
878 1512 1115 1586 Kuronwanhi
1147 1512 1259 1585 filium
1292 1513 1457 1585 Krneslai
1472 1510 1503 1602 ³)
1541 1513 1725 1586 castellani
1753 1511 1955 1586 Lnblinen·

393 1632 460 1720 sis,
489 1633 699 1706 Krceslanm
726 1633 919 1724 Woysohih
934 1633 965 1722 ⁴)
994 1633 1285 1708 sueoamerarinm
1312 1625 1592 1722 Oracoviensem,
1621 1634 1812 1707 Iohannem
1835 1633 1954 1707 Suid·

392 1765 444 1825 oa
463 1751 495 1840 1)
532 1754 574 1826 de
606 1753 845 1843 Sohamotuli,
884 1754 1049 1826 Iacobum
1087 1753 1324 1846 Dambyenshi
1360 1754 1629 1846 subpincernam
1666 1754 1953 1842 Oraeouiensem,

392 1874 624 1948 Eustachium
661 1875 703 1948 de
736 1875 877 1967 Sprowa
907 1893 1110 1968 germanum
1138 1874 1306 1948 Iohannis
1339 1874 1593 1968 archiepiscopi
1624 1875 1858 1965 Gnesnensis,
1888 1875 1952 1947 Io·

391 1996 542 2068 hannem
569 1996 611 2068 de
639 1997 787 2068 Brnesne
802 1997 846 2086 1),
874 1997 1064 2069 Iohannem
1092 1995 1326 2088 Kobilyeushi
1353 1995 1548 2088 dapifemm
1576 1996 1858 2084 Craeoviensem,
1889 1997 1952 2068 Ia-

392 2116 516 2189 cobum
544 2116 759 2208 Slopoushi,
788 2117 980 2189 Iohannem
1006 2117 1150 2205 Gorshi,
1181 2117 1373 2191 Iohannem
1399 2117 1671 2210 Koscnyeleonhi
1686 2117 1729 2206 1),
1758 2117 1952 2190 Nicolaum

390 2241 427 2310 et
455 2235 645 2330 Sbigneum
672 2237 827 2330 Gnayhas
847 2238 889 2310 de
907 2237 1035 2326 Iauor,
1065 2238 1256 2311 Iohannem
1285 2237 1556 2331 Luhyosaoushi
1569 2237 1616 2328 11),
1646 2237 1837 2329 bosporum
1856 2239 1949 2310 hes-

392 2357 542 2446 otinshi,
576 2358 762 2431 ailbertum
795 2359 958 2431 Kosthha
990 2359 1033 2431 de
1065 2357 1299 2452 Posthupicne
1332 2364 1368 2432 et
1394 2359 1586 2432 Iohannem
1621 2359 1799 2456 Shawatha
1812 2357 1858 2448 1),
1887 2359 1949 2431 Io·

391 2479 542 2550 hannem
570 2479 686 2551 Kolda
714 2479 902 2570 Bohomos‚
939 2479 1127 2572 pluresque
1161 2479 1250 2553 alios
1278 2481 1442 2569 barones,
1470 2479 1643 2553 militares
1681 2483 1716 2552 et
1743 2478 1949 2552 adoloscen-

391 2606 446 2672 tes
474 2599 660 2693 ingenuos,
690 2620 837 2692 quornm
864 2599 957 2673 alius
985 2601 1135 2674 alterum
1155 2596 1199 2688 ¹⁰)
1227 2599 1265 2673 in
1292 2621 1467 2674 armorum
1495 2605 1530 2673 ot
1558 2599 1716 2693 equitum
1736 2619 1863 2692 genere
1879 2619 1946 2672 ex-

391 2722 517 2794 cellere
544 2721 786 2794 contendebat.
815 2721 977 2794 Habebat
1004 2727 1039 2795 et
1065 2721 1223 2814 peditum
1251 2722 1388 2816 aliquot
1406 2725 1556 2812 turmas,
1586 2721 1742 2814 quisuis
1761 2719 1948 2794 ordinibus

391 2843 523 2935 Regem
550 2842 786 2934 sequebantur
813 2841 954 2914 armati:
984 2842 1262 2935 aestimatusque
1289 2849 1343 2916 est
1370 2843 1447 2916 Rex
1468 2843 1513 2934 11)
1546 2865 1608 2917 sex
1636 2841 1752 2916 millia
1768 2841 1946 2936 gentium,

390 2967 463 3034 tam
490 2961 528 3034 in
554 2958 688 3054 pedite,
717 2981 821 3055 qnam
848 2963 1005 3055 equestri
1032 2963 1146 3037 milite
1173 2983 1291 3038 secum
1317 2963 1496 3037 habuisse.

447 3317 494 3390 Ιι
516 3322 625 3392 eramo
647 3320 849 3411 lenciburg
870 3319 998 3392 Polonlr
1020 3319 1144 3392 tradito
1166 3320 1320 3411 laglater
1342 3319 1490 3392 mutae
1512 3319 1669 3392 ntalem
1691 3322 1728 3392 at
1751 3320 1877 3392 aldana

1090 3441 1241 3514 decedi.

493 3691 677 3764 Adventus
704 3690 822 3783 regius
850 3691 887 3763 in
915 3689 1059 3764 Gdansh
1088 3688 1183 3763 sicut
1209 3710 1264 3763 res
1292 3689 1406 3782 Regni
1426 3689 1593 3762 Poloniae
1615 3688 1807 3781 plurimum
1826 3689 1943 3778 auxit,

390 3811 544 3886 firmavit
572 3815 606 3885 et
633 3812 801 3901 correxit,
830 3811 881 3884 ita
908 3810 1070 3903 Magistri
1097 3815 1132 3885 et
1159 3809 1413 3884 druoiferorum
1445 3814 1563 3902 partes
1594 3809 1787 3901 plurimum
1814 3809 1943 3882 debili·

389 3931 481 4006 tauit
508 3935 543 4005 et
570 3931 703 4005 infecit.
731 3931 823 4004 Nam
850 3932 1013 4024 ampliori
1040 3932 1162 4005 ardore
1190 3931 1464 4024 congerebantur
1495 3929 1663 4022 pecuniae
1689 3951 1751 4022 per
1778 3931 1942 4004 Gdanen·

389 4077 463 4143 ses,
500 4055 596 4148 Rege
632 4053 824 4147 instigante
852 4058 887 4127 et
914 4052 1142 4141 consiliariis,
1182 4053 1226 4124 ad
1258 4052 1466 4144 explendam
1498 4051 1675 4124 residuam
1714 4051 1941 4124 solutionem.

388 4177 538 4268 Propter
573 4175 667 4267 quod
698 4174 866 4246 Almanni
899 4179 933 4246 et
960 4173 1071 4266 aliqui
1100 4172 1263 4262 Bohemi,
1297 4173 1358 4264 qui
1385 4172 1545 4264 partibus
1573 4172 1735 4264 Magistri
1764 4173 1941 4260 favebant,

389 4297 432 4370 ad
459 4295 558 4369 dolos
591 4299 790 4370 recurrunt:
820 4299 855 4366 et
883 4293 1002 4366 Ulrioo
1036 4293 1236 4367 Gairuonka
1268 4297 1353 4365 tunc
1385 4293 1528 4366 absente
1556 4299 1591 4366 et
1618 4293 1710 4385 apud
1743 4293 1873 4387 Regem
1902 4292 1941 4366 in

389 4405 532 4492 Gdansh
560 4419 700 4510 agente,
731 4416 821 4487 facto
848 4415 886 4487 in
914 4414 1138 4507 Morienturg
1155 4435 1309 4503 rumore,
1338 4414 1447 4486 altine
1466 4419 1620 4487 castrum
1640 4411 1866 4506 Marienburg
1882 4432 1941 4486 oc·

388 4543 518 4630 cupant
546 4541 581 4610 et
607 4536 772 4628 redigunt
799 4535 836 4607 in
864 4555 963 4608 suam
990 4539 1217 4627 potestatem,
1247 4539 1444 4607 asserentes
1472 4555 1509 4607 se
1536 4533 1649 4627 pactis
1683 4535 1809 4607 fecisse
1837 4534 1940 4621 satie,

388 4665 423 4732 et
450 4659 581 4752 Regem
609 4658 647 4730 in
675 4655 849 4729 solutione
876 4677 939 4749 pro
967 4655 1159 4729 constituto
1188 4661 1342 4748 temporo
1369 4655 1554 4744 defecisse,
1584 4672 1647 4728 nee
1670 4656 1765 4728 velle
1785 4654 1939 4746 amplius

387 4779 525 4872 aliquas
562 4779 747 4852 concedere
784 4777 984 4850 dilationes.
1024 4777 1099 4868 Qua
1136 4776 1276 4870 quidem
1313 4777 1470 4851 novitate
1497 4783 1533 4850 et
1561 4777 1604 4850 ad
1630 4777 1869 4850 dairwonham
1901 4776 1939 4848 in

387 4901 545 4988 (idansh,
575 4905 610 4972 et
637 4899 680 4970 ad
708 4899 882 4971 Bohemos
900 4898 1131 4990 principales,
1160 4897 1221 4990 qui
1240 4903 1325 4971 tuno
1343 4897 1380 4970 in
1399 4898 1538 4971 Tsccou
1556 4899 1760 4986 manebant,
1788 4897 1937 4990 perlata,

494 5209 516 5290 ¹)
539 5209 684 5271 Sauleiaki
709 5203 785 5272 eod.
809 5205 877 5271 Le.
906 5207 930 5288 1)
953 5209 1093 5270 Ioannem
1115 5207 1153 5270 de
1175 5206 1340 5272 Krethkew
1361 5209 1566 5269 Bmestensem
1588 5207 1737 5285 palatinos
1759 5204 1821 5268 Ed.
1845 5204 1937 5290 Lipa.

387 5315 414 5394 ³)
437 5308 552 5376 theclan
573 5309 637 5376 Ed.
661 5309 752 5396 Lipa.
784 5309 810 5392 1)
835 5313 987 5374 Oreelaum
1016 5313 1143 5390 Woyeih
1168 5307 1243 5375 ooo.
1268 5309 1335 5375 Lis.
1368 5309 1393 5390 1)
1416 5314 1557 5372 Ioannem
1579 5317 1609 5372 et
1630 5313 1771 5372 Ioannem
1794 5309 1937 5372 sclusas

386 5413 450 5480 Ed.
475 5401 567 5500 [ipa.
591 5407 619 5494 ⁸)
641 5417 762 5478 Bneaie
786 5411 863 5479 Oea.
887 5414 954 5477 La.
980 5413 1007 5495 1)
1029 5417 1218 5478 Kosoieleohi
1242 5411 1319 5479 oon.
1342 5413 1411 5478 Lis.
1443 5415 1735 5495 ⁸)Iayubiessorrski
1758 5411 1819 5477 Ed.
1843 5411 1934 5496 Lrpa.

386 5521 412 5604 1)
435 5521 577 5583 Slawiala
601 5515 677 5586 0οὰ.
701 5517 770 5583 Lis.
799 5516 840 5608 ¹⁰)
864 5521 954 5582 allam
976 5515 1040 5583 Ed.
1063 5517 1154 5604 hapa.
1183 5517 1222 5601 ¹¹)
1239 5519 1309 5582 ‘Rex
1331 5519 1493 5582 cesimum
1515 5512 1579 5582 Ed.
1602 5512 1693 5602 Lipa.
