4090 6290
151 507 218 605 (Α.
238 507 283 581 Ι).
304 505 431 606 tore.)
665 529 779 584 66666
805 529 1050 584 6666666666
1078 513 1192 602 (666).
1593 585 1602 601 ,
1627 506 1699 584 681

152 714 371 788 consiliarios
404 714 576 800 mitteret,
613 735 689 787 sero
724 715 808 787 iacti
836 715 892 788 sui
919 719 954 788 61
981 714 1158 788 stultitiae
1185 714 1355 808 Magister
1380 715 1546 790 Pressiae
1574 717 1700 791 61111-

153 837 271 908 eelaus
299 837 443 927 Tungen
470 835 671 927 poenitens,
700 856 846 928 seroque
874 855 911 909 se
939 837 1072 928 aRege
1099 835 1301 928 Huugariee
1322 837 1349 926 ι)
1377 836 1595 911 1611166166
1623 859 1700 931 per·

154 957 324 1048 pendens,
359 955 511 1029 Sabbata
543 960 625 1047 post
657 955 805 1028 Octaras
838 956 999 1048 Corporis
1031 956 1178 1046 Christi,
1212 963 1292 1048 post
1328 958 1468 1050 longam
1505 981 1635 1032 moram
1668 959 1704 1032 in

155 1075 293 1148 Siradia
320 1077 452 1148 frustra
478 1076 649 1164 habitam,
679 1081 826 1167 uterque
854 1077 898 1148 ad
925 1077 1145 1148 Keaimirum
1173 1076 1339 1150 Poloniae
1367 1078 1499 1170 Regem
1522 1078 1703 1171 1616616-

153 1195 293 1268 hovium
320 1196 477 1270 advenit:
507 1197 639 1288 Regem
666 1195 879 1286 Poloniae²)
908 1218 972 1268 sua
997 1197 1123 1289 grandi
1150 1196 1339 1288 iniquitate
1367 1204 1402 1270 et
1430 1200 1534 1291 eulpa
1560 1199 1702 1288 iratum,

155 1315 388 1388 consiliaturi.
417 1319 596 1409 Frequens
626 1323 709 1390 1666
737 1338 902 1391 numerus
930 1317 1022 1390 cirea
1040 1317 1207 1390 Poloniae
1226 1318 1357 1410 Regem
1377 1319 1596 1392 Kaaimirum
1621 1341 1701 1393 666·

155 1436 368 1510 siliariorum
396 1437 510 1530 Regni
537 1437 704 1510 Poloniae
732 1445 822 1527 erat,
856 1437 1023 1510 uidelicet
1054 1435 1202 1510 Iacobus
1231 1438 1445 1512 Onesnensis
1473 1441 1704 1532 archiepisco·

155 1579 238 1651 pus,
271 1558 447 1631 Iohannes
479 1557 723 1631 Raeschouski
755 1557 1010 1646 Oraooriensis,
1045 1556 1217 1650 Sbigneus
1251 1559 1576 1650 Whadislavieusis,
1606 1561 1707 1634 Uriel

156 1680 289 1752 6166166
309 1682 343 1750 61
362 1680 585 1751 confirmatus
609 1678 874 1767 Pesnaniensis‚
895 1677 1064 1750 Nieelaus
1083 1677 1417 1770 Kamyeneoaensis,
1446 1680 1618 1773 episcopi,
1647 1682 1704 1754 Ia·

157 1800 263 1872 66166
291 1799 333 1872 16
360 1798 516 1871 1166166
550 1799 764 1872 66616116666
796 1805 831 1872 61
859 1798 1063 1890 capitaneus
1096 1797 1349 1892 Oraoouiensis,
1383 1800 1535 1874 Mathias
1564 1802 1606 1875 16
1633 1802 1705 1874 Μο-

157 1917 304 2010 661163)
331 1919 510 2010 palatinus
540 1926 575 1992 et
602 1920 805 2011 capitaneus
832 1918 1100 2008 Pesnaniensis‚
1130 1919 1304 1994 Iohannes
1325 1922 1367 1994 de
1386 1923 1555 1994 Tharnen
1575 1922 1706 1995 Sando-

158 2040 351 2129 miriensis‚
373 2039 522 2131 86111616
538 2041 580 2114 16
595 2041 761 2112 Iaroslau
776 2040 1034 2132 Leopoliensis,
1054 2040 1452 2132 1616666616666164)
1472 2042 1708 2132 Oalissiensis,

157 2161 327 2234 Nieelaus
354 2161 397 2233 do
423 2161 570 2233 Kathno
598 2160 854 2250 hanoniensis,
883 2161 1058 2234 Iohannes
1084 2159 1316 2234 Odrouausoh
1334 2162 1516 2252 Podoliae,
1545 2163 1707 2254 palatini,

158 2282 333 2354 Iohannes
362 2280 404 2353 de
433 2281 601 2354 Tharnen
620 2281 882 2373 Woynicensis,
911 2281 1086 2354 Iohannes
1105 2282 1146 2354 de
1166 2279 1332 2376 Ostrorog
1350 2284 1617 2372 Pesnaniensis‚
1638 2284 1706 2356 Do·

158 2403 299 2476 heslans
332 2401 374 2474 16
406 2401 640 2474 Κ666666611
676 2401 948 2494 Respergensis,
985 2402 1144 2475 Andreas
1177 2404 1218 2476 de
1250 2404 1427 2477 Thanenin
1463 2405 1708 2494 Sandeoensis,

159 2524 333 2597 Iohannes
370 2521 412 2594 de
439 2522 559 2594 Pileaa
591 2523 817 2615 Bpeeuensis,
852 2523 1051 2596 Stanislans
1083 2523 1125 2596 (16
1158 2524 1414 2617 Sohidlowpeon
1449 2525 1708 2614 Radomiensis‚

160 2641 361 2731 castellani,
391 2643 549 2735 Raphael
576 2643 801 2716 Iaroslawski
817 2643 847 2734 ⁵)
874 2644 1083 2734 marsaious,
1112 2644 1245 2716 Parius
1264 2645 1598 2736 rieethesanrarius,
1629 2646 1706 2719 816·

160 2765 296 2838 6161666
324 2764 366 2836 16
394 2763 627 2836 Knrosrranhi
654 2763 963 2838 vicecancellarius
991 2763 1106 2857 Regni
1124 2763 1307 2855 Poloniae,
1336 2770 1371 2838 61
1389 2767 1508 2858 plnres
1537 2767 1611 2840 alii.
1639 2766 1708 2838 Va·

161 2886 288 2962 661661
314 2884 406 2958 enirn
434 2890 518 2962 1666
544 2885 664 2977 plures
692 2885 900 2977 dignitates,
938 2890 974 2958 et
1001 2885 1187 2976 sperabant
1220 2885 1324 2958 66111
1351 2887 1495 2960 alt-iores
1523 2886 1709 2980 magistra·

143 3021 220 3090 'tus
255 3031 291 3084 se
323 3012 407 3079 tuno
439 3010 698 3079 consecuturos.
732 3004 909 3079 Venerant
941 3005 1046 3078 etiam
1078 3005 1267 3094 militares,
1300 3007 1466 3098 palatini,
1499 3007 1647 3080 barones
1676 3011 1712 3081 et

163 3137 257 3209 eires
286 3128 468 3216 Pressiae,
499 3148 645 3218 quorum
672 3125 879 3218 principalis
908 3129 982 3200 erat
1009 3126 1194 3216 Nieelaus,
1223 3128 1318 3200 filius
1347 3127 1493 3201 Stihorii
1512 3128 1554 3200 de
1572 3129 1712 3220 Bapsen

162 3252 313 3351 palatini
340 3247 676 3340 Marienhnrgensis,
705 3252 740 3320 et
767 3246 928 3339 magistri
955 3246 1139 3318 ciuitatum
1167 3249 1323 3338 Thornn,
1353 3248 1483 3340 Elhing
1502 3253 1536 3320 61
1555 3247 1710 3321 Gdanslr.

163 3380 210 3451 Mt
238 3372 398 3467 qrramuis
427 3391 489 3444 666
517 3367 742 3442 1611666116
775 3367 866 3440 rarii
898 3373 1071 3440 tractatus
1097 3388 1159 3459 pro
1185 3369 1470 3442 reconciliatione
1503 3369 1665 3461 Magistri
1680 3369 1711 3458 ⁰)

164 3509 199 3572 et
226 3495 367 3570 Ordinis
395 3492 545 3564 fuissent
573 3488 789 3580 interpositi,
817 3490 917 3560 nulla
944 3493 1060 3561 tamen
1088 3488 1265 3560 conclusio
1298 3492 1422 3562 6111666
1450 3495 1484 3563 61
1511 3489 1629 3562 finalis
1658 3510 1711 3562 se·

165 3619 226 3711 qui
252 3618 404 3708 poterat:
434 3610 618 3684 temeraria
646 3615 681 3682 et
709 3631 799 3682 rana
827 3630 888 3701 spe
915 3609 1123 3701 Magistrum
1143 3618 1177 3680 ot
1196 3608 1359 3682 Ordinem
1387 3611 1579 3698 mulcente,
1609 3631 1713 3701 quam

165 3739 222 3812 illi
258 3737 381 3809 literae
415 3737 449 3806 61
481 3731 598 3804 666111
625 3729 733 3824 Regis
760 3729 963 3822 Huugariee
992 3729 1145 3801 11611166
1173 3728 1377 3818 offerebant,
1408 3730 1509 3822 qnasi
1533 3731 1711 3822 externplo

166 3857 414 3932 ambasiatores
430 3855 460 3943 7)
489 3857 524 3925 61
551 3849 745 3924 consiliarii
771 3850 880 3942 Regis
907 3849 1110 3942 Huugariee
1138 3849 1339 3940 adventuri,
1372 3851 1557 3924 dissidium
1585 3850 1711 3925 16166·

165 3985 246 4056 6661
277 3977 416 4063 tollere,
451 3978 485 4046 et
517 3993 557 4045 ea
588 3971 785 4044 conditione
818 3969 1044 4062 interposita,
1077 3974 1118 4042 61
1146 3971 1347 4064 Huugariee
1374 3970 1511 4062 Rex8),
1545 3971 1712 4060 Moraria,

167 4101 281 4176 816616
309 4102 343 4171 61
369 4094 533 4184 Lusatia,
562 4093 653 4186 Regi
680 4090 913 4182 Β61661669)
941 4090 1134 4184 resignata,
1163 4092 1273 4165 libere
1299 4090 1519 4164 Karimirum
1546 4091 1715 4164 Poloniae

167 4226 298 4316 Regem
331 4219 373 4291 61
405 4215 596 4290 66166166
624 4214 665 4286 16
694 4212 854 4286 6661166
887 4213 991 4285 terris
1023 4213 1205 4302 Pressiae,
1240 4213 1344 4286 etde
1371 4212 1465 4284 omni
1501 4211 1716 4285 subiectione

167 4341 329 4439 Magistri
357 4344 392 4412 61
419 4335 576 4424 Ordinis,
605 4338 725 4427 posset
752 4337 786 4406 et
813 4333 954 4406 deberet
981 4337 1173 4423 coarctare,
1201 4333 1409 4426 Magistrum
1438 4353 1574 4425 qnoque
1599 4337 1634 4407 et
1652 4331 1714 4405 Or·

167 4471 283 4543 dinem
316 4461 587 4545 Oruciferorum,
620 4461 655 4529 et
682 4455 719 4527 in
746 4455 897 4546 priscam
930 4455 1129 4528 libertatern
1162 4459 1197 4527 et
1229 4460 1377 4544 statum,
1411 4458 1446 4527 et
1473 4453 1510 4525 iu
1536 4453 1717 4545 pacificam

167 4587 422 4685 possessionem
455 4578 609 4652 omnium
640 4581 812 4650 terrarum
846 4576 967 4669 Regno
1000 4575 1167 4650 Poloniae
1193 4575 1389 4664 unitarum,
1423 4575 1597 4647 reducere.
1631 4574 1717 4646 Tam

167 4732 294 4786 ranam
323 4709 439 4780 autem
467 4705 502 4776 61
529 4700 675 4774 deliram
708 4719 805 4791 spem
837 4697 999 4792 Magistri
1027 4701 1062 4771 61
1089 4693 1229 4770 Ordinis
1256 4696 1341 4770 licet
1369 4695 1502 4790 singuli
1532 4693 1719 4770 irriderent

169 4901 582 4923 *μω-ω

279 5020 302 5102 ¹)
326 5041 346 5084 a
366 5016 479 5082 Mathia
501 5017 673 5095 Huugariee
694 5010 777 5092 Rege
800 5005 864 5077 Ed.
888 5005 983 5096 Lips.
1008 5008 1032 5093 ²)
1055 5009 1166 5089 Regem
1188 5009 1329 5072 Poloniae
1352 5006 1526 5070 Oasimirnm
1549 5000 1611 5068 Ea.
1628 5001 1719 5088 Lips.

171 5125 435 5209 ἔ1)(16116661166
466 5119 542 5186 Coei.
572 5119 681 5182 Przea.
714 5121 751 5180 de
781 5119 920 5178 Dmossin
947 5115 1125 5198 Eerr'pe.
1157 5113 1183 5193 ⁴)
1212 5115 1355 5175 Zaremba
1378 5109 1441 5173 Ed.
1465 5107 1559 5191 Lips.
1591 5107 1616 5189 ⁵)
1640 5110 1720 5169 laro-

170 5229 291 5294 slawski
322 5228 407 5292 docet
436 5227 473 5290 ia
505 5221 581 5288 0661.
614 5218 702 5286 Colo.
735 5221 760 5301 6)
791 5223 930 5282 Proseiae
960 5221 1096 5297 Magistri
1126 5216 1189 5280 Ed.
1220 5216 1309 5300 Lipe.
1342 5216 1368 5296 ⁷)
1394 5215 1501 5292 Legati
1531 5210 1594 5276 Ed.
1625 5210 1720 5296 1666.

173 5335 199 5417 ⁸)
222 5333 351 5398 Mathiae
373 5331 544 5410 Huugariee
566 5329 630 5390 Rex
652 5323 716 5390 Ed.
739 5322 830 5410 Lips.
854 5323 880 5407 ⁹)
904 5325 1069 5386 Wladislao
1092 5323 1167 5400 Regi
1188 5321 1347 5383 Behemiae
1370 5315 1435 5381 Ed.
1458 5314 1551 5402 Lipc.
