4126 6280
409 517 484 590 256
918 541 1030 595 61666
1056 543 1301 598 6666666166
1329 528 1443 616 (116).
1678 523 1745 624 (Α.
1766 525 1813 598 D.
1833 525 1961 624 1457.)

407 723 450 796 16
477 723 721 814 Knrndorff1),
751 725 926 819 terrigena
952 728 994 800 de
1023 732 1115 802 terra
1143 730 1406 820 Wschoviensi,
1445 731 1614 804 dedomo
1642 731 1844 818 Kothvicn,
1874 755 1960 805 auro

407 864 469 934 per
495 844 716 935 capitaneum
750 845 818 918 1661
852 846 992 938 Gnyev,
1027 849 1128 922 Fricr
1163 857 1324 923 vocatum
1353 856 1409 941 (nt
1436 853 1622 942 asseritur)
1651 859 1855 944 corruptuS,
1885 875 1960 926 cae·

407 962 493 1034 teris
519 966 715 1056 persuasis,
745 967 874 1040 effecit:
903 973 1045 1060 propter
1072 971 1164 1060 quod
1191 971 1329 1044 decreto
1357 973 1465 1064 Regis
1489 977 1524 1044 et
1542 972 1709 1044 baronum
1731 973 1846 1064 capite
1865 975 1960 1044 darn-

407 1087 512 1156 natus
549 1085 699 1159 interiit.
741 1087 995 1160 Dobrainenses
1029 1110 1167 1181 qnoque
1203 1091 1353 1180 milites,
1393 1093 1475 1163 dum
1507 1113 1585 1164 cnm
1621 1093 1783 1165 hostibus
1817 1113 1962 1165 numero

408 1203 636 1297 octingentis
665 1207 869 1280 exercitatis
897 1213 932 1280 et
959 1230 1055 1280 arma
1081 1211 1319 1301 portantibus,
1349 1212 1581 1285 vastationem
1609 1219 1721 1286 terrae
1745 1214 1961 1286 Dobrninen-

410 1321 459 1394 sis
486 1325 670 1415 prohibere
698 1329 873 1416 volentes,
910 1329 1014 1420 pauci
1050 1351 1128 1402 cum
1166 1331 1289 1403 multis
1327 1335 1443 1421 (erant
1475 1333 1568 1404 enim
1605 1333 1846 1405 tantummodo
1876 1354 1960 1424 qua·

408 1442 596 1540 dringenti,
625 1447 718 1520 inter
745 1469 832 1540 quos
860 1448 970 1520 maior
996 1471 1077 1540 pars
1106 1451 1313 1543 agrestium)
1341 1452 1549 1545 confligunt,
1579 1453 1786 1540 vincuntur,
1816 1461 1853 1524 et
1881 1455 1960 1543 plu·

408 1590 464 1642 res
492 1573 553 1641 aut
580 1567 786 1640 occiduntur
818 1573 879 1640 aut
911 1570 1150 1661 captiventur,
1184 1577 1218 1643 et
1246 1577 1338 1644 terra
1371 1573 1619 1646 Dobrninensis
1652 1574 1695 1645 ab
1722 1573 1889 1645 hostibus
1918 1594 1960 1645 eu

408 1689 596 1781 Dryaldov
614 1688 905 1761 descendentibus
925 1690 1113 1762 subiicitur
1136 1691 1264 1782 partim
1283 1691 1471 1782 incendiis,
1500 1693 1628 1784 partim
1647 1694 1833 1786 homagiis.
1856 1695 1960 1764 Alius

410 1829 548 1901 quoqne
575 1808 750 1881 exercitus
778 1809 895 1901 regins
924 1831 967 1883 ex
996 1811 1161 1884 Bohemis
1190 1812 1429 1904 stipendiariis
1457 1819 1704 1906 congregatus,
1734 1815 1872 1886 solvere
1899 1836 1959 1886 re·

409 1931 487 2004 lens
515 1927 635 2020 oppidi
662 1928 850 2020 Sepelben‚
880 1929 917 2000 in
944 1930 1104 2022 partibus
1123 1931 1347 2004 inferioribus
1363 1929 1394 2021 ²)
1422 1933 1500 2020 siti,
1529 1934 1760 2022 obsidionem,
1790 1955 1871 2006 cum
1896 1935 1957 2006 ho-

410 2050 524 2123 stibus
551 2049 756 2142 conhigens,
785 2051 928 2123 eandem
958 2053 1131 2124 fortunam
1159 2056 1326 2144 expertus
1354 2053 1555 2140 succubuit,
1575 2059 1610 2126 et
1628 2055 1763 2145 aliquot
1782 2055 1958 2126 notabiles

318 2251 321 2256 ,
411 2169 557 2243 Bohemi
585 2169 692 2262 capti.

409 2526 644 2618 lenonium,
669 2526 817 2600 11161666
841 2531 876 2600 61
899 2525 1022 2600 (illave
1044 2526 1171 2619 oppidis
1194 2547 1250 2618 per
1267 2471 1488 2618 proditionem
1516 2529 1660 2614 161616,
1687 2527 1963 2600 1666116116

475 2650 659 2722 1611611116
681 2650 842 2722 1661666
864 2650 947 2721 beno
970 2652 1164 2722 armatorum
1188 2667 1230 2720 ox
1252 2649 1360 2722 161611
1387 2650 1517 2721 1616616
1539 2651 1574 2720 16
1596 2649 1757 2720 rursiam
1778 2650 1897 2720 mittit.

514 2896 582 2970 His
610 2897 832 2970 successibus
856 2897 939 2968 dum
963 2897 1123 2970 hostibus
1151 2897 1289 2970 animus
1317 2897 1522 2989 praesertim
1541 2896 1637 2990 regio
1656 2896 1816 2970 discessu
1836 2901 1962 2970 unctus

410 3023 518 3107 esset,
548 3020 729 3110 depresses
758 3017 897 3110 erigunt
921 3017 1070 3105 animos,
1100 3022 1135 3090 61
1154 3018 1197 3088 61
1216 3018 1451 3109 occupandum
1473 3023 1625 3088 castrum
1645 3023 1680 3089 et
1699 3017 1868 3108 oppidum
1887 3019 1960 3090 lla·

408 3139 575 3231 nienburg
602 3158 720 3211 omnes
749 3141 894 3209 conatus
922 3142 957 3210 61
986 3137 1103 3209 studia
1134 3143 1361 3226 convertunt,
1394 3137 1629 3209 invitantibus
1658 3143 1693 3210 et
1720 3137 1961 3210 animantibus

409 3259 453 3332 ad
480 3259 546 3332 166
577 3259 659 3331 illos
692 3256 931 3349 proditoribus
963 3257 1143 3328 nonnullis
1177 3257 1378 3349 terrigenis,
1412 3257 1472 3348 qui
1505 3257 1541 3328 in
1574 3263 1688 3330 castro
1720 3259 1960 3344 morabantur,

411 3387 446 3452 et
473 3378 610 3452 civibus
643 3376 1028 3470 MarienburgeneihuS,
1066 3377 1193 3468 quibus
1227 3379 1305 3450 Rex
1321 3375 1351 3466 ³)
1385 3377 1420 3448 in
1453 3377 1614 3469 ingressu
1647 3399 1709 3450 suo
1743 3378 1961 3450 161161166-

409 3498 515 3591 burg,
544 3495 1095 3584 1166166611611661116666666,
1126 3501 1349 3588 caeteraeque
1373 3497 1766 3586 6111161666666166661,
1796 3499 1961 3590 precibus

409 3618 524 3692 Ulrici
560 3617 760 3691 Gnirvvonka
797 3616 973 3705 devictus,
1011 3637 1053 3689 ne
1081 3617 1255 3689 1616116611
1283 3630 1344 3688 661
1372 3617 1510 3691 exiliati
1538 3617 1705 3707 tuissent,
1744 3625 1960 3711 pepercerat.

409 3739 536 3831 Itaque
564 3737 649 3810 feria
676 3737 814 3829 quinta,
845 3736 964 3809 Sancti
993 3737 1174 3810 Michaelis
1202 3737 1273 3826 die,
1304 3727 1526 3810 Bernhardue
1554 3737 1805 3811 Schnmborski
1829 3741 1874 3810 ad
1900 3762 1960 3829 op-

409 3859 531 3952 pidum
558 3857 782 3950 Marienburg
808 3863 909 3930 nocte
937 3857 1097 3946 veniens,
1127 3879 1148 3930 a
1174 3857 1411 3948 proditoribus
1434 3857 1676 3947 intromissus
1705 3879 1824 3931 omnes
1845 3863 1961 3931 turres

411 3985 446 4052 61
473 3978 687 4052 munitiones
715 3977 872 4050 civitatis
901 3977 937 4048 in
966 3999 1064 4050 suam
1091 3978 1219 4070 redigit
1246 3982 1471 4069 potestatem,
1500 3978 1784 4069 praesidiumque
1804 3978 1959 4049 militnm
2059 4003 2060 4062 1

409 4098 583 4192 regiorum
610 4098 647 4170 in
674 4097 776 4172 lectis
805 4097 1102 4186 decumbentium,
1131 4095 1290 4190 nihilque
1309 4099 1426 4171 minus
1446 4120 1548 4190 quam
1567 4097 1797 4189 irruptionem
1816 4097 1960 4169 illorum
2059 4185 2060 4196 2

412 4218 624 4306 verentium,
653 4221 715 4290 661
742 4216 913 4308 captivat,
946 4222 1008 4288 aut
1036 4219 1231 4291 obtruncat.
1266 4218 1438 4290 Nonnulli
1470 4218 1666 4310 proditione
1693 4223 1887 4308 comperte,
1918 4217 1959 4288 ad
2059 4291 2060 4296 ,

409 4343 562 4412 oestrum
589 4337 819 4430 refugientes,
848 4337 1009 4410 Ulricum
1037 4338 1271 4411 0611666166
1300 4343 1334 4411 61
1362 4361 1437 4427 eos,
1466 4337 1591 4428 quiin
1619 4341 1734 4408 castro
1762 4342 1880 4424 erent,
1911 4339 1959 4408 fa·
2058 4415 2060 4428 ,

411 4459 508 4532 ciunt
536 4459 577 4532 16
605 4457 815 4530 1161166616
848 4457 1020 4530 avisotos:
1054 4481 1121 4549 quo
1151 4458 1311 4532 effectum
1339 4463 1409 4546 est,
1438 4463 1478 4528 61
1506 4459 1704 4546 otherlee,
1736 4457 1797 4548 qni
1825 4457 1896 4530 iam
1925 4459 1959 4529 in

411 4581 543 4652 fossata
574 4583 726 4650 castrum
755 4577 797 4649 ab
822 4577 947 4668 oppido
975 4577 1185 4668 dividentia,
1223 4579 1437 4669 irruperant,
1473 4577 1649 4668 lapidibus
1678 4578 1811 4666 obruti,
1841 4579 1956 4669 depel-

410 4701 581 4786 lerentur,
615 4711 650 4770 et
682 4696 919 4789 proditoribus
954 4697 1155 4789 terrigenis
1190 4699 1250 4788 qni
1278 4697 1314 4769 in
1341 4703 1455 4770 castro
1488 4697 1729 4785 morabantur,
1763 4698 1877 4769 omnis
1912 4700 1958 4769 16-

410 4820 525 4894 cultas
552 4819 594 4890 do
621 4817 858 4909 adimplendo,
889 4817 978 4908 quod
999 4823 1243 4909 conceperant,
1271 4819 1443 4908 adempta.
1473 4817 1538 4890 Die
1556 4817 1800 4906 illucescente,
1829 4825 1866 4890 61
1883 4839 1958 4890 cae·

410 4940 497 5014 teris
526 4937 822 5030 subsequentibus
850 4936 990 5026 diebus,
1026 4937 1155 5010 ictibus
1182 4938 1447 5010 bombardorum
1479 4937 1645 5028 oppidum
1672 4937 1900 5029 Morienborg
1926 4947 1958 5010 61

409 5081 528 5133 omnes
555 5057 656 5131 illius
683 5058 837 5149 plateae,
866 5059 950 5130 adeo
979 5079 1185 5130 concussum
1213 5063 1281 5146 est,
1310 5063 1351 5129 ut
1378 5078 1478 5129 nemo
1505 5063 1624 5150 posset
1648 5057 1797 5130 innocue
1824 5058 1862 5132 in
1889 5059 1954 5129 cir·

519 5333 543 5413 ¹)
566 5333 691 5394 Oromno
721 5333 759 5392 de
781 5333 941 5392 Ruszdorff
967 5329 1029 5392 Ed.
1053 5329 1145 5415 Lipo.
1181 5329 1204 5412 ¹)
1228 5332 1428 5409 superioribus
1452 5327 1514 5393 Ed.
1541 5327 1628 5411 Lipe.
1660 5329 1687 5409 ³)
1712 5331 1875 5394 Oeeimirus
1896 5334 1957 5393 Rex

411 5433 474 5500 Ed.
498 5432 587 5520 Lips.
