4082 6284
108 549 181 654 (Α.
201 553 248 632 D.
268 551 397 652 lm.)
629 576 744 642 111an
769 577 1014 628 nuonucruus
1041 555 1155 648 (arn).
1589 551 1660 621 277

111 764 206 836 festo
235 762 357 836 Sancti
382 761 528 836 Martini
554 761 728 855 promissa
753 761 933 837 obveniret
960 761 1107 852 solutio,
1136 781 1225 855 quae
1252 764 1287 834 et
1316 765 1399 832 tuuc
1426 757 1529 830 iuxta
1547 778 1663 852 repro·

110 884 265 962 missurn
293 885 435 962 inerunt
462 883 538 962 illis
564 885 755 980 persoluta.

110 1245 250 1334 legatio
271 1244 370 1335 Regis
391 1245 561 1317 retenire
583 1243 709 1334 Georgii
732 1243 774 1316 ad
796 1242 989 1316 [erinitum
1011 1243 1130 1332 llegen
1151 1242 1185 1314 in
1207 1239 1342 1330 negotio
1365 1238 1559 1311 succedendi
1579 1237 1666 1310 deiu-

109 1383 194 1454 ceps
207 1365 242 1437 ir
257 1365 367 1456 ltegno
390 1367 559 1464 llotenlre
581 1366 696 1456 stirpis
718 1365 886 1451 denunti,
914 1368 949 1437 ot
972 1363 1127 1454 obligatio
1151 1361 1296 1435 eiusdem
1318 1359 1444 1453 Georgii
1467 1360 1508 1431 ad
1531 1358 1667 1434 terenda

735 1486 859 1558 surdis
881 1485 1052 1558 kazimiro.

224 1736 352 1808 lentae
379 1735 523 1827 iusuper
549 1739 633 1808 suut
659 1755 722 1827 pro
750 1737 839 1808 testo
868 1735 988 1810 Sancti
1016 1735 1177 1812 Andreae
1202 1734 1435 1827 particulares
1465 1731 1666 1806 conventic-

111 1877 196 1944 neS,
225 1857 320 1949 Rege
340 1857 367 1945 ¹)
395 1856 538 1929 absente
565 1861 600 1928 et
628 1855 812 1930 Gracoviae
839 1861 978 1949 ugente:
1009 1855 1046 1928 iu
1074 1855 1201 1948 quibus
1230 1856 1265 1928 id
1293 1855 1443 1947 primum
1471 1855 1508 1927 in
1535 1854 1666 1928 delibe-

111 1976 288 2050 rationem
315 1977 524 2068 pouebotur‚
552 1998 595 2051 ne
622 1977 794 2052 militares
822 1978 952 2051 crebris
980 1976 1263 2069 expeditionibus
1291 1980 1326 2049 et
1355 1975 1549 2070 suffragiis,
1579 1995 1668 2066 quae

113 2119 162 2170 cx
192 2097 266 2170 suis
293 2097 497 2172 introitibus
524 2119 586 2190 pro
614 2120 652 2171 re
678 2097 822 2190 publica
849 2100 1004 2172 conferre
1032 2098 1261 2191 cogebantur,
1281 2096 1422 2190 penitus
1443 2095 1668 2170 exhauriren-

113 2223 190 2290 tur.
220 2217 424 2292 Adveniunt
443 2224 478 2291 et
496 2223 580 2292 tnnc
598 2219 768 2295 Albertus
788 2220 951 2292 Kosthko
979 2223 1014 2292 et
1037 2219 1174 2292 Bocuek
1193 2218 1377 2306 Pollione,
1397 2239 1418 2290 a·
1436 2216 1622 2290 Giraikone
1637 2213 1669 2304 2)

114 2341 216 2432 Rege
243 2339 431 2412 Bohemiae
459 2338 574 2428 missi,
604 2345 639 2412 et
661 2339 840 2412 Karimiro
859 2339 1026 2412 Poloniae
1045 2338 1136 2432 Regi
1154 2339 1364 2432 legationem
1384 2343 1580 2430 exponunt,
1609 2319 1667 2409 cu-

114 2458 177 2530 ius
204 2461 289 2532 haec
317 2480 452 2532 summu
479 2459 563 2532 ruit
587 2459 741 2532 Novisse
759 2459 981 2533 Giruikonem
997 2457 1028 2549 3)
1057 2464 1091 2532 et
1118 2480 1237 2546 nosse,
1267 2459 1310 2530 ad
1330 2458 1547 2532 Kauimirum
1565 2458 1667 2530 Polo-

115 2580 200 2652 niae
227 2581 374 2673 Regem,
402 2581 604 2672 prolemque
623 2601 738 2669 suam,
766 2585 847 2673 post
866 2586 1012 2654 mortem
1031 2580 1205 2668 Ludisloi,
1226 2579 1413 2652 Behemiae
1432 2580 1592 2671 Regnum
1612 2599 1664 2650 rs·

115 2700 265 2786 cidisse,
295 2707 329 2774 et
357 2701 495 2774 tandem
523 2722 566 2774 ex
595 2707 705 2777 morte
732 2701 977 2806 Giruikcuis4)
1006 2701 1260 2775 devolvendum
1289 2703 1376 2788 fore3
1404 2700 1563 2792 posuisse
1583 2722 1667 2791 quo·

117 2843 190 2913 que
222 2821 490 2910 Giruikouem5)
524 2822 695 2910 ordinem,
727 2827 768 2896 nt
796 2843 840 2895 ex
868 2821 954 2896 tiliis
987 2822 1078 2910 suis,
1112 2821 1182 2894 iam
1213 2827 1396 2914 propterea
1427 2820 1668 2912 emancipatis,

116 2963 223 3014 nemo
249 2941 318 3014 sibi
345 2941 382 3014 in
400 2942 521 3034 Regno
542 2942 729 3014 Bohemiae
748 2943 926 3030 succedat,
948 2942 1009 3016 sed
1028 2941 1210 3016 Kauimiro
1229 2941 1396 3014 Polouiae
1416 2941 1505 3034 Regi
1524 2947 1558 3014 et
1577 2940 1670 3032 proli

118 3083 207 3135 suae
234 3065 392 3136 servetur
419 3063 591 3154 Regnum
620 3062 701 3134 Neu
728 3063 888 3155 ignorare
914 3063 1060 3155 iusuper
1087 3062 1310 3136 Girnilrouem
1325 3061 1368 3150 θ),
1403 3083 1439 3134 se
1468 3061 1590 3153 stirpis
1617 3081 1669 3132 re·
1706 3145 1709 3151 ἢ

117 3184 203 3276 giae
229 3204 297 3254 nen
326 3203 417 3270 esse,
456 3204 568 3274 neque
603 3183 702 3254 illam
739 3184 831 3256 velle
858 3183 1058 3271 vendicare3
1095 3183 1220 3275 quodsi
1252 3181 1411 3254 diadema
1438 3182 1570 3273 imponi
1602 3181 1671 3254 sibi

117 3302 337 3396 permiserit,
365 3303 456 3376 bono
483 3302 597 3376 animo
626 3309 662 3376 et
688 3308 866 3396 respectu,
894 3305 1063 3376 baronum
1084 3303 1273 3377 Bohemiae
1292 3303 1407 3376 victus
1427 3302 1605 3393 precibus,
1634 3301 1670 3374 id

121 3425 260 3498 fecisse.
290 3423 411 3512 Orare,
440 3428 481 3495 ut
507 3445 624 3498 secum
652 3423 762 3498 amico
790 3446 884 3498 more
902 3424 1104 3498 Keaimirus
1123 3425 1290 3498 Poloniao
1308 3425 1386 3497 Rex
1406 3424 1519 3510 vivet,
1545 3429 1580 3496 et
1599 3445 1669 3494 ma·

118 3545 179 3638 gis
206 3544 308 3616 illum
336 3544 529 3616 adiutorem
556 3565 671 3618 rerum
690 3566 848 3634 suarum,
878 3567 981 3636 quam
1004 3547 1140 3618 hostem
1160 3547 1234 3617 sola
1251 3545 1497 3618 benevolentia
1516 3543 1669 3616 efficis:

120 3665 286 3738 omnibns
314 3665 406 3737 enim
435 3665 562 3756 copiis,
596 3665 816 3756 viribusque,
850 3665 983 3738 iturum
1016 3665 1120 3738 illum
1151 3664 1382 3757 personaliter
1409 3664 1607 3750 hassiam,
1636 3671 1672 3734 st

120 3785 345 3874 adnisurum,
374 3791 414 3856 ut
442 3784 614 3877 integram
641 3785 890 3878 pacificamque
907 3786 1164 3877 possessionem
1183 3785 1299 3873 illius,
1330 3783 1573 3857 exterminatis
1592 3783 1672 3856 iude

121 3905 328 3993 cruciferis,
363 3906 441 3978 Rex
468 3905 671 3978 Karimirus
698 3907 842 3994 habeat;
876 3907 936 3980 sed
963 3912 999 3980 et
1027 3906 1161 3980 Siesias
1193 3905 1378 3978 latrocinia
1405 3905 1671 3996 castigatorum,

120 4031 165 4098 ut
191 4047 236 4098 ne
262 4025 407 4097 minima
434 4023 565 4098 offense
592 4026 712 4118 Regno
740 4027 906 4099 Polouiae
925 4026 1052 4100 exinde
1070 4026 1265 4118 proveniat.
1294 4024 1672 4116 collustrandum

127 4166 270 4239 preces,
298 4145 613 4237 persuasionesque
636 4145 809 4237 privatae,
838 4168 899 4239 per
926 4153 1114 4238 utrumque
1140 4149 1294 4240 legatum
1322 4145 1488 4218 adiectae.
1517 4143 1672 4218 Kevimi·

123 4287 188 4342 rus
215 4265 383 4338 Polouiae
415 4266 509 4352 Rex,
542 4267 696 4358 generali
728 4267 863 4358 potius,
897 4289 1001 4358 quam
1033 4266 1205 4360 singulari
1237 4272 1387 4340 scemate
1405 4268 1435 4354 7)
1464 4267 1500 4338 in
1528 4285 1670 4357 respou-

124 4387 226 4458 sione
249 4385 363 4458 danda
391 4387 558 4458 utendum
584 4390 699 4460 ratus:
734 4387 877 4460 Gratum
905 4389 974 4460 sibi
1002 4385 1163 4479 inprimis
1196 4387 1348 4460 asseruit
1375 4387 1536 4459 veritatis
1555 4380 1599 4459 'et
1618 4385 1674 4458 sui

122 4507 215 4580 iuris
243 4506 513 4598 recognitionem
542 4528 633 4595 esse,
663 4508 884 4598 praesertim,
914 4509 945 4582 si
973 4507 1087 4580 virtus
1114 4507 1231 4582 verbis
1259 4509 1341 4580 date
1368 4507 1490 4594 fuerit3
1519 4526 1556 4579 se
1584 4525 1671 4578 sem·

123 4647 190 4720 per
217 4648 256 4700 eo
284 4626 398 4698 animo
427 4626 593 4716 foisse⁸)‚
623 4634 663 4701 ut
690 4649 768 4701 cum
796 4630 917 4720 Regno
946 4629 1134 4702 Bchemiae
1167 4627 1358 4700 amicitiam
1393 4631 1508 4700 lovere
1540 4627 1672 4700 melue-

121 4747 189 4836 rit,
210 4769 314 4839 qnam
331 4768 492 4839 guerram
502 4745 545 4836 ⁹).
567 4747 663 4822 Scire
682 4770 719 4822 se
737 4751 875 4822 nullum
893 4749 931 4822 in
950 4750 1121 4822 Bohemos
1145 4749 1361 4822 commisisse
1380 4749 1511 4834 scelus,
1532 4751 1673 4840 propter

122 4868 219 4962 qnod
245 4889 267 4940 a
293 4867 369 4940 iure
395 4867 510 4958 Regni
537 4868 741 4958 Bohemiae,
771 4869 839 4942 sibi
859 4874 894 4942 et
912 4869 1003 4961 proli
1023 4891 1106 4944 suae
1125 4869 1351 4962 competenti,
1377 4868 1519 4942 excludi
1537 4868 1672 4953 debeat,

236 5175 261 5256 1)
282 5179 364 5253 Rege
387 5178 530 5240 Gasimiro
559 5173 623 5238 Ed.
654 5173 744 5260 [ripe.
777 5174 802 5255 ς)
826 5197 845 5238 a
868 5179 997 5254 Georgio
1026 5174 1089 5238 Ed.
1120 5174 1211 5260 Lupe.
1243 5175 1269 5252 3)
1301 5178 1460 5253 Georgium
1490 5174 1553 5238 Ed.
1586 5173 1675 5258 Lipc.

124 5281 153 5362 ⁴)
180 5281 301 5357 Georgii
320 5279 383 5342 Ed.
407 5278 498 5363 Εὗρε.
524 5278 549 5357 ⁵)
573 5279 733 5356 Georgium
757 5277 819 5340 Ed.
844 5277 934 5362 Lipe.
959 5277 987 5363 θ)
1011 5281 1171 5356 Georgium
1194 5277 1258 5341 Ed.
1283 5277 1375 5362 Lipe.
1398 5277 1423 5358 ⁷)
1438 5284 1597 5341 scommate
1613 5277 1675 5342 Ed.

75 5459 78 5466 Ι
121 5383 217 5467 Lips.
249 5381 482 5463 ⁸)praeeertim‚
513 5385 539 5444 si
561 5383 655 5443 virtus
678 5385 778 5444 verbis
800 5384 871 5448 dats
892 5384 994 5463 inerit,
1018 5403 1051 5445 ee
1073 5401 1189 5461 semper
1212 5403 1246 5444 ec
1268 5385 1366 5446 animo
1389 5385 1481 5444 fuisse
1504 5381 1618 5446 deceat
1639 5383 1675 5446 irs

126 5484 206 5552 cod.
232 5481 321 5550 Colo.
346 5483 372 5567 ⁹)
396 5487 515 5548 bellum.
537 5482 601 5548 Ed.
625 5483 716 5568 Lipa.
