4040 6290
113 521 397 624 (Α..ῠ.1472.)
629 545 742 600 nnana
767 544 1012 600 noonnonrus
1039 529 1154 616 (nnn).
1588 528 1661 602 575

113 733 261 824 teneque
286 729 324 804 id
350 749 461 823 genus
487 727 655 822 plurima,
684 751 728 805 ex
756 729 884 822 quibus
911 731 1012 803 nulla
1038 729 1216 804 conclusio
1243 729 1382 824 liquida
1407 734 1546 823 poterat
1564 731 1662 806 elici:

113 849 270 923 diaetam
296 850 490 942 praefatam
517 848 724 924 Nissensem
748 850 915 924 Poloniee
942 851 1021 923 Rex
1039 851 1067 940 ¹)
1095 853 1130 923 et
1153 851 1210 924 oui
1227 850 1480 924 detractabant.
1509 851 1553 922 In
1570 851 1664 925 hnnc

113 989 254 1062 qnoque
281 970 421 1042 medum
448 968 643 1042 cardinalis
671 973 706 1042 et
732 969 947 1062 apostolicus
975 970 1129 1063 laegatus
1156 971 1335 1062 praefatus
1359 970 1513 1060 Marcus,
1542 971 1604 1064 qui
1627 991 1664 1044 se

111 1093 280 1183 argutum
307 1097 343 1163 et
368 1088 573 1182 religiosum
600 1087 714 1162 sideri
741 1089 938 1182 satagebat,
966 1089 1067 1163 nulla
1092 1111 1130 1162 re
1157 1087 1375 1164 memorabili
1397 1089 1435 1164 in
1453 1089 1574 1184 Regno
1594 1091 1661 1163 Po-

110 1208 230 1283 loniae
256 1213 373 1302 gesta,
401 1209 494 1301 apud
520 1207 789 1282 Wratislariam
821 1229 858 1282 se
885 1207 1062 1283 inutiliter
1093 1209 1305 1284 continebat.
1340 1209 1409 1284 Sed
1434 1229 1499 1285 nec
1526 1209 1564 1283 in
1591 1209 1662 1284 alia

110 1327 238 1422 Regna
264 1328 449 1422 apostolici
475 1328 602 1422 Legati
628 1330 723 1404 fuere
751 1328 1016 1418 fortunatiores,
1050 1328 1087 1402 ri
1114 1329 1263 1421 quadam
1295 1328 1450 1404 siderum
1481 1329 1660 1423 impediti:

111 1446 310 1521 Gardinalis
330 1447 422 1522 enim
440 1447 625 1541 episcopus
652 1447 842 1536 Ostiensis,
871 1447 1053 1522 Vissarion
1068 1446 1100 1538 Ἃ)
1126 1448 1299 1539 Nicenns,
1329 1450 1373 1522 ad
1392 1449 1528 1525 Galliam
1547 1451 1658 1544 Lega-

111 1569 191 1658 tus,
218 1585 239 1640 a
265 1568 480 1642 Francorum
506 1569 603 1662 Rege
629 1567 773 1642 minime
801 1572 1003 1660 susceptus,
1035 1587 1098 1642 nec
1125 1569 1169 1642 ad
1195 1568 1363 1644 interiora
1389 1569 1504 1663 Regni
1530 1568 1659 1642 admis-

111 1706 194 1776 sus,
222 1686 266 1758 ab
293 1685 382 1778 ipsis
410 1687 538 1760 linibus
566 1688 697 1762 Urbem
723 1687 846 1776 rediit3
885 1687 1202 1762 vicecancellarius
1229 1688 1425 1763 cardinalis
1457 1688 1495 1762 in
1525 1689 1661 1762 (latala-

110 1804 175 1877 nia
201 1801 290 1899 Regi
317 1827 380 1878 sno
407 1806 629 1880 Ferdinando
655 1806 859 1896 rebellanti,
888 1805 981 1878 nihil
1008 1807 1219 1899 composuit,
1248 1809 1448 1900 frustraque
1466 1807 1659 1898 laboravit;

111 1923 310 1998 Gardinalis
337 1925 508 1999 Reatinus
539 1925 582 1999 ab
610 1925 771 2000 omnibus
798 1924 919 2014 Italis,
949 1925 1010 2016 qni
1030 1925 1287 2019 compositurus
1316 1948 1434 2002 eornm
1459 1927 1660 2002 simultates

110 2047 150 2116 et
177 2043 255 2117 odia
281 2045 486 2135 advenerat,
515 2049 666 2139 spretus.
922 2038 923 2041 ‘

134 2397 314 2471 Kastmirns
335 2396 405 2471 lter
427 2398 468 2470 ad
490 2398 614 2468 ltornn
637 2398 863 2498 proficiscitur,
885 2399 1005 2472 bellum
1026 2399 1065 2470 ot
1089 2401 1339 2474 translationem
1361 2401 1481 2474 lticolai
1504 2402 1636 2492 hagan

383 2516 424 2588 de
446 2517 524 2589 sede
547 2518 756 2608 episcopatus
777 2517 986 2606 termiensis,
1010 2522 1172 2616 oxomum,
1195 2521 1379 2593 sedaturus.

215 2765 271 2838 Ex
297 2764 566 2858 Pyotrkoviensi
593 2765 724 2856 diaeta,
753 2765 954 2840 Kauimirus
981 2766 1149 2841 Poloniee
1177 2767 1273 2858 Rex,
1300 2771 1383 2841 uota
1410 2787 1474 2840 sna
1497 2770 1533 2840 et
1550 2767 1654 2842 dero-

107 2884 240 2959 tionem
269 2884 306 2956 in
333 2885 445 2960 Deum
472 2886 694 2978 expleturus,
722 2886 936 2960 Posnaniam
962 2887 1118 2962 divertit.
1145 2887 1283 2961 Exinde
1302 2887 1444 2960 adorato
1462 2887 1657 2962 Posnaniae

107 3004 331 3078 divinissimo
367 3005 607 3096 sacramento,
636 3007 793 3096 Thoruu,
820 3005 989 3100 reliquias
1016 3007 1103 3081 belli
1130 3007 1292 3082 intestini
1318 3007 1472 3100 partium
1499 3007 1654 3096 illarum,

107 3126 204 3218 qued
229 3125 399 3198 Nicolane
426 3126 570 3219 Tunger
595 3147 659 3219 pro
687 3126 891 3220 episcopatu
917 3127 1132 3219 Vormiensi,
1161 3127 1271 3202 variis
1290 3127 1439 3201 consciis
1458 3131 1493 3201 et
1511 3147 1653 3201 consen-

108 3244 283 3318 tientibus
311 3244 380 3319 sibi
407 3244 622 3320 militaribus
650 3249 685 3320 et
712 3247 917 3321 civitatibus
954 3247 1181 3321 Pomeraniae
1213 3252 1248 3322 et
1274 3246 1457 3337 Prnssiae,
1494 3245 1556 3339 qni
1577 3268 1655 3341 gra-

107 3365 204 3439 viter
229 3363 298 3438 sibi
324 3364 549 3438 vincentium
575 3366 790 3458 Kyelbcssa,
819 3371 855 3440 et
882 3367 1073 3460 quemlibet
1099 3367 1208 3441 alium
1235 3367 1423 3457 Polonum,
1456 3367 1534 3440 dari
1561 3366 1653 3460 epis·

108 3507 235 3578 copum
262 3485 419 3560 ferebant
449 3484 704 3576 Varmiensem,
737 3486 939 3577 sedaturus,
974 3508 1052 3561 cum
1079 3487 1254 3562 Praelatis
1282 3493 1318 3562 et
1344 3485 1557 3562 consiliariis
1585 3488 1652 3560 Po·

106 3606 225 3679 loniae
244 3603 276 3696 ³)
312 3605 465 3680 aduenit.
513 3605 586 3698 Quo
624 3627 702 3680 cnm
738 3611 774 3680 et
807 3607 978 3699 primores
1013 3607 1168 3700 partium
1202 3608 1346 3682 illarum
1382 3607 1652 3696 confluxissent,

106 3725 233 3799 multis
261 3725 470 3800 tractatibus
493 3747 556 3817 per
577 3726 810 3799 hebdomades
829 3732 979 3819 quatuor
995 3727 1232 3820 interpositis,
1256 3728 1356 3801 nulla
1374 3726 1552 3801 conclusio
1571 3725 1654 3804 elici

105 3849 262 3939 poterat,
295 3845 538 3938 flagitantibus
569 3845 784 3920 militaribus
816 3851 851 3919 et
882 3846 1088 3922 civitatibus
1120 3847 1302 3938 Prnssiae,
1336 3851 1378 3920 ut
1409 3867 1528 3919 omnes
1556 3866 1653 3920 arces

104 3987 178 4039 non
204 3965 275 4040 nisi
301 3965 493 4060 indigenis,
521 3965 611 4058 Regi
624 3966 656 4055 ⁴)
682 3966 928 4058 beneplacitis,
966 3971 1002 4040 et
1031 3968 1135 4042 fidem
1163 3968 1232 4042 sibi
1263 3973 1369 4060 atquo
1394 3967 1515 4059 Regno
1547 3965 1650 4039 Polo-

104 4085 187 4159 niae
204 4085 412 4175 servaturis,
433 4085 746 4160 committerentur.
774 4085 818 4158 Id
844 4086 913 4160 etsi
930 4087 1132 4161 Kanimirns
1151 4088 1229 4163 Rex
1248 4108 1318 4161 non
1336 4086 1505 4160 abnueret
1523 4106 1561 4159 se
1579 4087 1650 4158 fac·

104 4210 243 4279 turum:
272 4204 496 4280 collationem
523 4209 640 4280 tamen
666 4205 834 4298 pecuniae
861 4207 904 4281 ab
931 4205 982 4281 eis
1010 4207 1188 4301 exigebat,
1227 4228 1296 4301 qua
1330 4211 1449 4300 posset
1476 4205 1652 4280 militibus

104 4345 148 4400 ea
170 4323 387 4415 tenentibus,
415 4324 533 4398 debita
559 4325 758 4417 persolvero
776 4329 811 4400 et
829 4326 1005 4420 stipendia
1022 4327 1178 4402 emerita.
1206 4327 1376 4401 Nicolaus
1393 4326 1538 4419 insuper
1556 4326 1650 4398 lun·

103 4467 174 4539 gen
196 4445 240 4518 ad
257 4444 492 4539 praesentiam
518 4445 627 4540 Regis
642 4445 673 4536 5)
700 4445 821 4521 renim
847 4445 1054 4538 formidans,
1082 4447 1217 4520 nuntiis
1236 4446 1371 4537 missis,
1400 4446 1444 4520 ad
1462 4445 1541 4519 iura
1559 4445 1650 4539 epis·

104 4569 252 4659 copatns
279 4564 512 4655 Varmiensis,
541 4585 677 4639 omnem
703 4565 971 4656 subiectionem,
1000 4567 1219 4642 devotionem
1242 4571 1278 4642 et
1295 4565 1504 4641 fidelitatem
1530 4585 1648 4658 repro·

104 4685 268 4776 mittens,
296 4685 436 4760 admitti
463 4706 501 4760 se
529 4686 747 4777 obsecrabat;
776 4687 837 4762 sed
854 4687 957 4761 facile
976 4687 1019 4761 ab
1037 4689 1103 4762 hac
1120 4688 1290 4781 petitione
1307 4689 1451 4782 repulsa
1468 4709 1489 4761 a
1506 4687 1602 4782 Rege
1616 4685 1649 4776 θ)

103 4809 249 4900 propter
274 4805 518 4898 interpositam
545 4806 795 4899 conditionem,
823 4811 865 4881 ut
882 4807 1095 4901 apostolicae
1114 4807 1342 4884 declarationi
1361 4811 1529 4897 staretur,
1548 4805 1646 4901 qnie-

214 5095 240 5185 ¹)
263 5097 426 5162 casimirus
447 5098 589 5189 Poloniee
610 5097 675 5160 Rex
695 5094 760 5162 Ed.
786 5094 878 5183 Lipa.
903 5095 929 5178 ²)
943 5096 1110 5176 Episcopus
1124 5098 1293 5161 Hostiensis
1307 5097 1466 5160 Bessarion
1479 5093 1544 5161 Ed.
1559 5093 1651 5181 Lapa.

104 5201 132 5284 ⁸)
154 5201 252 5281 Regni
273 5203 415 5265 Poloniae
437 5195 502 5265 Ed.
525 5198 619 5286 Dipo.
642 5198 670 5280 ‘)
693 5201 837 5264 (iasimiro
858 5201 934 5280 Regi
955 5199 1018 5264 Ed.
1041 5198 1133 5285 rapa.
1157 5198 1184 5283 ⁶)
1207 5201 1343 5265 casimiri
1363 5201 1455 5279 Regis
1476 5198 1541 5264 Ed.
1556 5197 1649 5284 Lipe.

103 5305 132 5388 ⁶)
154 5325 174 5369 a
194 5307 278 5385 Rege
299 5305 443 5370 Oasimim
464 5300 529 5370 Ed.
552 5301 646 5389 Lipr.
