<?xml version="1.0" encoding="UTF-8"?>
<!DOCTYPE html PUBLIC "-//W3C//DTD XHTML 1.0 Transitional//EN"
    "http://www.w3.org/TR/xhtml1/DTD/xhtml1-transitional.dtd">
<html xmlns="http://www.w3.org/1999/xhtml" xml:lang="en" lang="en">
 <head>
  <title>
</title>
<meta http-equiv="Content-Type" content="text/html;charset=utf-8" />
  <meta name='ocr-system' content='tesseract 3.04.00' />
  <meta name='ocr-capabilities' content='ocr_page ocr_carea ocr_par ocr_line ocrx_word'/>
</head>
<body>
  <div class='ocr_page' id='page_1' title='image "./operaomnia06paulgoog_0693.png"; bbox 0 0 4090 6290; ppageno 0'>
   <div class='ocr_carea' id='block_1_1' title="bbox 161 542 1200 645">
    <p class='ocr_par' dir='ltr' id='par_1_1' title="bbox 161 542 1200 645">
     <span class='ocr_line' id='line_1_1' title="bbox 161 542 1200 645; baseline 0.002 -27"><span class='ocrx_word' id='word_1_1' title='bbox 161 543 229 645; x_wconf 86' lang='grc' dir='ltr'><strong>(Α.</strong></span> <span class='ocrx_word' id='word_1_2' title='bbox 249 545 294 618; x_wconf 86' lang='lat' dir='ltr'><strong>D.</strong></span> <span class='ocrx_word' id='word_1_3' title='bbox 315 542 440 643; x_wconf 80' lang='grc'><strong>1479.)</strong></span> <span class='ocrx_word' id='word_1_4' title='bbox 675 567 788 620; x_wconf 80' lang='lat' dir='ltr'><strong>ursan</strong></span> <span class='ocrx_word' id='word_1_5' title='bbox 814 567 1060 620; x_wconf 84' lang='lat' dir='ltr'><strong>mnomncmrns</strong></span> <span class='ocrx_word' id='word_1_6' title='bbox 1087 549 1200 639; x_wconf 78' lang='lat' dir='ltr'><strong>(nnn).</strong></span> 
     </span>
    </p>
   </div>
   <div class='ocr_carea' id='block_1_2' title="bbox 611 983 1264 1102">
    <p class='ocr_par' dir='ltr' id='par_1_2' title="bbox 611 983 1264 1102">
     <span class='ocr_line' id='line_1_2' title="bbox 611 983 1264 1102; baseline -0.002 -1"><span class='ocrx_word' id='word_1_7' title='bbox 611 985 825 1102; x_wconf 78' lang='lat' dir='ltr'><strong>ANNUS</strong></span> <span class='ocrx_word' id='word_1_8' title='bbox 863 985 1093 1098; x_wconf 85' lang='lat' dir='ltr'><strong>DOMINI</strong></span> <span class='ocrx_word' id='word_1_9' title='bbox 1128 983 1264 1101; x_wconf 77' lang='lat'>1479.</span> 
     </span>
    </p>
   </div>
   <div class='ocr_carea' id='block_1_3' title="bbox 159 1229 1713 1580">
    <p class='ocr_par' dir='ltr' id='par_1_3' title="bbox 159 1229 1713 1580">
     <span class='ocr_line' id='line_1_3' title="bbox 159 1229 1713 1321; baseline 0.003 -21"><span class='ocrx_word' id='word_1_10' title='bbox 159 1230 341 1301; x_wconf 68' lang='lat' dir='ltr'><strong>kazimirus</strong></span> <span class='ocrx_word' id='word_1_11' title='bbox 363 1229 431 1300; x_wconf 84' lang='lat' dir='ltr'><strong>lien</strong></span> <span class='ocrx_word' id='word_1_12' title='bbox 455 1230 586 1301; x_wconf 86' lang='lat' dir='ltr'><strong>diaetae</strong></span> <span class='ocrx_word' id='word_1_13' title='bbox 609 1231 837 1318; x_wconf 82' lang='lat' dir='ltr'><strong>pereuntium</strong></span> <span class='ocrx_word' id='word_1_14' title='bbox 866 1230 1007 1301; x_wconf 80' lang='lat' dir='ltr'><strong>tiathire</strong></span> <span class='ocrx_word' id='word_1_15' title='bbox 1037 1231 1218 1319; x_wconf 80' lang='lat' dir='ltr'><strong>hungariae</strong></span> <span class='ocrx_word' id='word_1_16' title='bbox 1241 1230 1338 1320; x_wconf 80' lang='lat' dir='ltr'><strong>lingis</strong></span> <span class='ocrx_word' id='word_1_17' title='bbox 1364 1231 1492 1302; x_wconf 91' lang='lat' dir='ltr'><strong>nomine</strong></span> <span class='ocrx_word' id='word_1_18' title='bbox 1515 1233 1656 1321; x_wconf 89' lang='lat' dir='ltr'><strong>petitae,</strong></span> <span class='ocrx_word' id='word_1_19' title='bbox 1679 1234 1713 1304; x_wconf 95' lang='lat' dir='ltr'><strong>in</strong></span> 
     </span>
     <span class='ocr_line' id='line_1_4' title="bbox 159 1351 1712 1443; baseline 0.001 -21"><span class='ocrx_word' id='word_1_20' title='bbox 159 1351 331 1422; x_wconf 82' lang='lat' dir='ltr'><strong>biomnnca</strong></span> <span class='ocrx_word' id='word_1_21' title='bbox 347 1351 526 1438; x_wconf 86' lang='lat' dir='ltr'><strong>tenendae,</strong></span> <span class='ocrx_word' id='word_1_22' title='bbox 550 1351 708 1436; x_wconf 75' lang='lat' dir='ltr'><strong>assentit,</strong></span> <span class='ocrx_word' id='word_1_23' title='bbox 731 1351 892 1440; x_wconf 79' lang='lat' dir='ltr'><strong>filiamque</strong></span> <span class='ocrx_word' id='word_1_24' title='bbox 909 1351 1057 1440; x_wconf 79' lang='lat' dir='ltr'><strong>Sophiam</strong></span> <span class='ocrx_word' id='word_1_25' title='bbox 1073 1351 1229 1423; x_wconf 85' lang='lat' dir='ltr'><strong>iriierico</strong></span> <span class='ocrx_word' id='word_1_26' title='bbox 1244 1352 1417 1423; x_wconf 88' lang='lat' dir='ltr'><strong>iiarohioni</strong></span> <span class='ocrx_word' id='word_1_27' title='bbox 1433 1352 1712 1443; x_wconf 76' lang='lat' dir='ltr'><strong>brandeburgensi</strong></span> 
     </span>
     <span class='ocr_line' id='line_1_5' title="bbox 586 1471 1292 1580; baseline 0.003 -38"><span class='ocrx_word' id='word_1_28' title='bbox 586 1471 889 1580; x_wconf 80' lang='lat' dir='ltr'><strong>desponsatam,in</strong></span> <span class='ocrx_word' id='word_1_29' title='bbox 912 1472 1151 1544; x_wconf 67' lang='lat' dir='ltr'><strong>frankfordiam</strong></span> <span class='ocrx_word' id='word_1_30' title='bbox 1175 1473 1292 1544; x_wconf 86' lang='lat' dir='ltr'><strong>mittit.</strong></span> 
     </span>
    </p>
   </div>
   <div class='ocr_carea' id='block_1_4' title="bbox 114 1717 1789 4840">
    <p class='ocr_par' dir='ltr' id='par_1_4' title="bbox 114 1717 1789 4840">
     <span class='ocr_line' id='line_1_6' title="bbox 263 1717 1711 1814; baseline 0.001 -22"><span class='ocrx_word' id='word_1_31' title='bbox 263 1719 520 1792; x_wconf 84' lang='lat' dir='ltr'><strong>Sclennitatnm</strong></span> <span class='ocrx_word' id='word_1_32' title='bbox 548 1717 714 1791; x_wconf 86' lang='lat' dir='ltr'><strong>Natalitii</strong></span> <span class='ocrx_word' id='word_1_33' title='bbox 742 1719 873 1792; x_wconf 82' lang='lat' dir='ltr'><strong>Christi</strong></span> <span class='ocrx_word' id='word_1_34' title='bbox 901 1720 975 1792; x_wconf 90' lang='lat' dir='ltr'><strong>dies</strong></span> <span class='ocrx_word' id='word_1_35' title='bbox 1004 1740 1081 1792; x_wconf 90' lang='lat' dir='ltr'><strong>cum</strong></span> <span class='ocrx_word' id='word_1_36' title='bbox 1106 1720 1307 1792; x_wconf 86' lang='lat' dir='ltr'><strong>Kaniminus</strong></span> <span class='ocrx_word' id='word_1_37' title='bbox 1332 1719 1500 1794; x_wconf 88' lang='lat' dir='ltr'><strong>Peleniae</strong></span> <span class='ocrx_word' id='word_1_38' title='bbox 1520 1722 1597 1794; x_wconf 85' lang='lat' dir='ltr'><strong>Rex</strong></span> <span class='ocrx_word' id='word_1_39' title='bbox 1617 1723 1711 1814; x_wconf 91' lang='lat' dir='ltr'><strong>apud</strong></span> 
     </span>
     <span class='ocr_line' id='line_1_7' title="bbox 159 1841 1710 1933; baseline 0.002 -20"><span class='ocrx_word' id='word_1_40' title='bbox 159 1841 342 1914; x_wconf 86' lang='lat' dir='ltr'><strong>ecclesiam</strong></span> <span class='ocrx_word' id='word_1_41' title='bbox 371 1841 649 1930; x_wconf 70' lang='lat' dir='ltr'><strong>cracoviensem,</strong></span> <span class='ocrx_word' id='word_1_42' title='bbox 679 1862 757 1913; x_wconf 91' lang='lat' dir='ltr'><strong>cum</strong></span> <span class='ocrx_word' id='word_1_43' title='bbox 785 1846 944 1914; x_wconf 89' lang='lat' dir='ltr'><strong>consorte</strong></span> <span class='ocrx_word' id='word_1_44' title='bbox 972 1863 1036 1912; x_wconf 89' lang='lat' dir='ltr'><strong>sua</strong></span> <span class='ocrx_word' id='word_1_45' title='bbox 1054 1841 1238 1913; x_wconf 81' lang='lat' dir='ltr'><strong>Elisabeth</strong></span> <span class='ocrx_word' id='word_1_46' title='bbox 1258 1843 1284 1931; x_wconf 88' lang='lat'><strong>¹)</strong></span> <span class='ocrx_word' id='word_1_47' title='bbox 1313 1841 1506 1933; x_wconf 85' lang='lat' dir='ltr'><strong>exegisset,</strong></span> <span class='ocrx_word' id='word_1_48' title='bbox 1536 1843 1623 1915; x_wconf 89' lang='lat' dir='ltr'><strong>teria</strong></span> <span class='ocrx_word' id='word_1_49' title='bbox 1642 1848 1710 1916; x_wconf 86' lang='lat' dir='ltr'><strong>ter·</strong></span> 
     </span>
     <span class='ocr_line' id='line_1_8' title="bbox 161 1961 1711 2052; baseline 0.002 -19"><span class='ocrx_word' id='word_1_50' title='bbox 161 1962 212 2033; x_wconf 88' lang='lat' dir='ltr'><strong>tia</strong></span> <span class='ocrx_word' id='word_1_51' title='bbox 230 1961 321 2032; x_wconf 88' lang='lat' dir='ltr'><strong>iufra</strong></span> <span class='ocrx_word' id='word_1_52' title='bbox 349 1961 498 2033; x_wconf 76' lang='lat' dir='ltr'><strong>Ostanes</strong></span> <span class='ocrx_word' id='word_1_53' title='bbox 526 1961 817 2052; x_wconf 87' lang='lat' dir='ltr'><strong>llpiphauiarnm,</strong></span> <span class='ocrx_word' id='word_1_54' title='bbox 852 1983 941 2052; x_wconf 89' lang='lat' dir='ltr'><strong>quae</strong></span> <span class='ocrx_word' id='word_1_55' title='bbox 970 1961 1038 2033; x_wconf 87' lang='lat' dir='ltr'><strong>tuit</strong></span> <span class='ocrx_word' id='word_1_56' title='bbox 1065 1961 1269 2034; x_wconf 88' lang='lat' dir='ltr'><strong>duodecima</strong></span> <span class='ocrx_word' id='word_1_57' title='bbox 1296 1962 1452 2034; x_wconf 86' lang='lat' dir='ltr'><strong>Ianuarii</strong></span> <span class='ocrx_word' id='word_1_58' title='bbox 1469 1961 1511 2052; x_wconf 87' lang='lat'><strong>²),</strong></span> <span class='ocrx_word' id='word_1_59' title='bbox 1546 1963 1711 2036; x_wconf 81' lang='lat' dir='ltr'><strong>Cracenia</strong></span> 
     </span>
     <span class='ocr_line' id='line_1_9' title="bbox 160 2082 1711 2175; baseline 0.001 -21"><span class='ocrx_word' id='word_1_60' title='bbox 160 2103 338 2174; x_wconf 89' lang='lat' dir='ltr'><strong>egressus,</strong></span> <span class='ocrx_word' id='word_1_61' title='bbox 368 2083 412 2154; x_wconf 91' lang='lat' dir='ltr'><strong>ad</strong></span> <span class='ocrx_word' id='word_1_62' title='bbox 439 2083 623 2155; x_wconf 89' lang='lat' dir='ltr'><strong>tenendam</strong></span> <span class='ocrx_word' id='word_1_63' title='bbox 647 2084 910 2155; x_wconf 81' lang='lat' dir='ltr'><strong>conventionem</strong></span> <span class='ocrx_word' id='word_1_64' title='bbox 930 2084 1127 2174; x_wconf 85' lang='lat' dir='ltr'><strong>generalem</strong></span> <span class='ocrx_word' id='word_1_65' title='bbox 1146 2082 1458 2173; x_wconf 75' lang='lat' dir='ltr'><strong>Pyetrhoniensem</strong></span> <span class='ocrx_word' id='word_1_66' title='bbox 1491 2105 1552 2175; x_wconf 91' lang='lat' dir='ltr'><strong>pro</strong></span> <span class='ocrx_word' id='word_1_67' title='bbox 1577 2083 1711 2156; x_wconf 90' lang='lat' dir='ltr'><strong>Octava</strong></span> 
     </span>
     <span class='ocr_line' id='line_1_10' title="bbox 158 2202 1709 2295; baseline 0.002 -22"><span class='ocrx_word' id='word_1_68' title='bbox 158 2202 451 2294; x_wconf 82' lang='lat' dir='ltr'><strong>Epiphaniarum,</strong></span> <span class='ocrx_word' id='word_1_69' title='bbox 481 2224 570 2294; x_wconf 90' lang='lat' dir='ltr'><strong>quae</strong></span> <span class='ocrx_word' id='word_1_70' title='bbox 589 2203 657 2275; x_wconf 91' lang='lat' dir='ltr'><strong>init</strong></span> <span class='ocrx_word' id='word_1_71' title='bbox 675 2202 864 2276; x_wconf 88' lang='lat' dir='ltr'><strong>tredecima</strong></span> <span class='ocrx_word' id='word_1_72' title='bbox 882 2203 1056 2291; x_wconf 89' lang='lat' dir='ltr'><strong>Ianuarii,</strong></span> <span class='ocrx_word' id='word_1_73' title='bbox 1086 2203 1301 2275; x_wconf 85' lang='lat' dir='ltr'><strong>tardiusculo</strong></span> <span class='ocrx_word' id='word_1_74' title='bbox 1329 2225 1391 2295; x_wconf 90' lang='lat' dir='ltr'><strong>per</strong></span> <span class='ocrx_word' id='word_1_75' title='bbox 1418 2203 1606 2295; x_wconf 79' lang='lat' dir='ltr'><strong>Mpechcvv,</strong></span> <span class='ocrx_word' id='word_1_76' title='bbox 1636 2208 1709 2276; x_wconf 84' lang='lat' dir='ltr'><strong>An-</strong></span> 
     </span>
     <span class='ocr_line' id='line_1_11' title="bbox 159 2323 1710 2416; baseline 0.003 -22"><span class='ocrx_word' id='word_1_77' title='bbox 159 2323 316 2414; x_wconf 82' lang='lat' dir='ltr'><strong>dnneyen</strong></span> <span class='ocrx_word' id='word_1_78' title='bbox 343 2329 379 2396; x_wconf 85' lang='lat' dir='ltr'><strong>st</strong></span> <span class='ocrx_word' id='word_1_79' title='bbox 406 2324 598 2396; x_wconf 83' lang='lat' dir='ltr'><strong>Praedbcrn</strong></span> <span class='ocrx_word' id='word_1_80' title='bbox 627 2323 705 2396; x_wconf 91' lang='lat' dir='ltr'><strong>inii.</strong></span> <span class='ocrx_word' id='word_1_81' title='bbox 739 2323 811 2396; x_wconf 90' lang='lat' dir='ltr'><strong>Ubi</strong></span> <span class='ocrx_word' id='word_1_82' title='bbox 839 2324 895 2396; x_wconf 94' lang='lat' dir='ltr'><strong>illi</strong></span> <span class='ocrx_word' id='word_1_83' title='bbox 922 2323 1031 2416; x_wconf 86' lang='lat' dir='ltr'><strong>Regis</strong></span> <span class='ocrx_word' id='word_1_84' title='bbox 1059 2325 1261 2416; x_wconf 89' lang='lat' dir='ltr'><strong>Hungariae</strong></span> <span class='ocrx_word' id='word_1_85' title='bbox 1293 2324 1447 2396; x_wconf 85' lang='lat' dir='ltr'><strong>Mathiae</strong></span> <span class='ocrx_word' id='word_1_86' title='bbox 1478 2325 1625 2397; x_wconf 86' lang='lat' dir='ltr'><strong>uurrtius</strong></span> <span class='ocrx_word' id='word_1_87' title='bbox 1653 2326 1710 2398; x_wconf 91' lang='lat' dir='ltr'><strong>Ia·</strong></span> 
     </span>
     <span class='ocr_line' id='line_1_12' title="bbox 159 2444 1708 2536; baseline 0.001 -20"><span class='ocrx_word' id='word_1_88' title='bbox 159 2445 297 2516; x_wconf 89' lang='lat' dir='ltr'><strong>roslaus</strong></span> <span class='ocrx_word' id='word_1_89' title='bbox 325 2444 577 2517; x_wconf 80' lang='lat' dir='ltr'><strong>Gnaruohorslti</strong></span> <span class='ocrx_word' id='word_1_90' title='bbox 605 2445 736 2516; x_wconf 91' lang='lat' dir='ltr'><strong>allatus</strong></span> <span class='ocrx_word' id='word_1_91' title='bbox 764 2449 833 2533; x_wconf 88' lang='lat' dir='ltr'><strong>est,</strong></span> <span class='ocrx_word' id='word_1_92' title='bbox 861 2448 1000 2535; x_wconf 88' lang='lat' dir='ltr'><strong>petens:</strong></span> <span class='ocrx_word' id='word_1_93' title='bbox 1034 2449 1075 2516; x_wconf 87' lang='lat' dir='ltr'><strong>ut</strong></span> <span class='ocrx_word' id='word_1_94' title='bbox 1102 2445 1252 2517; x_wconf 89' lang='lat' dir='ltr'><strong>diaetam</strong></span> <span class='ocrx_word' id='word_1_95' title='bbox 1280 2466 1342 2536; x_wconf 91' lang='lat' dir='ltr'><strong>pro</strong></span> <span class='ocrx_word' id='word_1_96' title='bbox 1371 2445 1459 2517; x_wconf 88' lang='lat' dir='ltr'><strong>festo</strong></span> <span class='ocrx_word' id='word_1_97' title='bbox 1487 2445 1708 2518; x_wconf 85' lang='lat' dir='ltr'><strong>Purificatio-</strong></span> 
     </span>
     <span class='ocr_line' id='line_1_13' title="bbox 161 2561 1709 2656; baseline 0.002 -20"><span class='ocrx_word' id='word_1_98' title='bbox 161 2563 217 2636; x_wconf 90' lang='lat' dir='ltr'><strong>nis</strong></span> <span class='ocrx_word' id='word_1_99' title='bbox 234 2561 264 2654; x_wconf 83' lang='lat'><strong>³)</strong></span> <span class='ocrx_word' id='word_1_100' title='bbox 292 2565 385 2655; x_wconf 90' lang='lat' dir='ltr'><strong>apud</strong></span> <span class='ocrx_word' id='word_1_101' title='bbox 413 2563 601 2636; x_wconf 88' lang='lat' dir='ltr'><strong>Olemuncn</strong></span> <span class='ocrx_word' id='word_1_102' title='bbox 634 2563 817 2652; x_wconf 85' lang='lat' dir='ltr'><strong>indictam,</strong></span> <span class='ocrx_word' id='word_1_103' title='bbox 851 2565 888 2635; x_wconf 93' lang='lat' dir='ltr'><strong>iu</strong></span> <span class='ocrx_word' id='word_1_104' title='bbox 916 2564 1006 2637; x_wconf 89' lang='lat' dir='ltr'><strong>diem</strong></span> <span class='ocrx_word' id='word_1_105' title='bbox 1030 2565 1217 2637; x_wconf 90' lang='lat' dir='ltr'><strong>secundam</strong></span> <span class='ocrx_word' id='word_1_106' title='bbox 1250 2565 1381 2655; x_wconf 82' lang='lat' dir='ltr'><strong>Maii4)</strong></span> <span class='ocrx_word' id='word_1_107' title='bbox 1408 2564 1581 2656; x_wconf 80' lang='lat' dir='ltr'><strong>differret3</strong></span> <span class='ocrx_word' id='word_1_108' title='bbox 1610 2567 1709 2639; x_wconf 90' lang='lat' dir='ltr'><strong>obse·</strong></span> 
     </span>
     <span class='ocr_line' id='line_1_14' title="bbox 158 2685 1706 2778; baseline 0.001 -20"><span class='ocrx_word' id='word_1_109' title='bbox 158 2706 260 2758; x_wconf 88' lang='lat' dir='ltr'><strong>crans</strong></span> <span class='ocrx_word' id='word_1_110' title='bbox 287 2685 447 2776; x_wconf 91' lang='lat' dir='ltr'><strong>iusuper:</strong></span> <span class='ocrx_word' id='word_1_111' title='bbox 476 2690 517 2756; x_wconf 85' lang='lat' dir='ltr'><strong>ut</strong></span> <span class='ocrx_word' id='word_1_112' title='bbox 544 2685 599 2757; x_wconf 93' lang='lat' dir='ltr'><strong>illi</strong></span> <span class='ocrx_word' id='word_1_113' title='bbox 627 2685 858 2777; x_wconf 86' lang='lat' dir='ltr'><strong>personaliter</strong></span> <span class='ocrx_word' id='word_1_114' title='bbox 885 2685 1048 2778; x_wconf 88' lang='lat' dir='ltr'><strong>dignetur</strong></span> <span class='ocrx_word' id='word_1_115' title='bbox 1075 2686 1263 2774; x_wconf 88' lang='lat' dir='ltr'><strong>interesse,</strong></span> <span class='ocrx_word' id='word_1_116' title='bbox 1293 2688 1423 2758; x_wconf 86' lang='lat' dir='ltr'><strong>multas</strong></span> <span class='ocrx_word' id='word_1_117' title='bbox 1443 2686 1706 2760; x_wconf 75' lang='lat' dir='ltr'><strong>commoditates</strong></span> 
     </span>
     <span class='ocr_line' id='line_1_15' title="bbox 159 2805 1706 2900; baseline 0.001 -21"><span class='ocrx_word' id='word_1_118' title='bbox 159 2810 194 2880; x_wconf 87' lang='lat' dir='ltr'><strong>et</strong></span> <span class='ocrx_word' id='word_1_119' title='bbox 222 2806 398 2898; x_wconf 87' lang='lat' dir='ltr'><strong>profectus</strong></span> <span class='ocrx_word' id='word_1_120' title='bbox 418 2827 460 2879; x_wconf 83' lang='lat' dir='ltr'><strong>es</strong></span> <span class='ocrx_word' id='word_1_121' title='bbox 481 2826 545 2878; x_wconf 88' lang='lat' dir='ltr'><strong>sua</strong></span> <span class='ocrx_word' id='word_1_122' title='bbox 575 2805 753 2896; x_wconf 90' lang='lat' dir='ltr'><strong>personali</strong></span> <span class='ocrx_word' id='word_1_123' title='bbox 785 2806 999 2897; x_wconf 89' lang='lat' dir='ltr'><strong>praesentia,</strong></span> <span class='ocrx_word' id='word_1_124' title='bbox 1033 2811 1068 2880; x_wconf 88' lang='lat' dir='ltr'><strong>et</strong></span> <span class='ocrx_word' id='word_1_125' title='bbox 1095 2806 1181 2895; x_wconf 85' lang='lat' dir='ltr'><strong>sibi,</strong></span> <span class='ocrx_word' id='word_1_126' title='bbox 1210 2807 1400 2900; x_wconf 84' lang='lat' dir='ltr'><strong>Regnaque</strong></span> <span class='ocrx_word' id='word_1_127' title='bbox 1433 2828 1496 2879; x_wconf 88' lang='lat' dir='ltr'><strong>suc</strong></span> <span class='ocrx_word' id='word_1_128' title='bbox 1529 2806 1706 2896; x_wconf 89' lang='lat' dir='ltr'><strong>Peleniae‚</strong></span> 
     </span>
     <span class='ocr_line' id='line_1_16' title="bbox 158 2918 1709 3020; baseline 0.002 -21"><span class='ocrx_word' id='word_1_129' title='bbox 158 2927 302 3019; x_wconf 88' lang='lat' dir='ltr'><strong>filioque</strong></span> <span class='ocrx_word' id='word_1_130' title='bbox 334 2927 397 2998; x_wconf 88' lang='lat' dir='ltr'><strong>sne</strong></span> <span class='ocrx_word' id='word_1_131' title='bbox 429 2926 626 2999; x_wconf 90' lang='lat' dir='ltr'><strong>Wladisiae</strong></span> <span class='ocrx_word' id='word_1_132' title='bbox 660 2926 849 2998; x_wconf 87' lang='lat' dir='ltr'><strong>Bohemiae</strong></span> <span class='ocrx_word' id='word_1_133' title='bbox 881 2926 988 3019; x_wconf 88' lang='lat' dir='ltr'><strong>Regi,</strong></span> <span class='ocrx_word' id='word_1_134' title='bbox 1024 2918 1147 3001; x_wconf 86' lang='lat' dir='ltr'><strong>sedet</strong></span> <span class='ocrx_word' id='word_1_135' title='bbox 1175 2928 1313 3001; x_wconf 84' lang='lat' dir='ltr'><strong>facilem</strong></span> <span class='ocrx_word' id='word_1_136' title='bbox 1344 2927 1442 3020; x_wconf 84' lang='lat' dir='ltr'><strong>pacis</strong></span> <span class='ocrx_word' id='word_1_137' title='bbox 1475 2927 1709 3002; x_wconf 86' lang='lat' dir='ltr'><strong>Protheuicae</strong></span> 
     </span>
     <span class='ocr_line' id='line_1_17' title="bbox 157 3045 1710 3138; baseline 0.001 -17"><span class='ocrx_word' id='word_1_138' title='bbox 157 3047 454 3137; x_wconf 85' lang='lat' dir='ltr'><strong>reformationem,</strong></span> <span class='ocrx_word' id='word_1_139' title='bbox 483 3045 684 3135; x_wconf 64' lang='lat' dir='ltr'><strong>effecturum</strong></span> <span class='ocrx_word' id='word_1_140' title='bbox 713 3047 826 3119; x_wconf 90' lang='lat' dir='ltr'><strong>dando</strong></span> <span class='ocrx_word' id='word_1_141' title='bbox 855 3047 962 3120; x_wconf 84' lang='lat' dir='ltr'><strong>etiarn</strong></span> <span class='ocrx_word' id='word_1_142' title='bbox 989 3047 1046 3120; x_wconf 92' lang='lat' dir='ltr'><strong>illi</strong></span> <span class='ocrx_word' id='word_1_143' title='bbox 1074 3048 1293 3138; x_wconf 83' lang='lat' dir='ltr'><strong>facultatem,</strong></span> <span class='ocrx_word' id='word_1_144' title='bbox 1322 3054 1362 3120; x_wconf 87' lang='lat' dir='ltr'><strong>ut</strong></span> <span class='ocrx_word' id='word_1_145' title='bbox 1390 3048 1422 3122; x_wconf 90' lang='lat' dir='ltr'><strong>si</strong></span> <span class='ocrx_word' id='word_1_146' title='bbox 1449 3050 1547 3121; x_wconf 92' lang='lat' dir='ltr'><strong>locus</strong></span> <span class='ocrx_word' id='word_1_147' title='bbox 1575 3053 1610 3122; x_wconf 88' lang='lat' dir='ltr'><strong>et</strong></span> <span class='ocrx_word' id='word_1_148' title='bbox 1635 3049 1710 3122; x_wconf 92' lang='lat' dir='ltr'><strong>dies</strong></span> 
     </span>
     <span class='ocr_line' id='line_1_18' title="bbox 157 3153 1789 3262; baseline 0.001 -21"><span class='ocrx_word' id='word_1_149' title='bbox 157 3191 281 3261; x_wconf 91' lang='lat' dir='ltr'><strong>parurn</strong></span> <span class='ocrx_word' id='word_1_150' title='bbox 307 3172 407 3260; x_wconf 88' lang='lat' dir='ltr'><strong>grata</strong></span> <span class='ocrx_word' id='word_1_151' title='bbox 439 3166 529 3260; x_wconf 88' lang='lat' dir='ltr'><strong>Regi</strong></span> <span class='ocrx_word' id='word_1_152' title='bbox 559 3167 727 3240; x_wconf 90' lang='lat' dir='ltr'><strong>Peleniae</strong></span> <span class='ocrx_word' id='word_1_153' title='bbox 753 3169 882 3256; x_wconf 86' lang='lat' dir='ltr'><strong>ferent,</strong></span> <span class='ocrx_word' id='word_1_154' title='bbox 915 3189 978 3259; x_wconf 91' lang='lat' dir='ltr'><strong>pro</strong></span> <span class='ocrx_word' id='word_1_155' title='bbox 1007 3190 1069 3241; x_wconf 89' lang='lat' dir='ltr'><strong>suo</strong></span> <span class='ocrx_word' id='word_1_156' title='bbox 1097 3168 1217 3259; x_wconf 88' lang='lat' dir='ltr'><strong>libito,</strong></span> <span class='ocrx_word' id='word_1_157' title='bbox 1247 3190 1335 3262; x_wconf 86' lang='lat' dir='ltr'><strong>quae</strong></span> <span class='ocrx_word' id='word_1_158' title='bbox 1363 3170 1610 3258; x_wconf 85' lang='lat' dir='ltr'><strong>conducerent,</strong></span> <span class='ocrx_word' id='word_1_159' title='bbox 1640 3170 1703 3243; x_wconf 91' lang='lat' dir='ltr'><strong>eli·</strong></span> <span class='ocrx_word' id='word_1_160' title='bbox 1786 3153 1789 3159; x_wconf 61' lang='grc'><strong>’</strong></span> 
     </span>
     <span class='ocr_line' id='line_1_19' title="bbox 157 3288 1710 3383; baseline 0 -21"><span class='ocrx_word' id='word_1_161' title='bbox 157 3293 271 3383; x_wconf 91' lang='lat' dir='ltr'><strong>geret,</strong></span> <span class='ocrx_word' id='word_1_162' title='bbox 299 3288 441 3361; x_wconf 89' lang='lat' dir='ltr'><strong>interim</strong></span> <span class='ocrx_word' id='word_1_163' title='bbox 469 3309 606 3381; x_wconf 90' lang='lat' dir='ltr'><strong>quoque</strong></span> <span class='ocrx_word' id='word_1_164' title='bbox 633 3288 765 3360; x_wconf 90' lang='lat' dir='ltr'><strong>bellum</strong></span> <span class='ocrx_word' id='word_1_165' title='bbox 793 3289 958 3362; x_wconf 89' lang='lat' dir='ltr'><strong>Prussiae</strong></span> <span class='ocrx_word' id='word_1_166' title='bbox 986 3311 1064 3362; x_wconf 90' lang='lat' dir='ltr'><strong>oum</strong></span> <span class='ocrx_word' id='word_1_167' title='bbox 1093 3291 1236 3382; x_wconf 83' lang='lat' dir='ltr'><strong>Tunger</strong></span> <span class='ocrx_word' id='word_1_168' title='bbox 1256 3294 1373 3363; x_wconf 89' lang='lat' dir='ltr'><strong>actum</strong></span> <span class='ocrx_word' id='word_1_169' title='bbox 1393 3290 1634 3381; x_wconf 86' lang='lat' dir='ltr'><strong>suspenderet.</strong></span> <span class='ocrx_word' id='word_1_170' title='bbox 1663 3290 1710 3362; x_wconf 84' lang='lat' dir='ltr'><strong>ldt</strong></span> 
     </span>
     <span class='ocr_line' id='line_1_20' title="bbox 159 3408 1708 3502; baseline 0 -20"><span class='ocrx_word' id='word_1_171' title='bbox 159 3409 319 3502; x_wconf 89' lang='lat' dir='ltr'><strong>quamvis</strong></span> <span class='ocrx_word' id='word_1_172' title='bbox 339 3408 523 3501; x_wconf 88' lang='lat' dir='ltr'><strong>suspensio</strong></span> <span class='ocrx_word' id='word_1_173' title='bbox 541 3409 660 3502; x_wconf 90' lang='lat' dir='ltr'><strong>gravis</strong></span> <span class='ocrx_word' id='word_1_174' title='bbox 684 3414 719 3482; x_wconf 88' lang='lat' dir='ltr'><strong>et</strong></span> <span class='ocrx_word' id='word_1_175' title='bbox 737 3409 961 3502; x_wconf 90' lang='lat' dir='ltr'><strong>dispendiosa</strong></span> <span class='ocrx_word' id='word_1_176' title='bbox 988 3410 1170 3483; x_wconf 88' lang='lat' dir='ltr'><strong>nonnullis</strong></span> <span class='ocrx_word' id='word_1_177' title='bbox 1198 3410 1410 3484; x_wconf 89' lang='lat' dir='ltr'><strong>consiliariis</strong></span> <span class='ocrx_word' id='word_1_178' title='bbox 1429 3411 1618 3500; x_wconf 90' lang='lat' dir='ltr'><strong>videretur,</strong></span> <span class='ocrx_word' id='word_1_179' title='bbox 1647 3411 1708 3482; x_wconf 92' lang='lat' dir='ltr'><strong>ha-</strong></span> 
     </span>
     <span class='ocr_line' id='line_1_21' title="bbox 157 3529 1709 3623; baseline 0 -21"><span class='ocrx_word' id='word_1_180' title='bbox 157 3530 269 3604; x_wconf 90' lang='lat' dir='ltr'><strong>bendo</strong></span> <span class='ocrx_word' id='word_1_181' title='bbox 301 3533 419 3602; x_wconf 92' lang='lat' dir='ltr'><strong>tamen</strong></span> <span class='ocrx_word' id='word_1_182' title='bbox 450 3535 648 3621; x_wconf 86' lang='lat' dir='ltr'><strong>respectum</strong></span> <span class='ocrx_word' id='word_1_183' title='bbox 676 3531 719 3602; x_wconf 93' lang='lat' dir='ltr'><strong>ad</strong></span> <span class='ocrx_word' id='word_1_184' title='bbox 747 3529 929 3603; x_wconf 87' lang='lat' dir='ltr'><strong>munificas</strong></span> <span class='ocrx_word' id='word_1_185' title='bbox 962 3530 1196 3620; x_wconf 88' lang='lat' dir='ltr'><strong>conditiones,</strong></span> <span class='ocrx_word' id='word_1_186' title='bbox 1231 3531 1388 3623; x_wconf 82' lang='lat' dir='ltr'><strong>adquae</strong></span> <span class='ocrx_word' id='word_1_187' title='bbox 1422 3552 1458 3603; x_wconf 88' lang='lat' dir='ltr'><strong>se</strong></span> <span class='ocrx_word' id='word_1_188' title='bbox 1485 3529 1709 3603; x_wconf 90' lang='lat' dir='ltr'><strong>Pannonicus</strong></span> 
     </span>
     <span class='ocr_line' id='line_1_22' title="bbox 158 3649 1707 3744; baseline 0 -22"><span class='ocrx_word' id='word_1_189' title='bbox 158 3651 238 3723; x_wconf 84' lang='lat' dir='ltr'><strong>Rex</strong></span> <span class='ocrx_word' id='word_1_190' title='bbox 254 3649 296 3740; x_wconf 78' lang='lat'><strong>5),</strong></span> <span class='ocrx_word' id='word_1_191' title='bbox 327 3654 440 3741; x_wconf 82' lang='lat' dir='ltr'><strong>siper</strong></span> <span class='ocrx_word' id='word_1_192' title='bbox 467 3651 659 3723; x_wconf 89' lang='lat' dir='ltr'><strong>Iohannem</strong></span> <span class='ocrx_word' id='word_1_193' title='bbox 686 3651 866 3744; x_wconf 88' lang='lat' dir='ltr'><strong>Dlugosch</strong></span> <span class='ocrx_word' id='word_1_194' title='bbox 882 3651 925 3740; x_wconf 76' lang='lat'><strong>⁰),</strong></span> <span class='ocrx_word' id='word_1_195' title='bbox 955 3655 990 3723; x_wconf 92' lang='lat' dir='ltr'><strong>et</strong></span> <span class='ocrx_word' id='word_1_196' title='bbox 1009 3651 1225 3724; x_wconf 83' lang='lat' dir='ltr'><strong>Stanislaum</strong></span> <span class='ocrx_word' id='word_1_197' title='bbox 1246 3651 1544 3740; x_wconf 86' lang='lat' dir='ltr'><strong>Marsnalhonicn,</strong></span> <span class='ocrx_word' id='word_1_198' title='bbox 1573 3650 1707 3742; x_wconf 89' lang='lat' dir='ltr'><strong>priores</strong></span> 
     </span>
     <span class='ocr_line' id='line_1_23' title="bbox 157 3770 1707 3862; baseline 0 -20"><span class='ocrx_word' id='word_1_199' title='bbox 157 3770 301 3843; x_wconf 89' lang='lat' dir='ltr'><strong>nuntios</strong></span> <span class='ocrx_word' id='word_1_200' title='bbox 328 3770 461 3862; x_wconf 89' lang='lat' dir='ltr'><strong>regios,</strong></span> <span class='ocrx_word' id='word_1_201' title='bbox 490 3775 525 3843; x_wconf 88' lang='lat' dir='ltr'><strong>ei</strong></span> <span class='ocrx_word' id='word_1_202' title='bbox 551 3792 614 3862; x_wconf 91' lang='lat' dir='ltr'><strong>per</strong></span> <span class='ocrx_word' id='word_1_203' title='bbox 640 3771 837 3844; x_wconf 84' lang='lat' dir='ltr'><strong>iaroslaum</strong></span> <span class='ocrx_word' id='word_1_204' title='bbox 866 3771 1134 3859; x_wconf 79' lang='lat' dir='ltr'><strong>Ouarnoherslri‚</strong></span> <span class='ocrx_word' id='word_1_205' title='bbox 1165 3771 1367 3860; x_wconf 86' lang='lat' dir='ltr'><strong>exhibebat,</strong></span> <span class='ocrx_word' id='word_1_206' title='bbox 1396 3771 1516 3843; x_wconf 89' lang='lat' dir='ltr'><strong>missis</strong></span> <span class='ocrx_word' id='word_1_207' title='bbox 1544 3771 1587 3842; x_wconf 90' lang='lat' dir='ltr'><strong>ad</strong></span> <span class='ocrx_word' id='word_1_208' title='bbox 1606 3770 1707 3842; x_wconf 67' lang='lat' dir='ltr'><strong>Huu÷</strong></span> 
     </span>
     <span class='ocr_line' id='line_1_24' title="bbox 157 3890 1707 3985; baseline -0.001 -22"><span class='ocrx_word' id='word_1_209' title='bbox 157 3890 275 3983; x_wconf 89' lang='lat' dir='ltr'><strong>gariae</strong></span> <span class='ocrx_word' id='word_1_210' title='bbox 293 3891 425 3983; x_wconf 88' lang='lat' dir='ltr'><strong>Regem</strong></span> <span class='ocrx_word' id='word_1_211' title='bbox 441 3891 471 3980; x_wconf 83' lang='lat'><strong>⁷)</strong></span> <span class='ocrx_word' id='word_1_212' title='bbox 499 3891 652 3981; x_wconf 89' lang='lat' dir='ltr'><strong>nuntiis,</strong></span> <span class='ocrx_word' id='word_1_213' title='bbox 671 3891 838 3964; x_wconf 88' lang='lat' dir='ltr'><strong>videlicet</strong></span> <span class='ocrx_word' id='word_1_214' title='bbox 856 3892 1035 3982; x_wconf 89' lang='lat' dir='ltr'><strong>Raphaele</strong></span> <span class='ocrx_word' id='word_1_215' title='bbox 1054 3892 1278 3964; x_wconf 88' lang='lat' dir='ltr'><strong>Iareslanshi</strong></span> <span class='ocrx_word' id='word_1_216' title='bbox 1296 3891 1411 3985; x_wconf 88' lang='lat' dir='ltr'><strong>Regni</strong></span> <span class='ocrx_word' id='word_1_217' title='bbox 1430 3890 1598 3964; x_wconf 91' lang='lat' dir='ltr'><strong>Peleniae</strong></span> <span class='ocrx_word' id='word_1_218' title='bbox 1617 3911 1707 3962; x_wconf 90' lang='lat' dir='ltr'><strong>mar·</strong></span> 
     </span>
     <span class='ocr_line' id='line_1_25' title="bbox 114 4009 1709 4104; baseline -0.001 -20"><span class='ocrx_word' id='word_1_219' title='bbox 114 4041 118 4048; x_wconf 95' lang='lat'>·</span> <span class='ocrx_word' id='word_1_220' title='bbox 158 4012 268 4100; x_wconf 89' lang='lat' dir='ltr'><strong>salco,</strong></span> <span class='ocrx_word' id='word_1_221' title='bbox 297 4009 409 4083; x_wconf 89' lang='lat' dir='ltr'><strong>Paulo</strong></span> <span class='ocrx_word' id='word_1_222' title='bbox 436 4011 640 4102; x_wconf 83' lang='lat' dir='ltr'><strong>Iassyeuski</strong></span> <span class='ocrx_word' id='word_1_223' title='bbox 672 4011 787 4104; x_wconf 90' lang='lat' dir='ltr'><strong>Regni</strong></span> <span class='ocrx_word' id='word_1_224' title='bbox 819 4012 986 4086; x_wconf 89' lang='lat' dir='ltr'><strong>Peleniae</strong></span> <span class='ocrx_word' id='word_1_225' title='bbox 1018 4013 1332 4102; x_wconf 87' lang='lat' dir='ltr'><strong>viccthesauraric,</strong></span> <span class='ocrx_word' id='word_1_226' title='bbox 1361 4017 1397 4086; x_wconf 86' lang='lat' dir='ltr'><strong>et</strong></span> <span class='ocrx_word' id='word_1_227' title='bbox 1423 4011 1565 4084; x_wconf 81' lang='lat' dir='ltr'><strong>Andrea</strong></span> <span class='ocrx_word' id='word_1_228' title='bbox 1593 4011 1709 4084; x_wconf 88' lang='lat' dir='ltr'><strong>Rasna</strong></span> 
     </span>
     <span class='ocr_line' id='line_1_26' title="bbox 157 4131 1705 4226; baseline -0.001 -21"><span class='ocrx_word' id='word_1_229' title='bbox 157 4131 362 4223; x_wconf 88' lang='lat' dir='ltr'><strong>Praeposito</strong></span> <span class='ocrx_word' id='word_1_230' title='bbox 381 4131 617 4222; x_wconf 81' lang='lat' dir='ltr'><strong>Lauriciensi,</strong></span> <span class='ocrx_word' id='word_1_231' title='bbox 643 4133 843 4206; x_wconf 86' lang='lat' dir='ltr'><strong>denuntiat:</strong></span> <span class='ocrx_word' id='word_1_232' title='bbox 872 4133 941 4205; x_wconf 92' lang='lat' dir='ltr'><strong>sibi</strong></span> <span class='ocrx_word' id='word_1_233' title='bbox 959 4138 1094 4226; x_wconf 89' lang='lat' dir='ltr'><strong>gratam</strong></span> <span class='ocrx_word' id='word_1_234' title='bbox 1114 4134 1185 4206; x_wconf 87' lang='lat' dir='ltr'><strong>fore</strong></span> <span class='ocrx_word' id='word_1_235' title='bbox 1200 4132 1231 4224; x_wconf 77' lang='grc' dir='ltr'><strong>Β)</strong></span> <span class='ocrx_word' id='word_1_236' title='bbox 1260 4155 1359 4205; x_wconf 90' lang='lat' dir='ltr'><strong>suam</strong></span> <span class='ocrx_word' id='word_1_237' title='bbox 1378 4131 1627 4204; x_wconf 86' lang='lat' dir='ltr'><strong>amicissimam</strong></span> <span class='ocrx_word' id='word_1_238' title='bbox 1647 4132 1705 4204; x_wconf 93' lang='lat' dir='ltr'><strong>ob·</strong></span> 
     </span>
     <span class='ocr_line' id='line_1_27' title="bbox 155 4253 1705 4346; baseline -0.002 -20"><span class='ocrx_word' id='word_1_239' title='bbox 155 4254 339 4342; x_wconf 90' lang='lat' dir='ltr'><strong>lationem,</strong></span> <span class='ocrx_word' id='word_1_240' title='bbox 367 4274 430 4326; x_wconf 90' lang='lat' dir='ltr'><strong>uec</strong></span> <span class='ocrx_word' id='word_1_241' title='bbox 447 4274 607 4326; x_wconf 88' lang='lat' dir='ltr'><strong>recusare</strong></span> <span class='ocrx_word' id='word_1_242' title='bbox 626 4259 850 4343; x_wconf 85' lang='lat' dir='ltr'><strong>conventum,</strong></span> <span class='ocrx_word' id='word_1_243' title='bbox 881 4254 911 4326; x_wconf 93' lang='lat' dir='ltr'><strong>si</strong></span> <span class='ocrx_word' id='word_1_244' title='bbox 939 4256 1027 4328; x_wconf 85' lang='lat' dir='ltr'><strong>tonet</strong></span> <span class='ocrx_word' id='word_1_245' title='bbox 1045 4254 1279 4342; x_wconf 90' lang='lat' dir='ltr'><strong>necessarius;</strong></span> <span class='ocrx_word' id='word_1_246' title='bbox 1308 4253 1476 4346; x_wconf 84' lang='lat' dir='ltr'><strong>Magistro</strong></span> <span class='ocrx_word' id='word_1_247' title='bbox 1496 4273 1577 4326; x_wconf 92' lang='lat' dir='ltr'><strong>nere</strong></span> <span class='ocrx_word' id='word_1_248' title='bbox 1597 4253 1705 4325; x_wconf 90' lang='lat' dir='ltr'><strong>Prus-</strong></span> 
     </span>
     <span class='ocr_line' id='line_1_28' title="bbox 158 4373 1705 4474; baseline -0.003 -26"><span class='ocrx_word' id='word_1_249' title='bbox 158 4375 231 4448; x_wconf 87' lang='lat' dir='ltr'><strong>siae</strong></span> <span class='ocrx_word' id='word_1_250' title='bbox 251 4395 386 4447; x_wconf 90' lang='lat' dir='ltr'><strong>omuem</strong></span> <span class='ocrx_word' id='word_1_251' title='bbox 405 4373 544 4464; x_wconf 89' lang='lat' dir='ltr'><strong>culpam</strong></span> <span class='ocrx_word' id='word_1_252' title='bbox 563 4397 679 4464; x_wconf 92' lang='lat' dir='ltr'><strong>suam,</strong></span> <span class='ocrx_word' id='word_1_253' title='bbox 709 4374 870 4467; x_wconf 88' lang='lat' dir='ltr'><strong>quamvis</strong></span> <span class='ocrx_word' id='word_1_254' title='bbox 897 4376 1078 4468; x_wconf 88' lang='lat' dir='ltr'><strong>grandem,</strong></span> <span class='ocrx_word' id='word_1_255' title='bbox 1098 4375 1371 4474; x_wconf 88' lang='lat' dir='ltr'><strong>ignosciturum,</strong></span> <span class='ocrx_word' id='word_1_256' title='bbox 1392 4378 1427 4447; x_wconf 88' lang='lat' dir='ltr'><strong>et</strong></span> <span class='ocrx_word' id='word_1_257' title='bbox 1445 4373 1591 4445; x_wconf 88' lang='lat' dir='ltr'><strong>Nicolae</strong></span> <span class='ocrx_word' id='word_1_258' title='bbox 1612 4374 1705 4444; x_wconf 83' lang='lat' dir='ltr'><strong>Tuu-</strong></span> 
     </span>
     <span class='ocr_line' id='line_1_29' title="bbox 156 4493 1708 4590; baseline -0.003 -20"><span class='ocrx_word' id='word_1_259' title='bbox 156 4517 224 4590; x_wconf 89' lang='lat' dir='ltr'><strong>geu</strong></span> <span class='ocrx_word' id='word_1_260' title='bbox 252 4495 361 4566; x_wconf 90' lang='lat' dir='ltr'><strong>aliurn</strong></span> <span class='ocrx_word' id='word_1_261' title='bbox 390 4493 629 4585; x_wconf 89' lang='lat' dir='ltr'><strong>episcopatum</strong></span> <span class='ocrx_word' id='word_1_262' title='bbox 657 4495 838 4584; x_wconf 90' lang='lat' dir='ltr'><strong>daturum,</strong></span> <span class='ocrx_word' id='word_1_263' title='bbox 867 4495 976 4588; x_wconf 93' lang='lat' dir='ltr'><strong>Regis</strong></span> <span class='ocrx_word' id='word_1_264' title='bbox 1004 4495 1207 4587; x_wconf 91' lang='lat' dir='ltr'><strong>Hungariae</strong></span> <span class='ocrx_word' id='word_1_265' title='bbox 1235 4494 1538 4587; x_wconf 87' lang='lat' dir='ltr'><strong>contemplatione.</strong></span> <span class='ocrx_word' id='word_1_266' title='bbox 1567 4494 1614 4565; x_wconf 83' lang='lat' dir='ltr'><strong>Et</strong></span> <span class='ocrx_word' id='word_1_267' title='bbox 1633 4493 1708 4565; x_wconf 87' lang='lat' dir='ltr'><strong>filia</strong></span> 
     </span>
     <span class='ocr_line' id='line_1_30' title="bbox 158 4613 1705 4710; baseline -0.003 -20"><span class='ocrx_word' id='word_1_268' title='bbox 158 4615 290 4708; x_wconf 84' lang='lat' dir='ltr'><strong>Sophia</strong></span> <span class='ocrx_word' id='word_1_269' title='bbox 316 4613 469 4707; x_wconf 87' lang='lat' dir='ltr'><strong>virgine,</strong></span> <span class='ocrx_word' id='word_1_270' title='bbox 499 4636 587 4706; x_wconf 85' lang='lat' dir='ltr'><strong>quae</strong></span> <span class='ocrx_word' id='word_1_271' title='bbox 615 4637 732 4689; x_wconf 89' lang='lat' dir='ltr'><strong>secum</strong></span> <span class='ocrx_word' id='word_1_272' title='bbox 761 4616 1047 4710; x_wconf 82' lang='lat' dir='ltr'><strong>noningentorum</strong></span> <span class='ocrx_word' id='word_1_273' title='bbox 1076 4637 1243 4708; x_wconf 89' lang='lat' dir='ltr'><strong>equorum</strong></span> <span class='ocrx_word' id='word_1_274' title='bbox 1271 4617 1471 4689; x_wconf 86' lang='lat' dir='ltr'><strong>comitivam</strong></span> <span class='ocrx_word' id='word_1_275' title='bbox 1499 4615 1540 4688; x_wconf 91' lang='lat' dir='ltr'><strong>de</strong></span> <span class='ocrx_word' id='word_1_276' title='bbox 1567 4613 1705 4687; x_wconf 91' lang='lat' dir='ltr'><strong>baroni·</strong></span> 
     </span>
     <span class='ocr_line' id='line_1_31' title="bbox 157 4735 1705 4840; baseline -0.002 -30"><span class='ocrx_word' id='word_1_277' title='bbox 157 4737 224 4810; x_wconf 91' lang='lat' dir='ltr'><strong>bns</strong></span> <span class='ocrx_word' id='word_1_278' title='bbox 247 4745 283 4811; x_wconf 86' lang='lat' dir='ltr'><strong>et</strong></span> <span class='ocrx_word' id='word_1_279' title='bbox 301 4735 475 4808; x_wconf 88' lang='lat' dir='ltr'><strong>militibus</strong></span> <span class='ocrx_word' id='word_1_280' title='bbox 503 4735 669 4827; x_wconf 89' lang='lat' dir='ltr'><strong>habebat,</strong></span> <span class='ocrx_word' id='word_1_281' title='bbox 699 4758 845 4830; x_wconf 89' lang='lat' dir='ltr'><strong>quorum</strong></span> <span class='ocrx_word' id='word_1_282' title='bbox 865 4737 1023 4812; x_wconf 85' lang='lat' dir='ltr'><strong>Andreas</strong></span> <span class='ocrx_word' id='word_1_283' title='bbox 1043 4736 1244 4830; x_wconf 89' lang='lat' dir='ltr'><strong>Oporonvshi</strong></span> <span class='ocrx_word' id='word_1_284' title='bbox 1271 4735 1488 4840; x_wconf 84' lang='lat' dir='ltr'><strong>Vermiensis</strong></span> <span class='ocrx_word' id='word_1_285' title='bbox 1508 4735 1705 4828; x_wconf 86' lang='lat' dir='ltr'><strong>episcopus,</strong></span> 
     </span>
    </p>
   </div>
   <div class='ocr_carea' id='block_1_5' title="bbox 158 5039 1708 5338">
    <p class='ocr_par' dir='ltr' id='par_1_5' title="bbox 158 5039 1708 5338">
     <span class='ocr_line' id='line_1_32' title="bbox 266 5039 1707 5132; baseline -0.003 -21"><span class='ocrx_word' id='word_1_286' title='bbox 266 5049 289 5132; x_wconf 89' lang='lat'><strong>¹)</strong></span> <span class='ocrx_word' id='word_1_287' title='bbox 311 5049 465 5112; x_wconf 84' lang='lat' dir='ltr'><strong>Elisabeth</strong></span> <span class='ocrx_word' id='word_1_288' title='bbox 487 5049 603 5128; x_wconf 87' lang='lat' dir='ltr'><strong>Regina</strong></span> <span class='ocrx_word' id='word_1_289' title='bbox 624 5042 688 5112; x_wconf 79' lang='lat' dir='ltr'><strong>Ed.</strong></span> <span class='ocrx_word' id='word_1_290' title='bbox 712 5042 802 5132; x_wconf 84' lang='lat' dir='ltr'><strong>Lips.</strong></span> <span class='ocrx_word' id='word_1_291' title='bbox 828 5043 855 5128; x_wconf 69' lang='grc' dir='ltr'><strong>Ω)</strong></span> <span class='ocrx_word' id='word_1_292' title='bbox 878 5045 941 5110; x_wconf 90' lang='lat' dir='ltr'><strong>dies</strong></span> <span class='ocrx_word' id='word_1_293' title='bbox 964 5045 1073 5110; x_wconf 87' lang='lat' dir='ltr'><strong>mensis</strong></span> <span class='ocrx_word' id='word_1_294' title='bbox 1096 5043 1225 5109; x_wconf 86' lang='lat' dir='ltr'><strong>Ianuarii</strong></span> <span class='ocrx_word' id='word_1_295' title='bbox 1248 5041 1311 5110; x_wconf 77' lang='lat' dir='ltr'><strong>Ea.</strong></span> <span class='ocrx_word' id='word_1_296' title='bbox 1334 5039 1427 5131; x_wconf 81' lang='lat' dir='ltr'><strong>Lo&#39;ps.</strong></span> <span class='ocrx_word' id='word_1_297' title='bbox 1449 5045 1476 5126; x_wconf 84' lang='lat'><strong>³)</strong></span> <span class='ocrx_word' id='word_1_298' title='bbox 1491 5043 1707 5107; x_wconf 81' lang='lat' dir='ltr'><strong>Purificatienis</strong></span> 
     </span>
     <span class='ocr_line' id='line_1_33' title="bbox 158 5145 1706 5236; baseline -0.005 -20"><span class='ocrx_word' id='word_1_299' title='bbox 158 5151 285 5216; x_wconf 81' lang='lat' dir='ltr'><strong>Sanciae</strong></span> <span class='ocrx_word' id='word_1_300' title='bbox 306 5155 419 5215; x_wconf 88' lang='lat' dir='ltr'><strong>Mariae</strong></span> <span class='ocrx_word' id='word_1_301' title='bbox 440 5155 572 5231; x_wconf 87' lang='lat' dir='ltr'><strong>Virginis</strong></span> <span class='ocrx_word' id='word_1_302' title='bbox 595 5151 658 5216; x_wconf 78' lang='lat' dir='ltr'><strong>Ea.</strong></span> <span class='ocrx_word' id='word_1_303' title='bbox 681 5150 775 5236; x_wconf 82' lang='lat' dir='ltr'><strong>Lipa.</strong></span> <span class='ocrx_word' id='word_1_304' title='bbox 800 5149 826 5232; x_wconf 82' lang='lat'><strong>⁴)</strong></span> <span class='ocrx_word' id='word_1_305' title='bbox 850 5154 959 5214; x_wconf 88' lang='lat' dir='ltr'><strong>mensis</strong></span> <span class='ocrx_word' id='word_1_306' title='bbox 981 5154 1052 5212; x_wconf 86' lang='lat' dir='ltr'><strong>Maii</strong></span> <span class='ocrx_word' id='word_1_307' title='bbox 1074 5150 1138 5213; x_wconf 80' lang='lat' dir='ltr'><strong>Ed.</strong></span> <span class='ocrx_word' id='word_1_308' title='bbox 1163 5149 1254 5234; x_wconf 81' lang='lat' dir='ltr'><strong>Lips.</strong></span> <span class='ocrx_word' id='word_1_309' title='bbox 1272 5149 1297 5231; x_wconf 74' lang='grc'><strong>5)</strong></span> <span class='ocrx_word' id='word_1_310' title='bbox 1312 5153 1376 5211; x_wconf 88' lang='lat' dir='ltr'><strong>Rex</strong></span> <span class='ocrx_word' id='word_1_311' title='bbox 1392 5148 1519 5210; x_wconf 81' lang='lat' dir='ltr'><strong>Mutiliae</strong></span> <span class='ocrx_word' id='word_1_312' title='bbox 1535 5146 1597 5211; x_wconf 81' lang='lat' dir='ltr'><strong>Ed.</strong></span> <span class='ocrx_word' id='word_1_313' title='bbox 1617 5145 1706 5230; x_wconf 82' lang='lat' dir='ltr'><strong>Lips.</strong></span> 
     </span>
     <span class='ocr_line' id='line_1_34' title="bbox 158 5253 1708 5338; baseline -0.005 -19"><span class='ocrx_word' id='word_1_314' title='bbox 158 5257 185 5338; x_wconf 68' lang='grc' dir='ltr'><strong>ο)</strong></span> <span class='ocrx_word' id='word_1_315' title='bbox 208 5277 261 5335; x_wconf 87' lang='lat' dir='ltr'><strong>per</strong></span> <span class='ocrx_word' id='word_1_316' title='bbox 282 5259 422 5319; x_wconf 88' lang='lat' dir='ltr'><strong>Ioannem</strong></span> <span class='ocrx_word' id='word_1_317' title='bbox 444 5258 596 5334; x_wconf 85' lang='lat' dir='ltr'><strong>Dlugesclr</strong></span> <span class='ocrx_word' id='word_1_318' title='bbox 620 5258 800 5317; x_wconf 83' lang='lat' dir='ltr'><strong>Omrenienm</strong></span> <span class='ocrx_word' id='word_1_319' title='bbox 823 5257 1048 5318; x_wconf 72' lang='lat' dir='ltr'><strong>cracoviensem</strong></span> <span class='ocrx_word' id='word_1_320' title='bbox 1071 5253 1134 5317; x_wconf 79' lang='lat' dir='ltr'><strong>Ea.</strong></span> <span class='ocrx_word' id='word_1_321' title='bbox 1160 5253 1251 5338; x_wconf 82' lang='lat' dir='ltr'><strong>Lips.</strong></span> <span class='ocrx_word' id='word_1_322' title='bbox 1276 5253 1301 5335; x_wconf 78' lang='lat'><strong>⁷)</strong></span> <span class='ocrx_word' id='word_1_323' title='bbox 1326 5253 1365 5315; x_wconf 90' lang='lat' dir='ltr'><strong>ad</strong></span> <span class='ocrx_word' id='word_1_324' title='bbox 1380 5255 1521 5316; x_wconf 86' lang='lat' dir='ltr'><strong>Mat-hiem</strong></span> <span class='ocrx_word' id='word_1_325' title='bbox 1536 5253 1708 5332; x_wconf 87' lang='lat' dir='ltr'><strong>Hungariae</strong></span> 
     </span>
    </p>
   </div>
   <div class='ocr_carea' id='block_1_6' title="bbox 156 5356 812 5444">
    <p class='ocr_par' dir='ltr' id='par_1_6' title="bbox 156 5356 812 5444">
     <span class='ocr_line' id='line_1_35' title="bbox 156 5356 812 5444; baseline 0 -22"><span class='ocrx_word' id='word_1_326' title='bbox 156 5359 268 5438; x_wconf 86' lang='lat' dir='ltr'><strong>Regem</strong></span> <span class='ocrx_word' id='word_1_327' title='bbox 290 5357 354 5428; x_wconf 80' lang='lat' dir='ltr'><strong>Eoi.</strong></span> <span class='ocrx_word' id='word_1_328' title='bbox 377 5356 468 5444; x_wconf 73' lang='lat' dir='ltr'><strong>laps.</strong></span> <span class='ocrx_word' id='word_1_329' title='bbox 493 5359 519 5441; x_wconf 78' lang='lat'><strong>⁸)</strong></span> <span class='ocrx_word' id='word_1_330' title='bbox 543 5379 609 5422; x_wconf 89' lang='lat' dir='ltr'><strong>esse</strong></span> <span class='ocrx_word' id='word_1_331' title='bbox 633 5357 696 5423; x_wconf 75' lang='lat' dir='ltr'><strong>Ec.</strong></span> <span class='ocrx_word' id='word_1_332' title='bbox 721 5358 812 5442; x_wconf 80' lang='lat' dir='ltr'><strong>Lips.</strong></span> 
     </span>
    </p>
   </div>
   <div class='ocr_carea' id='block_1_7' title="bbox 186 5613 1534 5690">
    <p class='ocr_par' dir='ltr' id='par_1_7' title="bbox 186 5613 1534 5690">
     <span class='ocr_line' id='line_1_36' title="bbox 186 5613 1534 5690; baseline -0.004 -6"><span class='ocrx_word' id='word_1_333' title='bbox 186 5631 209 5684; x_wconf 70' lang='lat' dir='ltr'><strong>J.</strong></span> <span class='ocrx_word' id='word_1_334' title='bbox 222 5635 319 5690; x_wconf 75' lang='lat' dir='ltr'><strong>Dlugos·</strong></span> <span class='ocrx_word' id='word_1_335' title='bbox 331 5631 418 5680; x_wconf 74' lang='lat' dir='ltr'><strong>arear.</strong></span> <span class='ocrx_word' id='word_1_336' title='bbox 431 5632 512 5682; x_wconf 80' lang='lat' dir='ltr'><strong>Peleu.</strong></span> <span class='ocrx_word' id='word_1_337' title='bbox 527 5631 553 5682; x_wconf 67' lang='grc' dir='ltr'><strong>Τ.</strong></span> <span class='ocrx_word' id='word_1_338' title='bbox 566 5632 594 5682; x_wconf 76' lang='lat' dir='ltr'><strong>V.</strong></span> <span class='ocrx_word' id='word_1_339' title='bbox 1499 5613 1534 5678; x_wconf 69' lang='grc'><strong>86</strong></span> 
     </span>
    </p>
   </div>
   <div class='ocr_carea' id='block_1_8' title="bbox 0 0 2050 6290">
    <p class='ocr_par' dir='ltr' id='par_1_8' title="bbox 0 0 2050 6290">
     <span class='ocr_line' id='line_1_37' title="bbox 0 0 2050 6290; baseline 0 1"><span class='ocrx_word' id='word_1_340' title='bbox 0 0 2050 6290; x_wconf 95' lang='lat' dir='ltr'><strong> </strong></span> 
     </span>
    </p>
   </div>
  </div>
 </body>
</html>
