<?xml version="1.0" encoding="UTF-8"?>
<!DOCTYPE html PUBLIC "-//W3C//DTD XHTML 1.0 Transitional//EN"
    "http://www.w3.org/TR/xhtml1/DTD/xhtml1-transitional.dtd">
<html xmlns="http://www.w3.org/1999/xhtml" xml:lang="en" lang="en">
 <head>
  <title>
</title>
<meta http-equiv="Content-Type" content="text/html;charset=utf-8" />
  <meta name='ocr-system' content='tesseract 3.04.00' />
  <meta name='ocr-capabilities' content='ocr_page ocr_carea ocr_par ocr_line ocrx_word'/>
</head>
<body>
  <div class='ocr_page' id='page_1' title='image "./operaomnia06paulgoog_0548.png"; bbox 0 0 4040 6290; ppageno 0'>
   <div class='ocr_carea' id='block_1_1' title="bbox 400 444 1925 548">
    <p class='ocr_par' dir='ltr' id='par_1_1' title="bbox 400 444 1925 548">
     <span class='ocr_line' id='line_1_1' title="bbox 400 444 1925 548; baseline 0.001 -26"><span class='ocrx_word' id='word_1_1' title='bbox 400 449 474 522; x_wconf 82' lang='lat'>536</span> <span class='ocrx_word' id='word_1_2' title='bbox 907 469 1020 536; x_wconf 76' lang='lat' dir='ltr'>amna</span> <span class='ocrx_word' id='word_1_3' title='bbox 1045 467 1291 522; x_wconf 82' lang='lat' dir='ltr'>nuonuonrus</span> <span class='ocrx_word' id='word_1_4' title='bbox 1319 450 1434 540; x_wconf 82' lang='lat' dir='ltr'>(xm).</span> <span class='ocrx_word' id='word_1_5' title='bbox 1670 445 1743 545; x_wconf 87' lang='grc' dir='ltr'>(Α.</span> <span class='ocrx_word' id='word_1_6' title='bbox 1763 444 1809 518; x_wconf 89' lang='lat' dir='ltr'>D.</span> <span class='ocrx_word' id='word_1_7' title='bbox 1827 447 1925 548; x_wconf 75' lang='grc'>1460.)</span> 
     </span>
    </p>
   </div>
   <div class='ocr_carea' id='block_1_2' title="bbox 398 651 1925 868">
    <p class='ocr_par' dir='ltr' id='par_1_2' title="bbox 398 651 1925 868">
     <span class='ocr_line' id='line_1_2' title="bbox 398 651 1925 746; baseline 0.002 -19"><span class='ocrx_word' id='word_1_8' title='bbox 398 653 547 728; x_wconf 86' lang='lat' dir='ltr'>iudicem</span> <span class='ocrx_word' id='word_1_9' title='bbox 579 653 867 744; x_wconf 89' lang='lat' dir='ltr'>Posnaniensem,</span> <span class='ocrx_word' id='word_1_10' title='bbox 903 654 964 746; x_wconf 90' lang='lat' dir='ltr'>qui</span> <span class='ocrx_word' id='word_1_11' title='bbox 990 654 1173 746; x_wconf 91' lang='lat' dir='ltr'>Principes</span> <span class='ocrx_word' id='word_1_12' title='bbox 1205 653 1431 742; x_wconf 89' lang='lat' dir='ltr'>dissidentes,</span> <span class='ocrx_word' id='word_1_13' title='bbox 1465 658 1527 726; x_wconf 91' lang='lat' dir='ltr'>aut</span> <span class='ocrx_word' id='word_1_14' title='bbox 1553 673 1616 745; x_wconf 90' lang='lat' dir='ltr'>per</span> <span class='ocrx_word' id='word_1_15' title='bbox 1643 652 1742 725; x_wconf 82' lang='lat' dir='ltr'>viam</span> <span class='ocrx_word' id='word_1_16' title='bbox 1771 651 1836 724; x_wconf 83' lang='lat' dir='ltr'>lori</span> <span class='ocrx_word' id='word_1_17' title='bbox 1858 674 1925 730; x_wconf 88' lang='lat' dir='ltr'>oon·</span> 
     </span>
     <span class='ocr_line' id='line_1_3' title="bbox 398 774 1451 868; baseline -0.002 -20"><span class='ocrx_word' id='word_1_18' title='bbox 398 779 557 867; x_wconf 86' lang='lat' dir='ltr'>poneret,</span> <span class='ocrx_word' id='word_1_19' title='bbox 588 779 649 848; x_wconf 90' lang='lat' dir='ltr'>aut</span> <span class='ocrx_word' id='word_1_20' title='bbox 676 775 809 848; x_wconf 91' lang='lat' dir='ltr'>bellum</span> <span class='ocrx_word' id='word_1_21' title='bbox 837 796 954 848; x_wconf 91' lang='lat' dir='ltr'>eorum</span> <span class='ocrx_word' id='word_1_22' title='bbox 983 774 1185 850; x_wconf 85' lang='lat' dir='ltr'>sufferentia</span> <span class='ocrx_word' id='word_1_23' title='bbox 1213 775 1451 868; x_wconf 79' lang='lat' dir='ltr'><strong>suspenderet.</strong></span> 
     </span>
    </p>
   </div>
   <div class='ocr_carea' id='block_1_3' title="bbox 458 1128 1889 1340">
    <p class='ocr_par' dir='ltr' id='par_1_3' title="bbox 458 1128 1889 1340">
     <span class='ocr_line' id='line_1_4' title="bbox 458 1128 1889 1218; baseline -0.001 -18"><span class='ocrx_word' id='word_1_24' title='bbox 458 1129 612 1202; x_wconf 78' lang='lat' dir='ltr'>Mardara</span> <span class='ocrx_word' id='word_1_25' title='bbox 634 1130 675 1201; x_wconf 84' lang='lat' dir='ltr'>de</span> <span class='ocrx_word' id='word_1_26' title='bbox 697 1130 828 1202; x_wconf 81' lang='lat' dir='ltr'>l‘lawau</span> <span class='ocrx_word' id='word_1_27' title='bbox 850 1129 1003 1218; x_wconf 69' lang='lat' dir='ltr'>lagides</span> <span class='ocrx_word' id='word_1_28' title='bbox 1025 1129 1174 1202; x_wconf 80' lang='grc' dir='ltr'>Ριιιιιιιι</span> <span class='ocrx_word' id='word_1_29' title='bbox 1196 1130 1412 1202; x_wconf 84' lang='lat' dir='ltr'>iuramentum</span> <span class='ocrx_word' id='word_1_30' title='bbox 1433 1130 1607 1202; x_wconf 73' lang='lat' dir='ltr'>nectutis</span> <span class='ocrx_word' id='word_1_31' title='bbox 1629 1129 1798 1199; x_wconf 81' lang='lat' dir='ltr'>llrzimiro</span> <span class='ocrx_word' id='word_1_32' title='bbox 1820 1128 1889 1217; x_wconf 75' lang='lat' dir='ltr'>lap</span> 
     </span>
     <span class='ocr_line' id='line_1_5' title="bbox 1091 1252 1253 1340; baseline 0.006 -19"><span class='ocrx_word' id='word_1_33' title='bbox 1091 1252 1253 1340; x_wconf 78' lang='lat' dir='ltr'>praestat.</span> 
     </span>
    </p>
   </div>
   <div class='ocr_carea' id='block_1_4' title="bbox 395 1498 1969 3042">
    <p class='ocr_par' dir='ltr' id='par_1_4' title="bbox 395 1498 1969 3042">
     <span class='ocr_line' id='line_1_6' title="bbox 501 1498 1927 1591; baseline 0.001 -19"><span class='ocrx_word' id='word_1_34' title='bbox 501 1499 545 1572; x_wconf 94' lang='lat' dir='ltr'>In</span> <span class='ocrx_word' id='word_1_35' title='bbox 572 1499 641 1571; x_wconf 90' lang='lat' dir='ltr'>fine</span> <span class='ocrx_word' id='word_1_36' title='bbox 668 1503 784 1571; x_wconf 90' lang='lat' dir='ltr'>autem</span> <span class='ocrx_word' id='word_1_37' title='bbox 812 1498 949 1572; x_wconf 77' lang='lat' dir='ltr'>diaetae</span> <span class='ocrx_word' id='word_1_38' title='bbox 967 1499 995 1588; x_wconf 83' lang='lat'>¹)</span> <span class='ocrx_word' id='word_1_39' title='bbox 1023 1499 1198 1572; x_wconf 88' lang='lat' dir='ltr'>Henrious</span> <span class='ocrx_word' id='word_1_40' title='bbox 1225 1499 1267 1572; x_wconf 93' lang='lat' dir='ltr'>de</span> <span class='ocrx_word' id='word_1_41' title='bbox 1295 1499 1435 1572; x_wconf 84' lang='lat' dir='ltr'>Plawen</span> <span class='ocrx_word' id='word_1_42' title='bbox 1463 1499 1633 1591; x_wconf 75' lang='lat' dir='ltr'>Magister</span> <span class='ocrx_word' id='word_1_43' title='bbox 1651 1520 1771 1571; x_wconf 81' lang='lat' dir='ltr'>novus</span> <span class='ocrx_word' id='word_1_44' title='bbox 1791 1500 1927 1574; x_wconf 84' lang='lat' dir='ltr'>Prussiae</span> 
     </span>
     <span class='ocr_line' id='line_1_7' title="bbox 397 1618 1928 1712; baseline 0 -18"><span class='ocrx_word' id='word_1_45' title='bbox 397 1618 589 1712; x_wconf 86' lang='lat' dir='ltr'>generalis,</span> <span class='ocrx_word' id='word_1_46' title='bbox 619 1639 698 1690; x_wconf 91' lang='lat' dir='ltr'>cum</span> <span class='ocrx_word' id='word_1_47' title='bbox 726 1618 861 1691; x_wconf 90' lang='lat' dir='ltr'>duobus</span> <span class='ocrx_word' id='word_1_48' title='bbox 889 1619 945 1691; x_wconf 91' lang='lat' dir='ltr'>sui</span> <span class='ocrx_word' id='word_1_49' title='bbox 973 1619 1113 1692; x_wconf 85' lang='lat' dir='ltr'><strong>Ordinis</strong></span> <span class='ocrx_word' id='word_1_50' title='bbox 1137 1619 1337 1707; x_wconf 76' lang='lat' dir='ltr'><strong>Fratribus,</strong></span> <span class='ocrx_word' id='word_1_51' title='bbox 1366 1619 1532 1693; x_wconf 85' lang='lat' dir='ltr'>videlieet</span> <span class='ocrx_word' id='word_1_52' title='bbox 1555 1619 1644 1693; x_wconf 77' lang='lat' dir='ltr'>cion</span> <span class='ocrx_word' id='word_1_53' title='bbox 1664 1620 1928 1694; x_wconf 74' lang='lat' dir='ltr'>commendatore</span> 
     </span>
     <span class='ocr_line' id='line_1_8' title="bbox 397 1738 1927 1832; baseline 0.002 -21"><span class='ocrx_word' id='word_1_54' title='bbox 397 1740 439 1812; x_wconf 89' lang='lat' dir='ltr'>de</span> <span class='ocrx_word' id='word_1_55' title='bbox 465 1739 708 1832; x_wconf 89' lang='lat' dir='ltr'>Brandeburg,</span> <span class='ocrx_word' id='word_1_56' title='bbox 742 1743 777 1811; x_wconf 87' lang='lat' dir='ltr'>et</span> <span class='ocrx_word' id='word_1_57' title='bbox 805 1739 954 1813; x_wconf 90' lang='lat' dir='ltr'>Martino</span> <span class='ocrx_word' id='word_1_58' title='bbox 987 1739 1162 1814; x_wconf 79' lang='lat' dir='ltr'>Gebsadel</span> <span class='ocrx_word' id='word_1_59' title='bbox 1177 1738 1208 1829; x_wconf 76' lang='grc'>2)</span> <span class='ocrx_word' id='word_1_60' title='bbox 1242 1741 1413 1832; x_wconf 79' lang='lat' dir='ltr'>(lompano</span> <span class='ocrx_word' id='word_1_61' title='bbox 1435 1738 1477 1828; x_wconf 80' lang='grc'>3),</span> <span class='ocrx_word' id='word_1_62' title='bbox 1512 1741 1768 1832; x_wconf 78' lang='lat' dir='ltr'>Ppotrkoriam</span> <span class='ocrx_word' id='word_1_63' title='bbox 1801 1741 1927 1831; x_wconf 81' lang='lat' dir='ltr'>advenit,</span> 
     </span>
     <span class='ocr_line' id='line_1_9' title="bbox 397 1859 1927 1953; baseline 0.001 -20"><span class='ocrx_word' id='word_1_64' title='bbox 397 1861 543 1934; x_wconf 91' lang='lat' dir='ltr'>comiter</span> <span class='ocrx_word' id='word_1_65' title='bbox 570 1882 590 1932; x_wconf 87' lang='lat' dir='ltr'>a</span> <span class='ocrx_word' id='word_1_66' title='bbox 617 1859 797 1933; x_wconf 85' lang='lat' dir='ltr'>Kauimiro</span> <span class='ocrx_word' id='word_1_67' title='bbox 830 1862 926 1953; x_wconf 85' lang='lat' dir='ltr'>Rege</span> <span class='ocrx_word' id='word_1_68' title='bbox 957 1860 1110 1934; x_wconf 88' lang='lat' dir='ltr'>habitus.</span> <span class='ocrx_word' id='word_1_69' title='bbox 1142 1862 1189 1934; x_wconf 85' lang='lat' dir='ltr'>Et</span> <span class='ocrx_word' id='word_1_70' title='bbox 1215 1861 1345 1934; x_wconf 88' lang='lat' dir='ltr'>foederi</span> <span class='ocrx_word' id='word_1_71' title='bbox 1371 1861 1468 1952; x_wconf 87' lang='lat' dir='ltr'>pacis</span> <span class='ocrx_word' id='word_1_72' title='bbox 1495 1865 1684 1952; x_wconf 80' lang='lat' dir='ltr'>perpetuae</span> <span class='ocrx_word' id='word_1_73' title='bbox 1715 1861 1927 1950; x_wconf 82' lang='lat' dir='ltr'>satisfaciens,</span> 
     </span>
     <span class='ocr_line' id='line_1_10' title="bbox 396 1981 1926 2081; baseline 0.002 -28"><span class='ocrx_word' id='word_1_74' title='bbox 396 1981 641 2055; x_wconf 90' lang='lat' dir='ltr'>iusiurandum</span> <span class='ocrx_word' id='word_1_75' title='bbox 668 1981 862 2073; x_wconf 89' lang='lat' dir='ltr'>corporale,</span> <span class='ocrx_word' id='word_1_76' title='bbox 891 1981 933 2054; x_wconf 95' lang='lat' dir='ltr'>de</span> <span class='ocrx_word' id='word_1_77' title='bbox 961 1981 1130 2054; x_wconf 87' lang='lat' dir='ltr'>fidelitate</span> <span class='ocrx_word' id='word_1_78' title='bbox 1158 1986 1194 2054; x_wconf 88' lang='lat' dir='ltr'>et</span> <span class='ocrx_word' id='word_1_79' title='bbox 1222 1981 1438 2055; x_wconf 91' lang='lat' dir='ltr'>subiectione</span> <span class='ocrx_word' id='word_1_80' title='bbox 1468 1981 1635 2081; x_wconf 89' lang='lat' dir='ltr'>Poloniae</span> <span class='ocrx_word' id='word_1_81' title='bbox 1662 1983 1828 2076; x_wconf 86' lang='lat' dir='ltr'><strong>Regibus</strong></span> <span class='ocrx_word' id='word_1_82' title='bbox 1852 2004 1926 2075; x_wconf 84' lang='lat' dir='ltr'>prae</span> 
     </span>
     <span class='ocr_line' id='line_1_11' title="bbox 397 2101 1926 2195; baseline -0.001 -18"><span class='ocrx_word' id='word_1_83' title='bbox 397 2103 538 2193; x_wconf 84' lang='lat' dir='ltr'>stando,</span> <span class='ocrx_word' id='word_1_84' title='bbox 567 2102 604 2175; x_wconf 92' lang='lat' dir='ltr'>in</span> <span class='ocrx_word' id='word_1_85' title='bbox 632 2102 792 2175; x_wconf 92' lang='lat' dir='ltr'>manibus</span> <span class='ocrx_word' id='word_1_86' title='bbox 820 2101 989 2174; x_wconf 89' lang='lat' dir='ltr'>Iohannis</span> <span class='ocrx_word' id='word_1_87' title='bbox 1017 2101 1173 2194; x_wconf 91' lang='lat' dir='ltr'>episcopi</span> <span class='ocrx_word' id='word_1_88' title='bbox 1196 2102 1453 2193; x_wconf 75' lang='lat' dir='ltr'>cracoviensis,</span> <span class='ocrx_word' id='word_1_89' title='bbox 1482 2103 1547 2176; x_wconf 91' lang='lat' dir='ltr'>snb</span> <span class='ocrx_word' id='word_1_90' title='bbox 1568 2103 1772 2195; x_wconf 85' lang='lat' dir='ltr'>frequentia</span> <span class='ocrx_word' id='word_1_91' title='bbox 1790 2104 1926 2176; x_wconf 85' lang='lat' dir='ltr'>consilia-</span> 
     </span>
     <span class='ocr_line' id='line_1_12' title="bbox 396 2221 1924 2315; baseline 0.001 -18"><span class='ocrx_word' id='word_1_92' title='bbox 396 2223 544 2313; x_wconf 89' lang='lat' dir='ltr'>riorum,</span> <span class='ocrx_word' id='word_1_93' title='bbox 572 2222 686 2315; x_wconf 92' lang='lat' dir='ltr'>prima</span> <span class='ocrx_word' id='word_1_94' title='bbox 713 2223 769 2295; x_wconf 88' lang='lat' dir='ltr'>dic</span> <span class='ocrx_word' id='word_1_95' title='bbox 797 2221 996 2296; x_wconf 74' lang='lat' dir='ltr'>Decembris</span> <span class='ocrx_word' id='word_1_96' title='bbox 1012 2223 1043 2312; x_wconf 83' lang='grc'>4)</span> <span class='ocrx_word' id='word_1_97' title='bbox 1071 2221 1265 2314; x_wconf 88' lang='lat' dir='ltr'>praestitit:</span> <span class='ocrx_word' id='word_1_98' title='bbox 1295 2224 1339 2296; x_wconf 89' lang='lat' dir='ltr'>ad</span> <span class='ocrx_word' id='word_1_99' title='bbox 1366 2225 1480 2296; x_wconf 92' lang='lat' dir='ltr'>locum</span> <span class='ocrx_word' id='word_1_100' title='bbox 1507 2224 1659 2315; x_wconf 92' lang='lat' dir='ltr'>primum</span> <span class='ocrx_word' id='word_1_101' title='bbox 1686 2224 1855 2297; x_wconf 86' lang='lat' dir='ltr'>sinistrae</span> <span class='ocrx_word' id='word_1_102' title='bbox 1872 2247 1924 2298; x_wconf 87' lang='lat' dir='ltr'>na-</span> 
     </span>
     <span class='ocr_line' id='line_1_13' title="bbox 396 2343 1969 2494; baseline 0.001 -77"><span class='ocrx_word' id='word_1_103' title='bbox 396 2367 464 2417; x_wconf 94' lang='lat' dir='ltr'>nus</span> <span class='ocrx_word' id='word_1_104' title='bbox 491 2343 617 2437; x_wconf 92' lang='lat' dir='ltr'>Regis,</span> <span class='ocrx_word' id='word_1_105' title='bbox 646 2344 689 2415; x_wconf 91' lang='lat' dir='ltr'>ad</span> <span class='ocrx_word' id='word_1_106' title='bbox 717 2343 833 2415; x_wconf 89' lang='lat' dir='ltr'>omnia</span> <span class='ocrx_word' id='word_1_107' title='bbox 851 2363 977 2417; x_wconf 88' lang='lat' dir='ltr'>areana</span> <span class='ocrx_word' id='word_1_108' title='bbox 994 2343 1109 2436; x_wconf 85' lang='lat' dir='ltr'>Regni</span> <span class='ocrx_word' id='word_1_109' title='bbox 1128 2343 1319 2433; x_wconf 90' lang='lat' dir='ltr'>admissus,</span> <span class='ocrx_word' id='word_1_110' title='bbox 1348 2344 1514 2436; x_wconf 88' lang='lat' dir='ltr'>prudenti</span> <span class='ocrx_word' id='word_1_111' title='bbox 1533 2345 1706 2418; x_wconf 89' lang='lat' dir='ltr'>modestia</span> <span class='ocrx_word' id='word_1_112' title='bbox 1726 2350 1764 2418; x_wconf 90' lang='lat' dir='ltr'>et</span> <span class='ocrx_word' id='word_1_113' title='bbox 1783 2346 1927 2418; x_wconf 79' lang='lat' dir='ltr'>instinctu</span> <span class='ocrx_word' id='word_1_114' title='bbox 1968 2405 1969 2494; x_wconf 32' lang='grc'>1</span> 
     </span>
     <span class='ocr_line' id='line_1_14' title="bbox 395 2463 1969 2564; baseline 0 -26"><span class='ocrx_word' id='word_1_115' title='bbox 395 2465 535 2559; x_wconf 90' lang='lat' dir='ltr'>singula</span> <span class='ocrx_word' id='word_1_116' title='bbox 561 2463 676 2556; x_wconf 92' lang='lat' dir='ltr'>Regni</span> <span class='ocrx_word' id='word_1_117' title='bbox 702 2463 843 2556; x_wconf 88' lang='lat' dir='ltr'>negotia</span> <span class='ocrx_word' id='word_1_118' title='bbox 870 2465 914 2536; x_wconf 91' lang='lat' dir='ltr'>ad</span> <span class='ocrx_word' id='word_1_119' title='bbox 941 2463 1211 2537; x_wconf 88' lang='lat' dir='ltr'>consultandum</span> <span class='ocrx_word' id='word_1_120' title='bbox 1237 2465 1433 2557; x_wconf 90' lang='lat' dir='ltr'>proposita,</span> <span class='ocrx_word' id='word_1_121' title='bbox 1453 2464 1632 2539; x_wconf 87' lang='lat' dir='ltr'>disseruit.</span> <span class='ocrx_word' id='word_1_122' title='bbox 1661 2466 1710 2538; x_wconf 88' lang='lat' dir='ltr'>Rt</span> <span class='ocrx_word' id='word_1_123' title='bbox 1730 2467 1924 2540; x_wconf 86' lang='lat' dir='ltr'>notabilibus</span> <span class='ocrx_word' id='word_1_124' title='bbox 1968 2511 1969 2564; x_wconf 75' lang='lat'>3</span> 
     </span>
     <span class='ocr_line' id='line_1_15' title="bbox 397 2584 1969 2678; baseline 0 -20"><span class='ocrx_word' id='word_1_125' title='bbox 397 2585 600 2659; x_wconf 91' lang='lat' dir='ltr'>muneribus</span> <span class='ocrx_word' id='word_1_126' title='bbox 627 2607 648 2657; x_wconf 93' lang='lat' dir='ltr'>a</span> <span class='ocrx_word' id='word_1_127' title='bbox 674 2584 854 2658; x_wconf 86' lang='lat' dir='ltr'>Kanimiro</span> <span class='ocrx_word' id='word_1_128' title='bbox 888 2585 984 2678; x_wconf 88' lang='lat' dir='ltr'>Rege</span> <span class='ocrx_word' id='word_1_129' title='bbox 1015 2585 1181 2673; x_wconf 86' lang='lat' dir='ltr'>donatus,</span> <span class='ocrx_word' id='word_1_130' title='bbox 1214 2585 1251 2657; x_wconf 94' lang='lat' dir='ltr'>in</span> <span class='ocrx_word' id='word_1_131' title='bbox 1279 2585 1420 2677; x_wconf 91' lang='lat' dir='ltr'>propria</span> <span class='ocrx_word' id='word_1_132' title='bbox 1450 2585 1567 2658; x_wconf 91' lang='lat' dir='ltr'>rediit.</span> <span class='ocrx_word' id='word_1_133' title='bbox 1601 2586 1810 2660; x_wconf 80' lang='lat' dir='ltr'>Karimirus</span> <span class='ocrx_word' id='word_1_134' title='bbox 1835 2597 1925 2660; x_wconf 89' lang='lat' dir='ltr'>auten</span> <span class='ocrx_word' id='word_1_135' title='bbox 1968 2589 1969 2650; x_wconf 65' lang='lat' dir='ltr'>l</span> 
     </span>
     <span class='ocr_line' id='line_1_16' title="bbox 398 2705 1925 2797; baseline -0.001 -17"><span class='ocrx_word' id='word_1_136' title='bbox 398 2707 476 2780; x_wconf 85' lang='lat' dir='ltr'>Rex</span> <span class='ocrx_word' id='word_1_137' title='bbox 505 2727 567 2779; x_wconf 84' lang='lat' dir='ltr'>sex</span> <span class='ocrx_word' id='word_1_138' title='bbox 595 2705 821 2778; x_wconf 90' lang='lat' dir='ltr'>hebdomadis</span> <span class='ocrx_word' id='word_1_139' title='bbox 845 2705 882 2777; x_wconf 91' lang='lat' dir='ltr'>in</span> <span class='ocrx_word' id='word_1_140' title='bbox 900 2706 1016 2778; x_wconf 87' lang='lat' dir='ltr'>diaeta</span> <span class='ocrx_word' id='word_1_141' title='bbox 1043 2705 1313 2796; x_wconf 81' lang='lat' dir='ltr'>Ppotrhoviensi</span> <span class='ocrx_word' id='word_1_142' title='bbox 1341 2706 1493 2795; x_wconf 85' lang='lat' dir='ltr'>exactis,</span> <span class='ocrx_word' id='word_1_143' title='bbox 1522 2707 1675 2780; x_wconf 90' lang='lat' dir='ltr'>secunda</span> <span class='ocrx_word' id='word_1_144' title='bbox 1689 2707 1723 2797; x_wconf 85' lang='grc'>5)</span> <span class='ocrx_word' id='word_1_145' title='bbox 1752 2708 1925 2782; x_wconf 79' lang='lat' dir='ltr'>Decembris</span> 
     </span>
     <span class='ocr_line' id='line_1_17' title="bbox 397 2825 1924 2920; baseline 0.001 -20"><span class='ocrx_word' id='word_1_146' title='bbox 397 2827 479 2900; x_wconf 92' lang='lat' dir='ltr'>inde</span> <span class='ocrx_word' id='word_1_147' title='bbox 507 2848 684 2920; x_wconf 89' lang='lat' dir='ltr'>egressus,</span> <span class='ocrx_word' id='word_1_148' title='bbox 714 2831 749 2899; x_wconf 92' lang='lat' dir='ltr'>et</span> <span class='ocrx_word' id='word_1_149' title='bbox 776 2826 813 2899; x_wconf 95' lang='lat' dir='ltr'>in</span> <span class='ocrx_word' id='word_1_150' title='bbox 839 2825 974 2900; x_wconf 90' lang='lat' dir='ltr'>Radom</span> <span class='ocrx_word' id='word_1_151' title='bbox 1002 2826 1225 2920; x_wconf 83' lang='lat' dir='ltr'>perveniens,</span> <span class='ocrx_word' id='word_1_152' title='bbox 1254 2827 1291 2900; x_wconf 92' lang='lat' dir='ltr'>in</span> <span class='ocrx_word' id='word_1_153' title='bbox 1317 2826 1545 2900; x_wconf 88' lang='lat' dir='ltr'>Lithuaniam</span> <span class='ocrx_word' id='word_1_154' title='bbox 1569 2847 1648 2900; x_wconf 89' lang='lat' dir='ltr'>cum</span> <span class='ocrx_word' id='word_1_155' title='bbox 1668 2828 1852 2902; x_wconf 84' lang='lat' dir='ltr'>Elisabeth</span> <span class='ocrx_word' id='word_1_156' title='bbox 1875 2830 1924 2902; x_wconf 87' lang='lat' dir='ltr'>Re·</span> 
     </span>
     <span class='ocr_line' id='line_1_18' title="bbox 397 2947 709 3042; baseline -0.003 -22"><span class='ocrx_word' id='word_1_157' title='bbox 397 2949 481 3042; x_wconf 90' lang='lat' dir='ltr'>gina</span> <span class='ocrx_word' id='word_1_158' title='bbox 495 2949 528 3037; x_wconf 76' lang='grc'>6)</span> <span class='ocrx_word' id='word_1_159' title='bbox 555 2947 709 3020; x_wconf 90' lang='lat' dir='ltr'>transiit.</span> 
     </span>
    </p>
   </div>
   <div class='ocr_carea' id='block_1_5' title="bbox 397 3551 1969 4862">
    <p class='ocr_par' dir='ltr' id='par_1_5' title="bbox 397 3551 1969 4862">
     <span class='ocr_line' id='line_1_19' title="bbox 503 3551 1969 3650; baseline 0 -25"><span class='ocrx_word' id='word_1_160' title='bbox 503 3553 568 3626; x_wconf 90' lang='lat' dir='ltr'>Die</span> <span class='ocrx_word' id='word_1_161' title='bbox 597 3553 710 3643; x_wconf 88' lang='lat' dir='ltr'>Solis,</span> <span class='ocrx_word' id='word_1_162' title='bbox 738 3552 866 3626; x_wconf 90' lang='lat' dir='ltr'>ultima</span> <span class='ocrx_word' id='word_1_163' title='bbox 893 3551 1093 3626; x_wconf 82' lang='lat' dir='ltr'>Decembris</span> <span class='ocrx_word' id='word_1_164' title='bbox 1110 3553 1152 3643; x_wconf 81' lang='lat'>⁷),</span> <span class='ocrx_word' id='word_1_165' title='bbox 1181 3551 1355 3626; x_wconf 89' lang='lat' dir='ltr'>Heuricus</span> <span class='ocrx_word' id='word_1_166' title='bbox 1374 3553 1416 3626; x_wconf 94' lang='lat' dir='ltr'>de</span> <span class='ocrx_word' id='word_1_167' title='bbox 1435 3554 1575 3626; x_wconf 86' lang='lat' dir='ltr'>Plawen</span> <span class='ocrx_word' id='word_1_168' title='bbox 1595 3553 1768 3647; x_wconf 84' lang='lat' dir='ltr'>Magister</span> <span class='ocrx_word' id='word_1_169' title='bbox 1786 3554 1921 3628; x_wconf 83' lang='lat' dir='ltr'>Prussiae</span> <span class='ocrx_word' id='word_1_170' title='bbox 1968 3593 1969 3650; x_wconf 64' lang='grc' dir='ltr'>ι</span> 
     </span>
     <span class='ocr_line' id='line_1_20' title="bbox 399 3655 1969 3768; baseline -0.002 -21"><span class='ocrx_word' id='word_1_171' title='bbox 399 3673 590 3768; x_wconf 88' lang='lat' dir='ltr'>generalis,</span> <span class='ocrx_word' id='word_1_172' title='bbox 620 3675 702 3746; x_wconf 91' lang='lat' dir='ltr'>dum</span> <span class='ocrx_word' id='word_1_173' title='bbox 727 3695 770 3747; x_wconf 85' lang='lat' dir='ltr'>ex</span> <span class='ocrx_word' id='word_1_174' title='bbox 789 3673 905 3747; x_wconf 88' lang='lat' dir='ltr'>diaeta</span> <span class='ocrx_word' id='word_1_175' title='bbox 931 3673 1201 3766; x_wconf 78' lang='lat' dir='ltr'>Pyctrkouiensi</span> <span class='ocrx_word' id='word_1_176' title='bbox 1228 3693 1406 3763; x_wconf 86' lang='lat' dir='ltr'>reversus,</span> <span class='ocrx_word' id='word_1_177' title='bbox 1435 3673 1528 3768; x_wconf 90' lang='lat' dir='ltr'>apud</span> <span class='ocrx_word' id='word_1_178' title='bbox 1555 3674 1706 3768; x_wconf 91' lang='lat' dir='ltr'>Morung</span> <span class='ocrx_word' id='word_1_179' title='bbox 1733 3679 1862 3768; x_wconf 87' lang='lat' dir='ltr'>agerat,</span> <span class='ocrx_word' id='word_1_180' title='bbox 1884 3676 1921 3746; x_wconf 92' lang='lat' dir='ltr'>in·</span> <span class='ocrx_word' id='word_1_181' title='bbox 1968 3655 1969 3706; x_wconf 66' lang='lat'>³</span> 
     </span>
     <span class='ocr_line' id='line_1_21' title="bbox 399 3793 1920 3888; baseline 0 -22"><span class='ocrx_word' id='word_1_182' title='bbox 399 3799 454 3868; x_wconf 88' lang='lat' dir='ltr'>ter</span> <span class='ocrx_word' id='word_1_183' title='bbox 480 3794 719 3888; x_wconf 88' lang='lat' dir='ltr'>prandendum</span> <span class='ocrx_word' id='word_1_184' title='bbox 748 3793 865 3867; x_wconf 89' lang='lat' dir='ltr'>subito</span> <span class='ocrx_word' id='word_1_185' title='bbox 892 3795 1080 3887; x_wconf 85' lang='lat' dir='ltr'>apoplexia</span> <span class='ocrx_word' id='word_1_186' title='bbox 1106 3815 1310 3886; x_wconf 87' lang='lat' dir='ltr'>percussus,</span> <span class='ocrx_word' id='word_1_187' title='bbox 1343 3817 1364 3868; x_wconf 93' lang='lat' dir='ltr'>a</span> <span class='ocrx_word' id='word_1_188' title='bbox 1391 3795 1513 3868; x_wconf 88' lang='lat' dir='ltr'>tabula</span> <span class='ocrx_word' id='word_1_189' title='bbox 1539 3795 1576 3866; x_wconf 93' lang='lat' dir='ltr'>in</span> <span class='ocrx_word' id='word_1_190' title='bbox 1603 3799 1735 3868; x_wconf 89' lang='lat' dir='ltr'>terram</span> <span class='ocrx_word' id='word_1_191' title='bbox 1764 3797 1920 3888; x_wconf 84' lang='lat' dir='ltr'>prolapsus</span> 
     </span>
     <span class='ocr_line' id='line_1_22' title="bbox 397 3915 1919 4009; baseline 0 -21"><span class='ocrx_word' id='word_1_192' title='bbox 397 3919 461 3990; x_wconf 89' lang='lat' dir='ltr'>est.</span> <span class='ocrx_word' id='word_1_193' title='bbox 488 3916 535 3988; x_wconf 85' lang='lat' dir='ltr'>Rt</span> <span class='ocrx_word' id='word_1_194' title='bbox 553 3915 720 4008; x_wconf 90' lang='lat' dir='ltr'>loquendi</span> <span class='ocrx_word' id='word_1_195' title='bbox 739 3915 878 4009; x_wconf 89' lang='lat' dir='ltr'>organis</span> <span class='ocrx_word' id='word_1_196' title='bbox 906 3915 1097 4005; x_wconf 84' lang='lat' dir='ltr'>conclusis,</span> <span class='ocrx_word' id='word_1_197' title='bbox 1126 3915 1183 3990; x_wconf 93' lang='lat' dir='ltr'>dio</span> <span class='ocrx_word' id='word_1_198' title='bbox 1209 3915 1349 4004; x_wconf 89' lang='lat' dir='ltr'>Martis,</span> <span class='ocrx_word' id='word_1_199' title='bbox 1379 3915 1531 3988; x_wconf 90' lang='lat' dir='ltr'>secunda</span> <span class='ocrx_word' id='word_1_200' title='bbox 1552 3915 1713 3990; x_wconf 86' lang='lat' dir='ltr'>Ianuarii</span> <span class='ocrx_word' id='word_1_201' title='bbox 1727 3915 1761 4006; x_wconf 79' lang='grc'>8)</span> <span class='ocrx_word' id='word_1_202' title='bbox 1790 3917 1919 4002; x_wconf 89' lang='lat' dir='ltr'>moritu,</span> 
     </span>
     <span class='ocr_line' id='line_1_23' title="bbox 397 4035 1920 4133; baseline -0.002 -25"><span class='ocrx_word' id='word_1_203' title='bbox 397 4039 433 4109; x_wconf 91' lang='lat' dir='ltr'>et</span> <span class='ocrx_word' id='word_1_204' title='bbox 460 4035 497 4108; x_wconf 91' lang='lat' dir='ltr'>in</span> <span class='ocrx_word' id='word_1_205' title='bbox 524 4036 702 4130; x_wconf 87' lang='lat' dir='ltr'>Kinsberg</span> <span class='ocrx_word' id='word_1_206' title='bbox 728 4035 908 4126; x_wconf 84' lang='lat' dir='ltr'>reductus,</span> <span class='ocrx_word' id='word_1_207' title='bbox 938 4035 1014 4108; x_wconf 90' lang='lat' dir='ltr'>illic</span> <span class='ocrx_word' id='word_1_208' title='bbox 1041 4036 1098 4110; x_wconf 91' lang='lat' dir='ltr'>die</span> <span class='ocrx_word' id='word_1_209' title='bbox 1125 4035 1288 4126; x_wconf 89' lang='lat' dir='ltr'>Veneris,</span> <span class='ocrx_word' id='word_1_210' title='bbox 1318 4036 1442 4129; x_wconf 88' lang='lat' dir='ltr'>quinta</span> <span class='ocrx_word' id='word_1_211' title='bbox 1469 4036 1626 4110; x_wconf 87' lang='lat' dir='ltr'>Ianuarii</span> <span class='ocrx_word' id='word_1_212' title='bbox 1649 4038 1833 4133; x_wconf 88' lang='lat' dir='ltr'>sepelitur.</span> <span class='ocrx_word' id='word_1_213' title='bbox 1858 4038 1920 4109; x_wconf 87' lang='lat' dir='ltr'>Post</span> 
     </span>
     <span class='ocr_line' id='line_1_24' title="bbox 398 4156 1919 4250; baseline -0.001 -20"><span class='ocrx_word' id='word_1_214' title='bbox 398 4156 499 4230; x_wconf 90' lang='lat' dir='ltr'>cuius</span> <span class='ocrx_word' id='word_1_215' title='bbox 527 4161 672 4230; x_wconf 88' lang='lat' dir='ltr'>mortam</span> <span class='ocrx_word' id='word_1_216' title='bbox 699 4156 873 4230; x_wconf 89' lang='lat' dir='ltr'>Henricus</span> <span class='ocrx_word' id='word_1_217' title='bbox 893 4157 935 4229; x_wconf 93' lang='lat' dir='ltr'>de</span> <span class='ocrx_word' id='word_1_218' title='bbox 954 4156 1207 4250; x_wconf 89' lang='lat' dir='ltr'>Richtemburg</span> <span class='ocrx_word' id='word_1_219' title='bbox 1221 4157 1252 4246; x_wconf 77' lang='grc'>9)</span> <span class='ocrx_word' id='word_1_220' title='bbox 1280 4178 1428 4250; x_wconf 90' lang='lat' dir='ltr'>magnus</span> <span class='ocrx_word' id='word_1_221' title='bbox 1456 4157 1736 4248; x_wconf 76' lang='lat' dir='ltr'>commendator,</span> <span class='ocrx_word' id='word_1_222' title='bbox 1767 4160 1811 4232; x_wconf 93' lang='lat' dir='ltr'>ad</span> <span class='ocrx_word' id='word_1_223' title='bbox 1828 4163 1919 4231; x_wconf 86' lang='lat' dir='ltr'>teuen-</span> 
     </span>
     <span class='ocr_line' id='line_1_25' title="bbox 397 4277 1918 4371; baseline -0.001 -21"><span class='ocrx_word' id='word_1_224' title='bbox 397 4277 480 4350; x_wconf 90' lang='lat' dir='ltr'>dnm</span> <span class='ocrx_word' id='word_1_225' title='bbox 506 4279 623 4352; x_wconf 89' lang='lat' dir='ltr'>locum</span> <span class='ocrx_word' id='word_1_226' title='bbox 651 4277 827 4370; x_wconf 86' lang='lat' dir='ltr'>Magistri,</span> <span class='ocrx_word' id='word_1_227' title='bbox 855 4277 964 4350; x_wconf 88' lang='lat' dir='ltr'>donoc</span> <span class='ocrx_word' id='word_1_228' title='bbox 991 4277 1108 4350; x_wconf 91' lang='lat' dir='ltr'>iustus</span> <span class='ocrx_word' id='word_1_229' title='bbox 1136 4277 1324 4371; x_wconf 87' lang='lat' dir='ltr'>eligeretur</span> <span class='ocrx_word' id='word_1_230' title='bbox 1350 4277 1534 4371; x_wconf 85' lang='lat' dir='ltr'>Magister,</span> <span class='ocrx_word' id='word_1_231' title='bbox 1564 4278 1732 4353; x_wconf 87' lang='lat' dir='ltr'>suffectus</span> <span class='ocrx_word' id='word_1_232' title='bbox 1763 4284 1827 4352; x_wconf 90' lang='lat' dir='ltr'>est.</span> <span class='ocrx_word' id='word_1_233' title='bbox 1852 4278 1918 4350; x_wconf 89' lang='lat' dir='ltr'>Mor·</span> 
     </span>
     <span class='ocr_line' id='line_1_26' title="bbox 398 4397 1920 4491; baseline 0 -21"><span class='ocrx_word' id='word_1_234' title='bbox 398 4404 470 4473; x_wconf 89' lang='lat' dir='ltr'>tem</span> <span class='ocrx_word' id='word_1_235' title='bbox 497 4401 615 4472; x_wconf 90' lang='lat' dir='ltr'>autem</span> <span class='ocrx_word' id='word_1_236' title='bbox 642 4397 808 4472; x_wconf 89' lang='lat' dir='ltr'>Prussiae</span> <span class='ocrx_word' id='word_1_237' title='bbox 835 4397 997 4491; x_wconf 90' lang='lat' dir='ltr'>Magistri</span> <span class='ocrx_word' id='word_1_238' title='bbox 1025 4398 1185 4487; x_wconf 83' lang='lat' dir='ltr'>Hauriat,</span> <span class='ocrx_word' id='word_1_239' title='bbox 1215 4397 1321 4471; x_wconf 86' lang='lat' dir='ltr'>etiam</span> <span class='ocrx_word' id='word_1_240' title='bbox 1348 4419 1440 4471; x_wconf 93' lang='lat' dir='ltr'>mors</span> <span class='ocrx_word' id='word_1_241' title='bbox 1468 4399 1638 4472; x_wconf 89' lang='lat' dir='ltr'>Bernardi</span> <span class='ocrx_word' id='word_1_242' title='bbox 1665 4400 1707 4473; x_wconf 91' lang='lat' dir='ltr'>de</span> <span class='ocrx_word' id='word_1_243' title='bbox 1733 4399 1920 4488; x_wconf 87' lang='lat' dir='ltr'>Schumborg</span> 
     </span>
     <span class='ocr_line' id='line_1_27' title="bbox 398 4519 1916 4613; baseline -0.001 -21"><span class='ocrx_word' id='word_1_244' title='bbox 398 4523 478 4612; x_wconf 90' lang='lat' dir='ltr'>post</span> <span class='ocrx_word' id='word_1_245' title='bbox 505 4519 580 4594; x_wconf 93' lang='lat' dir='ltr'>dies</span> <span class='ocrx_word' id='word_1_246' title='bbox 608 4519 762 4612; x_wconf 86' lang='lat' dir='ltr'>quinque</span> <span class='ocrx_word' id='word_1_247' title='bbox 789 4529 910 4594; x_wconf 87' lang='lat' dir='ltr'>secuta</span> <span class='ocrx_word' id='word_1_248' title='bbox 928 4523 996 4593; x_wconf 88' lang='lat' dir='ltr'>est:</span> <span class='ocrx_word' id='word_1_249' title='bbox 1026 4540 1159 4593; x_wconf 81' lang='lat' dir='ltr'>veneno</span> <span class='ocrx_word' id='word_1_250' title='bbox 1178 4519 1359 4608; x_wconf 84' lang='lat' dir='ltr'>muliebri,</span> <span class='ocrx_word' id='word_1_251' title='bbox 1383 4523 1423 4591; x_wconf 90' lang='lat' dir='ltr'>ut</span> <span class='ocrx_word' id='word_1_252' title='bbox 1442 4519 1601 4612; x_wconf 90' lang='lat' dir='ltr'>plerique</span> <span class='ocrx_word' id='word_1_253' title='bbox 1619 4526 1845 4613; x_wconf 82' lang='lat' dir='ltr'>putaverant,</span> <span class='ocrx_word' id='word_1_254' title='bbox 1861 4539 1916 4612; x_wconf 83' lang='lat' dir='ltr'>pro</span> 
     </span>
     <span class='ocr_line' id='line_1_28' title="bbox 398 4639 1918 4733; baseline -0.004 -20"><span class='ocrx_word' id='word_1_255' title='bbox 398 4645 529 4714; x_wconf 85' lang='lat' dir='ltr'>curata.</span> <span class='ocrx_word' id='word_1_256' title='bbox 558 4639 626 4733; x_wconf 77' lang='lat' dir='ltr'>Qui</span> <span class='ocrx_word' id='word_1_257' title='bbox 652 4639 689 4712; x_wconf 93' lang='lat' dir='ltr'>in</span> <span class='ocrx_word' id='word_1_258' title='bbox 717 4640 836 4714; x_wconf 80' lang='lat' dir='ltr'>Chelm</span> <span class='ocrx_word' id='word_1_259' title='bbox 870 4640 935 4714; x_wconf 93' lang='lat' dir='ltr'>sub</span> <span class='ocrx_word' id='word_1_260' title='bbox 968 4644 1039 4714; x_wconf 88' lang='lat' dir='ltr'>tam</span> <span class='ocrx_word' id='word_1_261' title='bbox 1067 4661 1194 4732; x_wconf 89' lang='lat' dir='ltr'>magna</span> <span class='ocrx_word' id='word_1_262' title='bbox 1220 4639 1308 4712; x_wconf 87' lang='lat' dir='ltr'>obiit</span> <span class='ocrx_word' id='word_1_263' title='bbox 1340 4643 1512 4733; x_wconf 89' lang='lat' dir='ltr'>egestate,</span> <span class='ocrx_word' id='word_1_264' title='bbox 1544 4644 1586 4714; x_wconf 94' lang='lat' dir='ltr'>ut</span> <span class='ocrx_word' id='word_1_265' title='bbox 1614 4641 1728 4714; x_wconf 84' lang='lat' dir='ltr'>funeri</span> <span class='ocrx_word' id='word_1_266' title='bbox 1759 4663 1821 4714; x_wconf 93' lang='lat' dir='ltr'>suo</span> <span class='ocrx_word' id='word_1_267' title='bbox 1844 4639 1918 4712; x_wconf 85' lang='lat' dir='ltr'>nulla</span> 
     </span>
     <span class='ocr_line' id='line_1_29' title="bbox 397 4757 1916 4862; baseline -0.004 -28"><span class='ocrx_word' id='word_1_268' title='bbox 397 4761 492 4834; x_wconf 90' lang='lat' dir='ltr'>iusta</span> <span class='ocrx_word' id='word_1_269' title='bbox 511 4761 628 4834; x_wconf 88' lang='lat' dir='ltr'>soluta</span> <span class='ocrx_word' id='word_1_270' title='bbox 646 4758 734 4850; x_wconf 91' lang='lat' dir='ltr'>siut,</span> <span class='ocrx_word' id='word_1_271' title='bbox 759 4763 793 4834; x_wconf 89' lang='lat' dir='ltr'>et</span> <span class='ocrx_word' id='word_1_272' title='bbox 811 4765 852 4834; x_wconf 91' lang='lat' dir='ltr'>ut</span> <span class='ocrx_word' id='word_1_273' title='bbox 870 4761 976 4854; x_wconf 84' lang='lat' dir='ltr'>vulgo</span> <span class='ocrx_word' id='word_1_274' title='bbox 995 4761 1111 4850; x_wconf 88' lang='lat' dir='ltr'>aiunt,</span> <span class='ocrx_word' id='word_1_275' title='bbox 1132 4765 1268 4834; x_wconf 92' lang='lat' dir='ltr'>mortuo</span> <span class='ocrx_word' id='word_1_276' title='bbox 1286 4781 1393 4854; x_wconf 88' lang='lat' dir='ltr'>rogus</span> <span class='ocrx_word' id='word_1_277' title='bbox 1412 4765 1449 4862; x_wconf 83' lang='lat' dir='ltr'>et</span> <span class='ocrx_word' id='word_1_278' title='bbox 1465 4757 1579 4835; x_wconf 87' lang='lat' dir='ltr'>lectus</span> <span class='ocrx_word' id='word_1_279' title='bbox 1599 4762 1767 4836; x_wconf 83' lang='lat' dir='ltr'>funereus</span> <span class='ocrx_word' id='word_1_280' title='bbox 1787 4758 1916 4835; x_wconf 87' lang='lat' dir='ltr'>deluerit</span> 
     </span>
    </p>
   </div>
   <div class='ocr_carea' id='block_1_6' title="bbox 732 3301 1612 3393">
    <p class='ocr_par' dir='ltr' id='par_1_6' title="bbox 732 3301 1612 3393">
     <span class='ocr_line' id='line_1_30' title="bbox 732 3301 1612 3393; baseline 0.001 -19"><span class='ocrx_word' id='word_1_281' title='bbox 732 3303 886 3393; x_wconf 81' lang='lat' dir='ltr'>lagirter</span> <span class='ocrx_word' id='word_1_282' title='bbox 907 3301 1055 3375; x_wconf 73' lang='lat' dir='ltr'>rusca</span> <span class='ocrx_word' id='word_1_283' title='bbox 1076 3303 1232 3376; x_wconf 75' lang='lat' dir='ltr'>dandene</span> <span class='ocrx_word' id='word_1_284' title='bbox 1254 3303 1294 3376; x_wconf 86' lang='lat' dir='ltr'>dc</span> <span class='ocrx_word' id='word_1_285' title='bbox 1317 3304 1446 3376; x_wconf 79' lang='lat' dir='ltr'>l&#39;lawen</span> <span class='ocrx_word' id='word_1_286' title='bbox 1468 3305 1612 3378; x_wconf 87' lang='lat' dir='ltr'>moritur.</span> 
     </span>
    </p>
   </div>
   <div class='ocr_carea' id='block_1_7' title="bbox 398 5064 1914 5262">
    <p class='ocr_par' dir='ltr' id='par_1_7' title="bbox 398 5064 1914 5262">
     <span class='ocr_line' id='line_1_31' title="bbox 508 5064 1914 5157; baseline 0.004 -25"><span class='ocrx_word' id='word_1_287' title='bbox 508 5071 531 5152; x_wconf 88' lang='lat'>¹)</span> <span class='ocrx_word' id='word_1_288' title='bbox 553 5071 722 5133; x_wconf 87' lang='lat' dir='ltr'>huiusmodi</span> <span class='ocrx_word' id='word_1_289' title='bbox 745 5069 862 5133; x_wconf 79' lang='lat' dir='ltr'>diaetae</span> <span class='ocrx_word' id='word_1_290' title='bbox 883 5071 1123 5150; x_wconf 79' lang='lat' dir='ltr'>Pyotroovieusie</span> <span class='ocrx_word' id='word_1_291' title='bbox 1145 5067 1209 5134; x_wconf 83' lang='lat' dir='ltr'>Ed.</span> <span class='ocrx_word' id='word_1_292' title='bbox 1232 5068 1322 5154; x_wconf 97' lang='grc' dir='ltr'>[ιρι.</span> <span class='ocrx_word' id='word_1_293' title='bbox 1338 5067 1363 5152; x_wconf 81' lang='lat'>²)</span> <span class='ocrx_word' id='word_1_294' title='bbox 1382 5071 1552 5150; x_wconf 79' lang='lat' dir='ltr'>Gyebsadcl</span> <span class='ocrx_word' id='word_1_295' title='bbox 1567 5064 1631 5135; x_wconf 84' lang='lat' dir='ltr'>Ed.</span> <span class='ocrx_word' id='word_1_296' title='bbox 1647 5069 1742 5157; x_wconf 80' lang='grc' dir='ltr'>[ιρι.</span> <span class='ocrx_word' id='word_1_297' title='bbox 1759 5069 1914 5152; x_wconf 72' lang='lat' dir='ltr'>(cahaad).</span> 
     </span>
     <span class='ocr_line' id='line_1_32' title="bbox 398 5171 1913 5262; baseline -0.003 -24"><span class='ocrx_word' id='word_1_298' title='bbox 398 5176 423 5256; x_wconf 58' lang='grc' dir='ltr'>ι)</span> <span class='ocrx_word' id='word_1_299' title='bbox 447 5177 558 5238; x_wconf 83' lang='lat' dir='ltr'>Oomno</span> <span class='ocrx_word' id='word_1_300' title='bbox 579 5171 643 5239; x_wconf 84' lang='lat' dir='ltr'>Ed.</span> <span class='ocrx_word' id='word_1_301' title='bbox 666 5172 758 5259; x_wconf 86' lang='grc' dir='ltr'>[ιρι.</span> <span class='ocrx_word' id='word_1_302' title='bbox 782 5172 809 5255; x_wconf 85' lang='lat'>⁴)</span> <span class='ocrx_word' id='word_1_303' title='bbox 831 5176 942 5237; x_wconf 87' lang='lat' dir='ltr'>mensis</span> <span class='ocrx_word' id='word_1_304' title='bbox 964 5175 1137 5238; x_wconf 90' lang='lat' dir='ltr'>Decembris</span> <span class='ocrx_word' id='word_1_305' title='bbox 1159 5171 1223 5236; x_wconf 81' lang='lat' dir='ltr'>Ed.</span> <span class='ocrx_word' id='word_1_306' title='bbox 1247 5172 1339 5257; x_wconf 89' lang='grc' dir='ltr'>[ιρι.</span> <span class='ocrx_word' id='word_1_307' title='bbox 1366 5173 1393 5254; x_wconf 76' lang='lat'>⁵)</span> <span class='ocrx_word' id='word_1_308' title='bbox 1415 5175 1545 5237; x_wconf 87' lang='lat' dir='ltr'>secunda</span> <span class='ocrx_word' id='word_1_309' title='bbox 1567 5176 1617 5238; x_wconf 93' lang='lat' dir='ltr'>die</span> <span class='ocrx_word' id='word_1_310' title='bbox 1638 5173 1702 5239; x_wconf 82' lang='lat' dir='ltr'>Ed.</span> <span class='ocrx_word' id='word_1_311' title='bbox 1726 5175 1816 5262; x_wconf 87' lang='grc' dir='ltr'>[ιρι.</span> <span class='ocrx_word' id='word_1_312' title='bbox 1838 5175 1913 5256; x_wconf 81' lang='lat' dir='ltr'>&#39;)Re</span> 
     </span>
    </p>
   </div>
   <div class='ocr_carea' id='block_1_8' title="bbox 397 5271 1913 5465">
    <p class='ocr_par' dir='ltr' id='par_1_8' title="bbox 397 5271 1913 5465">
     <span class='ocr_line' id='line_1_33' title="bbox 397 5271 1913 5361; baseline -0.001 -21"><span class='ocrx_word' id='word_1_313' title='bbox 397 5281 469 5357; x_wconf 82' lang='lat' dir='ltr'>gina</span> <span class='ocrx_word' id='word_1_314' title='bbox 498 5284 634 5341; x_wconf 87' lang='lat' dir='ltr'>consorte</span> <span class='ocrx_word' id='word_1_315' title='bbox 664 5297 719 5341; x_wconf 86' lang='lat' dir='ltr'>sua</span> <span class='ocrx_word' id='word_1_316' title='bbox 747 5275 810 5342; x_wconf 77' lang='lat' dir='ltr'>Ed.</span> <span class='ocrx_word' id='word_1_317' title='bbox 841 5275 932 5360; x_wconf 78' lang='grc' dir='ltr'>[ιρι.</span> <span class='ocrx_word' id='word_1_318' title='bbox 964 5275 989 5357; x_wconf 81' lang='lat'>⁷)</span> <span class='ocrx_word' id='word_1_319' title='bbox 1012 5279 1122 5340; x_wconf 88' lang='lat' dir='ltr'>mensis</span> <span class='ocrx_word' id='word_1_320' title='bbox 1145 5279 1318 5340; x_wconf 89' lang='lat' dir='ltr'>Decembris</span> <span class='ocrx_word' id='word_1_321' title='bbox 1341 5275 1404 5340; x_wconf 73' lang='lat' dir='ltr'>Ed.</span> <span class='ocrx_word' id='word_1_322' title='bbox 1428 5275 1519 5361; x_wconf 88' lang='grc' dir='ltr'>[ιρι.</span> <span class='ocrx_word' id='word_1_323' title='bbox 1547 5277 1573 5360; x_wconf 77' lang='grc'>8)</span> <span class='ocrx_word' id='word_1_324' title='bbox 1597 5283 1708 5344; x_wconf 84' lang='lat' dir='ltr'>mensis</span> <span class='ocrx_word' id='word_1_325' title='bbox 1731 5281 1853 5344; x_wconf 80' lang='lat' dir='ltr'>Ianuarii</span> <span class='ocrx_word' id='word_1_326' title='bbox 1869 5271 1913 5340; x_wconf 76' lang='lat' dir='ltr'>Mt</span> 
     </span>
     <span class='ocr_line' id='line_1_34' title="bbox 397 5377 1221 5465; baseline -0.002 -21"><span class='ocrx_word' id='word_1_327' title='bbox 397 5380 488 5465; x_wconf 89' lang='grc' dir='ltr'>[ιρι.</span> <span class='ocrx_word' id='word_1_328' title='bbox 513 5381 540 5463; x_wconf 83' lang='lat'>⁹)</span> <span class='ocrx_word' id='word_1_329' title='bbox 562 5382 764 5459; x_wconf 88' lang='lat' dir='ltr'>Richtenburg</span> <span class='ocrx_word' id='word_1_330' title='bbox 787 5377 850 5443; x_wconf 84' lang='lat' dir='ltr'>Ed.</span> <span class='ocrx_word' id='word_1_331' title='bbox 875 5379 964 5465; x_wconf 90' lang='grc' dir='ltr'>[ιρι.</span> <span class='ocrx_word' id='word_1_332' title='bbox 988 5377 1221 5463; x_wconf 82' lang='lat' dir='ltr'>(Richteuberg).</span> 
     </span>
    </p>
   </div>
   <div class='ocr_carea' id='block_1_9' title="bbox 0 0 2024 6290">
    <p class='ocr_par' dir='ltr' id='par_1_9' title="bbox 0 0 2024 6290">
     <span class='ocr_line' id='line_1_35' title="bbox 0 0 2024 6290; baseline 0 0"><span class='ocrx_word' id='word_1_333' title='bbox 0 0 2024 6290; x_wconf 95' lang='lat' dir='ltr'> </span> 
     </span>
    </p>
   </div>
  </div>
 </body>
</html>
