4126 6280
404 551 486 627 232·
913 571 1027 628 uranu
1052 572 1298 628 uuounouaus
1326 554 1439 645 (xru).
1674 549 1739 651 (Α.
1760 546 1807 624 D.
1828 548 1951 648 1456.)

402 763 536 852 sibilie,
565 763 651 834 haec
678 760 830 835 conditio
862 765 935 833 tam
968 761 1157 853 episcopis,
1192 781 1296 853 quam
1329 759 1502 852 Capitulis
1531 782 1667 849 eorum,
1701 783 1789 853 quac
1817 761 1861 833 ad
1890 762 1950 833 hoc

401 889 524 956 uocata
543 887 793 971 couvenerant,
823 882 1019 954 ridebatur.
1049 882 1207 974 Quatuor
1225 883 1344 975 itaque
1364 883 1488 954 diebus
1507 883 1543 954 in
1563 883 1852 956 altercationibus
1873 902 1948 954 cou-

401 1005 569 1096 sumptis,
598 1004 767 1076 medietas
795 1007 899 1076 tarrae
926 1003 1069 1095 Papalis
1098 1003 1135 1075 in
1164 1004 1360 1076 subsidium
1384 1004 1585 1076 huiusmodi
1605 1005 1723 1077 oblata
1741 1009 1862 1104 estex
1882 1003 1949 1074 ain·

399 1127 495 1218 gulis
523 1125 713 1199 beneficiis.
732 1125 914 1216 'Episcopi
947 1129 1063 1197 tamen
1095 1125 1190 1197 ultro
1218 1126 1439 1198 medietatem
1468 1146 1652 1214 censuum,
1686 1126 1792 1197 etiam
1822 1123 1946 1196 medie·

400 1253 507 1320 tatem
536 1247 756 1320 Decimarum
775 1244 1012 1336 pecunialium
1032 1267 1069 1318 se
1087 1247 1230 1318 daturos
1250 1248 1470 1334 obtuleruut,
1490 1251 1629 1338 praeter
1647 1247 1851 1338 episcopum
1870 1246 1947 1318 Ora-

402 1369 615 1456 corieusem‚
645 1367 705 1458 qui
732 1366 964 1438 nihilominus
984 1367 1027 1438 ad
1046 1367 1269 1441 medietatem
1293 1387 1459 1440 censuum
1485 1367 1624 1440 tertiam
1644 1375 1796 1460 partem,
1827 1373 1950 1460 quarta

401 1490 469 1562 sibi
497 1489 671 1560 duntaxat
698 1493 913 1574 remanente,
943 1487 1082 1560 adiecit.
1113 1488 1159 1559 Et
1185 1489 1242 1560 his
1270 1489 1392 1561 taliter
1419 1489 1639 1587 compositis,
1674 1509 1758 1561 rasa
1785 1510 1893 1562 aurea
1918 1494 1950 1561 et

401 1615 565 1702 argentea
602 1609 644 1682 ab
673 1609 834 1700 episcopo
863 1614 898 1680 et
925 1607 1103 1699 Capitale,
1139 1609 1339 1701 diocesiqua
1372 1609 1592 1683 Orseoriensi
1624 1611 1849 1702 petebantur,
1884 1631 1949 1681 nou

399 1731 437 1803 iu
465 1731 724 1818 enudationem,
762 1733 803 1801 ut
831 1728 1026 1820 superiora,
1065 1730 1126 1802 scd
1158 1731 1195 1801 iu
1226 1730 1552 1819 commodationem,
1592 1737 1765 1824 quatenus
1802 1731 1949 1822 obligari

399 1859 558 1944 possent,
588 1857 623 1924 ot
651 1851 791 1923 tandem
824 1850 982 1941 paerrniis
1015 1849 1260 1942 suffragiorum
1292 1851 1428 1925 redimi.
1461 1852 1656 1944 Episcopus
1684 1857 1802 1925 autem
1830 1851 1948 1924 Graec·

399 1973 548 2062 riensis,
578 1973 645 2044 etsi
673 1971 734 2044 diu
762 1975 963 2044 constanter
991 1993 1027 2045 se
1056 1973 1091 2044 id
1120 1973 1292 2044 facturum
1321 1979 1499 2065 negasset,
1529 1973 1698 2065 fatigatus
1722 1979 1838 2046 tamen
1860 1973 1947 2044 mul-

399 2095 446 2166 tis
475 2094 673 2182 instantiis,
703 2114 772 2164 non
799 2113 902 2183 posse
930 2113 967 2165 ee
995 2093 1129 2184 aliquid
1158 2094 1194 2166 iu
1214 2102 1285 2166 tam
1304 2094 1428 2186 grandi
1452 2093 1598 2167 materia
1617 2095 1644 2184 ¹)
1672 2095 1857 2168 decernere
1876 2093 1950 2166 eine

398 2217 502 2306 plana
530 2215 586 2287 sui
614 2213 769 2311 Capituli
801 2213 1068 2303 deliberatione,
1101 2215 1297 2306 respoudit,
1334 2219 1368 2287 et
1394 2237 1467 2287 reru
1501 2235 1635 2288 omnem
1664 2215 1707 2287 ad
1733 2214 1948 2306 Capitulum,

398 2337 490 2428 qnod
509 2338 545 2409 in
565 2339 655 2409 festo
674 2336 795 2408 Sancti
814 2335 986 2406 Stanislai
1005 2336 1063 2428 agi
1082 2337 1188 2425 solet,
1208 2337 1341 2410 reiecit.
1362 2339 1438 2409 Hae
1456 2357 1594 2428 quoqne
1613 2336 1793 2408 occasione
1813 2337 1891 2408 Rex
1903 2333 1947 2424 ²),

398 2457 459 2549 qui
487 2479 531 2530 err
559 2458 745 2550 Ppotrlrow
772 2457 809 2529 in
837 2456 1064 2528 Lithuaniam
1092 2457 1143 2530 ire
1171 2457 1407 2550 disposuerat,
1437 2457 1596 2530 consiliis
1624 2458 1792 2530 baronum
1820 2456 1949 2548 impnl·

398 2599 475 2667 sus,
504 2579 705 2651 cracoviam
732 2592 801 2650 non
830 2577 905 2648 sine
933 2577 1107 2670 singulari
1140 2580 1281 2651 fastidio
1314 2578 1475 2667 divertit,
1509 2577 1820 2651 commodatiouem
1849 2599 1949 2649 raso·

396 2721 474 2771 rum
502 2700 668 2773 eeclesiae
696 2697 953 2788 Gracovieueis,
983 2703 1017 2772 ot
1045 2719 1251 2773 consensum
1270 2701 1314 2772 ad
1334 2699 1539 2792 suffragium
1558 2699 1600 2772 do
1619 2699 1722 2772 terris
1742 2699 1949 2772 Oracorien·

397 2820 496 2894 sibus
524 2825 560 2893 et
586 2819 753 2908 cassiae,
783 2819 820 2890 in
840 2819 1069 2892 conventione
1087 2820 1209 2894 Norae
1228 2819 1407 2910 civitatis,
1436 2842 1499 2912 pro
1518 2819 1574 2892 dic
1594 2819 1743 2893 Sanctae
1761 2820 1949 2912 Hadrigis‚

397 2963 461 3013 suc
488 2941 686 3032 praesentia
713 2945 749 3012 et
776 2939 1002 3012 solicitudine
1030 2940 1171 3013 facilins
1191 2943 1410 3014 obtenturus.
1440 2943 1537 3013 Tunc
1556 2963 1709 3033 quoquo,
1734 2941 1951 3015 consiliariis

398 3062 541 3134 Maioris
568 3062 736 3134 Polouiae
764 3060 1030 3134 consulentibus
1058 3066 1092 3135 et
1120 3061 1352 3152 instantibus,
1385 3063 1560 3135 Iohannes
1593 3063 1778 3154 episcopus
1811 3061 1949 3135 Wladi-

398 3183 586 3256 slarieusis
620 3183 657 3256 iu
688 3182 844 3274 partium
859 3179 890 3271 ³)
927 3175 1069 3254 Maioris
1098 3183 1280 3273 Polouiao,
1310 3205 1378 3276 qno
1405 3205 1460 3256 res
1488 3183 1655 3256 Prassiae
1681 3185 1819 3256 felicius
1843 3183 1949 3274 dirigi

403 3309 563 3396 possent,
583 3305 849 3397 gubernatorem
866 3303 897 3392 ⁴)
916 3301 1120 3395 designatus
1140 3309 1208 3393 cst,
1229 3311 1264 3377 et
1283 3325 1365 3377 eura
1383 3304 1601 3396 negotiorum
1625 3305 1806 3392 Prassiae,
1835 3311 1948 3377 caete-

396 3445 582 3517 rarumque
601 3425 821 3516 publicarum
840 3445 955 3496 rerum
974 3425 1127 3516 partium
1148 3425 1306 3513 illarum,
1336 3425 1404 3498 sibi
1424 3426 1598 3498 mandata.
1628 3425 1762 3517 Quibus
1782 3427 1948 3517 peractis,

395 3547 579 3618 conventio
607 3545 687 3634 illa,
717 3567 805 3637 quae
833 3545 1031 3636 quindecim
1060 3546 1208 3618 durabat
1236 3547 1375 3635 diebus,
1406 3546 1580 3635 solutam.
1696 3547 1697 3550 ’

395 3899 569 3991 Episcopus
592 3901 815 3972 bracariensis
838 3919 909 3973 cun
932 3919 991 3972 ano
1015 3902 1161 3991 tepitudo
1184 3919 1346 3973 sacrorum
1368 3921 1520 3974 rasorum
1543 3905 1832 3976 conmutationem
1856 3905 1949 3976 tasi·

394 4023 473 4094 uiro
495 4023 574 4112 llam
605 4025 798 4094 constanter
827 4023 984 4114 denegat,
1015 4025 1074 4095 scd
1104 4025 1287 4096 cardonam
1317 4025 1553 4096 lldainmcu'an
1575 4043 1613 4096 aa
1635 4025 1796 4098 iacturum
1819 4026 1862 4098 ad
1882 4043 1950 4100 ιι-

645 4147 736 4216 tuum
758 4162 820 4215 aaa
841 4144 975 4216 millium
996 4145 1201 4232 dorauorun,
1226 4164 1296 4218 oum
1319 4145 1491 4217 abbatibus
1513 4147 1686 4236 promittit.

499 4394 601 4467 Faria
629 4398 769 4486 quarta,
799 4393 835 4464 iu
863 4393 919 4466 die
947 4394 1069 4467 Sancti
1097 4395 1265 4468 Matthaei
1291 4396 1554 4488 Evangelistae,
1586 4395 1791 4470 Kauimirus
1818 4397 1949 4484 Re1⁰)

394 4535 437 4588 ex
466 4517 651 4608 Pyotrkow
679 4515 879 4603 discedam,
909 4515 1108 4588 cracoviam
1137 4516 1193 4588 die
1221 4517 1401 4590 Domiuieo
1430 4523 1510 4590 ante
1544 4519 1671 4590 fastum
1709 4517 1830 4590 Sancti
1865 4519 1948 4590 Sta·

395 4638 501 4709 nislai
528 4643 582 4710 est
609 4637 806 4729 ingressus,
835 4640 870 4708 et
897 4637 983 4709 feria
1011 4645 1151 4727 quaarta,
1182 4637 1293 4711 indie
1318 4639 1438 4711 Sancti
1471 4639 1670 4726 Michaelis,
1706 4639 1820 4711 lecum
1850 4640 1948 4730 capi·

396 4759 545 4831 talarem
575 4758 711 4846 adicus,
742 4757 913 4848 expositis
931 4757 982 4830 rei
1001 4757 1162 4848 publicae
1182 4759 1452 4831 necessitatibus
1473 4763 1507 4830 et
1525 4758 1717 4851 augustiis,
1743 4760 1859 4850 eoepit
1876 4782 1949 4831 nou

394 4886 466 4951 taur
494 4879 672 4971 precibus,
702 4899 806 4969 qnam
834 4877 990 4950 lacrimis
1018 4901 1154 4971 rogare,
1184 4891 1224 4950 ut
1252 4886 1322 4951 tam
1348 4880 1504 4968 maioris,
1534 4901 1637 4971 quam
1657 4881 1813 4952 omnium
1832 4882 1946 4954 ecele-

396 5001 525 5073 siarum
554 5021 639 5071 rasa
667 5004 702 5072 et
729 4999 887 5071 clenodia
918 5021 1023 5072 aurea
1055 5007 1090 5072 et
1117 5007 1296 5093 argentea,
1329 5005 1502 5094 qnatenus
1535 5023 1576 5073 ea
1608 5001 1676 5074 sibi
1711 5001 1947 5094 impignorare

393 5121 530 5210 liceret,
560 5120 875 5192 commodarentur:
904 5121 1113 5212 promittens
1141 5143 1259 5194 eorum
1287 5123 1427 5214 planam
1455 5127 1490 5194 et
1514 5123 1648 5195 salvam
1667 5123 1943 5195 restitutionem.

502 5395 524 5476 Ι)
549 5401 579 5457 iu
601 5403 661 5458 mm
683 5398 789 5475 grandi
812 5399 890 5458 malo
914 5393 990 5459 Coc.
1014 5395 1082 5458 La's.
1108 5396 1133 5476 ⁹)
1156 5397 1219 5458 Rex
1243 5398 1403 5459 animiras
1426 5395 1488 5461 Ed.
1514 5397 1604 5482 La'pa.
1629 5397 1655 5478 ³)
1677 5401 1706 5459 iu
1730 5403 1863 5478 partibus
1876 5397 1943 5462 Ed.

393 5501 484 5586 Lips.
510 5499 535 5582 ⁴)
559 5504 739 5579 gubernator
761 5499 824 5562 Ea.
849 5499 937 5584 La'pe.
963 5499 988 5580 δ)
1013 5503 1109 5561 soluta
1132 5507 1186 5562 ast.
1210 5498 1272 5562 Ed.
1303 5499 1393 5586 Lips.
1417 5500 1443 5580 ⁰)
1467 5503 1530 5563 Rex
1552 5503 1694 5564 Polouiae
1716 5500 1778 5566 Ed.
1801 5502 1889 5587 La'pa.
