4082 6284
86 530 152 632 (Α.
171 529 216 611 D.
238 532 353 630 1461.)
600 561 712 616 urana
738 563 983 616 nuenecmrus
1010 547 1125 635 (riu).
1424 539 1428 547 ’
1562 550 1635 622 315

85 744 221 827 natam,
249 741 483 833 diffiniturus,
513 745 705 838 aliquantis
733 746 856 820 diebus
883 747 976 840 apud
1003 748 1274 842 Npepclomicne
1301 753 1455 844 captioni
1484 757 1634 829 ferarum

84 860 171 936 dans
199 883 353 954 operam,
384 865 472 938 feria
490 866 642 940 secunda
660 872 741 940 ante
761 869 888 942 festum
907 869 1068 960 Corporis
1087 871 1234 960 Christi,
1263 873 1320 946 die
1338 873 1504 947 videlieet
1521 876 1635 967 prima

83 982 182 1055 Iunii
201 983 239 1072 ¹),
268 983 530 1060 cracoviensem
558 988 678 1061 urbem
705 987 857 1062 feliciter
883 988 1043 1062 intravit.
1081 991 1292 1084 Intelligens
1320 998 1437 1067 autern
1469 997 1635 1069 Iacobum

83 1103 325 1196 Syennyenslri
353 1105 408 1178 die
437 1112 629 1197 transacta,
659 1110 747 1184 festo
776 1109 942 1184 videlicet
970 1110 1118 1184 Sanctae
1142 1112 1345 1202 Trinitatis,
1375 1115 1412 1186 in
1432 1115 1633 1208 episcopum

81 1223 344 1298 cracoviensem
364 1226 456 1318 apud
476 1232 629 1300 castrum
657 1229 997 1320 Pyandnicncviense
1013 1229 1044 1320 2)
1073 1239 1311 1306 consecratum
1340 1255 1432 1323 esse,
1462 1257 1552 1308 nore
1571 1258 1630 1309 en·

80 1343 230 1432 uiciate,
258 1367 417 1438 novoque
437 1348 554 1421 dolore
573 1349 818 1435 exacerbatus,
848 1351 1019 1443 agendum
1039 1352 1081 1425 de
1099 1353 1340 1444 pacificatione
1359 1360 1393 1427 61
1413 1355 1531 1446 quiete
1551 1356 1630 1430 cm·

79 1464 256 1538 seniensis
283 1467 465 1556 acclesiae,
494 1473 530 1541 et
556 1469 706 1560 praefati
733 1469 850 1542 Iacchi
879 1471 1121 1563 Spennpenski
1149 1473 1305 1565 episcopi
1323 1477 1483 1566 repulsa,
1513 1477 1628 1566 duxit,

77 1586 235 1660 Iohanne
262 1587 424 1679 episcopo
452 1589 743 1662 Wladislaviensi
770 1590 873 1662 illum
901 1592 944 1662 ad
971 1592 1138 1684 pleraque
1156 1615 1279 1686 parum
1298 1595 1394 1688 regio
1414 1597 1527 1669 cilicio
1547 1619 1627 1670 con-

78 1706 258 1779 venientia
285 1707 489 1801 instigante.
519 1710 565 1782 Et
592 1710 743 1801 primum
771 1711 912 1802 quidem
936 1712 1123 1806 Georgium
1143 1714 1393 1788 Laodicensem
1413 1716 1627 1810 episcopum,

78 1826 179 1900 Sedis
208 1828 448 1901 cracoviensis
477 1830 750 1922 suffraganeum,
780 1833 921 1904 fratrem
950 1833 1082 1906 ordinis
1110 1834 1300 1923 Minorem,
1326 1835 1440 1908 virum
1458 1859 1557 1912 rarae
1575 1861 1627 1912 re-

76 1947 221 2040 ligionis
249 1953 283 2022 et
310 1950 527 2039 sanctitatis,
557 1951 648 2042 quod
676 1953 831 2042 praefato
859 1953 986 2026 Iacobo
1015 1953 1273 2046 Spennyenehi,
1295 1977 1373 2030 cum
1392 1957 1473 2030 aliis
1492 1959 1627 2031 duobus

76 2067 250 2160 episcopis
279 2070 520 2160 ecclesiarum,
551 2071 716 2146 videlicet
745 2072 1354 2166 (1166161616611116116161161616,
1384 2077 1625 2170 suffraganeis,

75 2191 347 2266 consecrationis
366 2213 492 2267 monus
511 2192 699 2284 impendit,
728 2193 770 2266 de
797 2193 963 2266 cracovia
981 2196 1162 2269 mandarit
1188 2197 1339 2289 propelli
1354 2196 1385 2286 3)
1415 2203 1450 2269 61
1469 2198 1625 2272 banniri:

74 2309 134 2400 qui
161 2310 262 2400 inde,
295 2333 364 2386 non
392 2312 468 2386 sine
496 2314 686 2388 multorum
718 2314 936 2403 mortalium,
971 2316 1074 2389 charo
1102 2317 1228 2390 affectu
1256 2318 1358 2392 illum
1386 2318 1624 2410 diligentium,

72 2431 224 2524 gemitu,
257 2432 470 2526 disgressus,
505 2433 541 2506 in
570 2433 749 2525 cpoliensi
782 2435 924 2527 oppido,
960 2437 1170 2512 monasterio
1198 2438 1254 2510 eui
1283 2438 1414 2512 ordinis
1448 2444 1622 2532 receptus,

72 2553 219 2646 padum
247 2552 342 2641 crit,
372 2553 516 2645 illicque
535 2553 572 2628 in
591 2575 716 2647 magna
735 2555 905 2629 charitate
932 2556 1128 2644 hominum,
1158 2559 1200 2630 ob
1219 2559 1426 2651 religionem
1446 2558 1622 2634 11161166-

71 2673 248 2760 16111616,ι
267 2674 410 2767 degens,
440 2680 614 2763 mortuus,
643 2675 680 2746 in
708 2675 856 2748 ecclesia
874 2676 1047 2750 itinerum
1065 2676 1265 2769 requiescit.
1294 2680 1476 2754 Praeletcs
1496 2680 1622 2754 deinde

71 2798 104 2867 et
131 2794 324 2868 Canonicos
351 2794 613 2884 cracovienses,
642 2795 888 2887 appellationi,
917 2817 1021 2889 quam
1048 2799 1223 2871 Iohannes
1242 2799 1382 2874 Luthelr
1405 2800 1644 2874 vicecancel·'

71 2915 182 2991 larinas
217 2935 238 2988 a
264 2915 465 3008 provisione
501 2914 622 2990 Iacobi
650 2915 893 3008 Spennpenslri
924 2916 1079 3010 episcopi
1110 2918 1383 3011 interposuerat,
1421 2921 1620 3008 adhaerere,

70 3035 195 3127 iusque
223 3057 326 3110 suum
353 3035 488 3129 regium
516 3035 714 3119 defendere,
743 3042 779 3110 61
806 3041 921 3110 castra
948 3036 1170 3130 episcopatus
1199 3039 1439 3114 cracoviensis
1462 3042 1621 3116 nonnisi

69 3154 115 3243 ei,
145 3156 210 3248 qui
236 3177 315 3233 cum
343 3178 406 3230 sno
424 3156 520 3250 regio
539 3177 710 3232 consensu
729 3157 914 3250 episcopus
934 3157 1173 3232 cracoviensis
1192 3161 1307 3250 fieret,
1327 3161 1521 3254 resignare,
1540 3163 1616 3254 pol·

68 3275 167 3350 liceri
201 3277 425 3352 iureiurando
457 3277 637 3352 astrinxit.
671 3279 861 3352 Processus
893 3279 1054 3371 insuper,
1087 3281 1251 3354 mandata
1284 3286 1319 3354 61
1346 3281 1468 3356 literas
1500 3283 1619 3356 Iacobi

68 3398 312 3492 Spennpenshi
344 3398 500 3492 episcopi
531 3403 726 3490 acceptare,
761 3405 823 3473 aut
849 3399 925 3472 illis
953 3400 1010 3472 vel
1037 3401 1303 3493 quibuscunque
1330 3403 1618 3494 promoventibus

66 3542 152 3611 reru,
182 3541 305 3612 parere
337 3519 533 3612 prohibuit,
570 3520 849 3594 confiscationem
884 3521 1050 3594 bonorum
1082 3521 1398 3596 ecclesiastieorum
1431 3523 1615 3596 6116111-

66 3642 197 3720 tionem
217 3641 368 3732 singulis
396 3639 567 3728 minatus;
597 3640 905 3731 executionemqne
925 3641 981 3714 sui
1000 3641 1131 3714 decreti
1153 3641 1299 3716 Nicolao
1318 3644 1568 3736 Pyenyansnek
1584 3645 1615 3733 ⁴)

66 3763 106 3841 16
133 3761 365 3836 Withoavicue
389 3761 640 3835 sueoamararic
674 3766 708 3834 61
740 3761 921 3852 capitaneo
953 3761 1173 3837 cracoviensi
1209 3762 1403 3854 delegavit,
1441 3764 1540 3837 nullo
1568 3785 1612 3837 en

64 3882 240 3958 Praelatis
268 3885 303 3956 et
330 3880 514 3956 canonicis
542 3880 827 3954 cracoviensibus
856 3882 983 3956 mutire
1011 3883 1170 3958 audente.
1200 3883 1255 3956 Ad
1274 3883 1456 3958 Summum
1476 3906 1613 3976 quoque
1751 3968 1752 3971 Ἴ

64 4004 271 4079 Pontificem
307 4001 412 4074 Pium
448 4002 639 4076 secundum
675 4003 835 4090 nuutios,
873 4002 1039 4076 videlieet
1069 4003 1260 4078 iohannem
1284 4004 1530 4096 Rithvpanshi
1557 4025 1610 4077 ca-

63 4124 244 4216 pitaneum
273 4121 604 4210 Sandomiriensem,
638 4122 1146 4213 1161116611611661616615)
1175 4123 1386 4198 Canonicum
1422 4125 1610 4198 Wladisla·

63 4245 237 4330 viansem,
266 4245 492 4318 Decretorum
518 4243 719 4332 Doctorem,
753 4243 883 4316 dudum
910 4244 1083 4332 decretos,
1116 4249 1191 4318 tum
1220 4244 1371 4337 primum
1398 4244 1526 4334 mittit,
1556 4268 1609 4318 ro-

62 4371 223 4458 gaturos,
254 4362 486 4455 praesentatis
513 4363 620 4455 regiis
648 4369 683 4436 et
710 4364 904 4456 magnificis
933 4365 1152 4452 muneribus,
1184 4369 1357 4456 quatenus
1377 4386 1476 4438 suam
1495 4366 1611 4457 provi·

63 4486 194 4561 sienem
223 4485 264 4558 de
292 4483 417 4556 Iacobo
446 4483 686 4574 Spennpenslri
714 4489 749 4556 et
776 4485 997 4558 cracoviensi
1025 4485 1171 4558 ecclesia
1199 4487 1342 4571 iactam,
1372 4485 1547 4558 rescindat
1576 4492 1611 4558 et

62 4605 213 4680 Iohanni
242 4603 491 4678 crusscninski
518 4603 678 4694 episcopo
707 4603 1015 4693 Wladislaviensi,
1045 4606 1086 4678 de
1110 4604 1329 4692 cracoviensi
1352 4606 1514 4694 ecclesia,
1553 4608 1608 4680 Io-

61 4725 168 4801 hanni
196 4745 277 4796 verc
305 4724 445 4798 Lathek
471 4723 585 4816 Regni
611 4723 778 4796 Poloniae
807 4725 1107 4813 vicecancellario,
1136 4725 1178 4798 de
1206 4726 1496 4800 Wladislaviensi
1529 4748 1608 4819 prc-

61 4845 195 4930 videat;
222 4845 284 4921 ubi
301 4844 336 4919 id
355 4843 471 4925 miuus
498 4843 642 4936 dignum
661 4849 832 4932 censeret,
862 4847 987 4921 saltem
1006 4847 1172 4920 Iacchum
1191 4847 1433 4939 Spennyenski
1450 4846 1488 4919 in
1508 4848 1606 4920 Wla-

60 4965 308 5038 dislaviensem
340 4964 561 5051 transferret,
599 4964 755 5038 Iohanne
787 4966 1035 5040 crusnczinshi
1055 4967 1110 5039 ‘ad
1142 4967 1405 5041 cracoviensem
1436 4974 1606 5059 promoto.
1675 5027 1683 5046 ,

85 5187 88 5194 ’
122 5240 190 5319 ·')
220 5241 330 5304 mensis
359 5242 435 5310 lunii
464 5237 528 5302 Ed.
559 5236 649 5323 Lips.
680 5239 705 5311 ²)
737 5240 977 5302 Pinczouiensem
1007 5237 1070 5302 Eoi.
1101 5238 1193 5322 Lipa.
1225 5240 1251 5316 ³)
1281 5242 1389 5320 expelli
1419 5233 1483 5302 1161.
1514 5237 1605 5378 Lips.

61 5340 85 5422 ⁴)
106 5345 278 5424 Pyeniazek
300 5341 362 5408 Ed.
387 5342 479 5428 Lipa.
504 5342 530 5422 ⁵)
553 5343 725 5422 Racnyasch
744 5339 806 5404 Ed.
826 5340 915 5424 Lipa.
