4046 6278
389 519 466 591 416
896 540 1010 595 crana
1035 541 1281 596 meorumue
1308 525 1423 615 (xm).
1657 523 1727 624 (Α.
1746 523 1794 600 Ι).
1813 525 1947 624 md.)

390 723 650 798 conditionibus
677 723 917 799 abnuiturunn.
945 725 1037 799 llam
1064 731 1099 800 et
1126 727 1251 820 quinta
1277 727 1411 802 decima
1433 727 1520 801 Iulii
1539 729 1566 818 ¹)
1593 730 1727 804 milites
1747 736 1785 804 et
1802 732 1947 807 nobiles

389 843 581 931 Masoriae,
619 843 702 916 dum
728 844 770 917 de
798 866 863 918 sua
889 845 1117 919 multitudine
1145 852 1180 920 et
1207 847 1362 920 bostium
1388 849 1568 940 paucitate
1594 851 1830 938 conibentes,
1863 858 1946 925 ante

390 964 599 1038 Ocacbanou
627 963 803 1037 incautius
831 985 910 1038 cum
937 965 1161 1040 Mansrilrone
1176 965 1207 1057 ²)
1235 968 1278 1040 de
1305 968 1483 1041 Drialdow
1510 969 1707 1061 capitaneo,
1741 991 1849 1064 quem
1878 973 1946 1044 ali·

391 1085 528 1177 quando
556 1083 724 1157 habentes
752 1085 945 1176 captiuum,
974 1086 1173 1159 inconsulto
1206 1088 1317 1180 Rege,
1352 1087 1581 1162 amicitiorem
1608 1089 1678 1163 sibi
1705 1091 1812 1163 illum
1841 1090 1945 1164 effec-

394 1204 484 1294 tnri,
522 1204 717 1278 liberaliter
753 1203 949 1294 solverunt,
987 1226 1113 1280 manus
1142 1212 1344 1297 conserunt,
1381 1209 1419 1281 in
1446 1209 1593 1282 insidiae
1626 1211 1736 1302 lapsi,
1774 1211 1945 1304 grandem

391 1325 541 1412 cladem,
570 1323 693 1396 multis
720 1323 944 1413 desideratis,
974 1326 1035 1400 sed
1061 1327 1172 1400 multo
1199 1327 1361 1419 pluribus
1389 1329 1519 1420 captis,
1547 1331 1784 1421 pertulerant;
1816 1351 1946 1404 narea-

393 1465 461 1538 que
489 1443 726 1517 ddauensium
746 1449 781 1516 et
798 1444 1077 1518 Thorunensium
1104 1447 1228 1519 multis
1257 1449 1406 1519 fortunis
1426 1453 1587 1538 onustae,
1615 1471 1723 1542 prope
1746 1451 1944 1543 Kuyedsin

393 1565 431 1638 in
458 1564 589 1652 Wisla,
618 1563 885 1655 diffugientibus
912 1564 955 1637 ab
983 1565 1034 1637 eis
1061 1566 1221 1639 batarum
1249 1567 1535 1657 conductoribus,
1564 1590 1626 1661 per
1652 1569 1804 1643 insidias
1832 1571 1946 1643 hosti·

394 1687 446 1759 les
467 1685 531 1758 sub
551 1683 730 1756 frondibus
758 1683 936 1772 arborum,
966 1685 1152 1759 tredecima
1178 1687 1309 1760 mensis
1337 1687 1493 1760 eiusdem
1520 1688 1623 1777 Iulii,
1643 1695 1785 1781 captae,
1815 1691 1947 1762 multa

394 1826 462 1898 qne
488 1803 616 1896 praeda
642 1805 762 1875 hostes
789 1803 895 1896 potiti
911 1802 953 1892 3).
992 1805 1129 1878 Ultima
1155 1806 1300 1898 insuper
1327 1807 1431 1896 Iulii,
1460 1807 1591 1882 milites
1619 1815 1655 1880 ot
1677 1810 1817 1884 nobiles
1837 1810 1946 1883 Prus-

400 1924 473 1999 eiao
508 1925 546 1997 in
572 1922 746 2016 praesidio
784 1922 903 2015 oppidi
935 1923 1074 1998 'lecrou
1100 1925 1285 2015 demorati,
1315 1931 1350 2000 at
1377 1927 1472 2000 ielici
1499 1928 1669 2001 hacteuus
1704 1929 1742 2002 in
1779 1949 1946 2023 congres-

395 2045 492 2119 sione
524 2065 602 2118 cum
633 2043 795 2116 hostibus
828 2044 968 2117 fortuna
998 2045 1071 2132 uei,
1104 2045 1187 2119 dum
1218 2047 1255 2118 in
1288 2047 1484 2138 equitatum
1516 2048 1672 2122 hostium
1703 2053 1787 2123 ante
1822 2050 1947 2122 valvas

394 2167 533 2238 'lacaou
560 2162 751 2236 animosius
778 2161 934 2252 irruunt,
963 2185 983 2262 a,
1009 2164 1205 2256 peditibus,
1235 2187 1321 2258 quos
1349 2166 1485 2258 equites
1514 2174 1691 2257 texerant,
1726 2169 1866 2257 invasi,
1888 2189 1947 2242 ser

395 2283 601 2371 desiderati,
629 2281 807 2375 octoginta
833 2303 914 2356 roro
942 2285 1035 2375 capti
1063 2291 1157 2358 suut.
1186 2285 1361 2359 vicesima
1389 2287 1495 2360 tertia
1521 2288 1671 2381 denique
1698 2289 1755 2361 dio
1784 2290 1945 2376 Saturni,

396 2403 526 2479 mensis
554 2402 725 2497 Augusti,
753 2402 835 2474 dum
863 2422 907 2476 ex
934 2404 1029 2496 regio
1057 2409 1171 2478 castru
1205 2405 1333 2498 (lupen
1361 2407 1619 2499 quinquaginta
1650 2409 1809 2500 quinque
1836 2410 1945 2482 satel-

396 2525 497 2615 lites,
525 2525 741 2597 'l'lromcnone
754 2522 786 2612 4)
814 2523 994 2614 capitaneo
1028 2523 1235 2616 aneucnsi
1266 2527 1425 2615 absente,
1460 2528 1665 2618 praedatum
1697 2528 1852 2621 egressi,
1883 2529 1947 2600 ril-

395 2647 450 2719 las
477 2644 666 2718 amicornm
692 2642 899 2735 diriperent,
928 2664 990 2735 per
1014 2644 1135 2718 hostes
1161 2665 1206 2718 ex
1234 2645 1400 2738 stargard
1426 2645 1463 2720 in
1490 2647 1673 2721 excedenti
1703 2669 1852 2721 numero
1888 2648 1945 2722 de

398 2765 621 2852 scandentes,
650 2785 737 2856 quos
765 2764 806 2835 de
833 2763 1011 2855 paucitate
1038 2763 1304 2857 Grpeweneium
1331 2771 1367 2838 et
1394 2787 1537 2840 numero
1564 2767 1680 2840 coloni
1707 2767 1859 2859 spoliati
1879 2789 1946 2841 cer·

398 2886 506 2958 tiores
535 2884 734 2971 effecerant,
763 2887 844 2956 anto
871 2888 990 2975 portas
1019 2883 1138 2976 oppidi
1166 2884 1295 2977 (loyen
1313 2885 1396 2958 illos
1415 2885 1652 2978 opperientes,
1682 2887 1780 2960 facili
1804 2887 1946 2980 negotio
2020 2976 2021 2981 Ν

400 3006 486 3094 iusi,
514 3009 619 3097 atquo
646 3003 690 3076 ad
716 3025 825 3076 unum
853 3024 972 3076 omnes
1000 3004 1093 3097 capti
1120 3010 1215 3076 sunt.
1245 3005 1368 3078 Altera
1395 3025 1475 3079 vero
1495 3005 1567 3094 die,
1595 3007 1741 3080 Hanusc
1768 3007 1814 3080 de
1838 3007 1947 3094 Zal⁵l

402 3126 606 3220 capitaneus
638 3124 680 3198 de
716 3123 898 3217 Stargard,
935 3123 1128 3217 intercepta
1163 3124 1267 3198 litera
1286 3125 1317 3214 6)
1355 3123 1604 3218 oppidanorum
1637 3127 1679 3199 do
1710 3127 1857 3219 Gnyew,
1891 3149 1946 3219 pe
2020 3138 2021 3143 ‘

293 3251 297 3259 '
399 3245 556 3320 tentibus
572 3245 603 3335 7)
630 3243 699 3318 sibi
726 3266 747 3316 a
773 3243 1017 3318 Gdaneneibus
1044 3244 1140 3317 mitti
1166 3244 1318 3334 auxilia,
1347 3251 1383 3319 et
1409 3245 1699 3320 denuntiantibus
1724 3251 1760 3318 et
1778 3267 1897 3320 arcem
1915 3255 1948 3319 ot

400 3365 580 3440 ciuitatem
599 3385 745 3438 vacuam
763 3364 1004 3438 defensoribus
1024 3366 1096 3437 iore
1109 3363 1153 3455 ⁸),
1173 3386 1251 3438 cum
1271 3365 1432 3439 omnibus
1450 3365 1560 3458 copiis
1579 3366 1623 3438 ad
1641 3370 1799 3439 castrum
1818 3367 1948 3460 (lupen

401 3486 584 3574 accedens,
618 3483 710 3558 illud
740 3484 1044 3576 comprehendere,
1077 3484 1239 3577 pluribus
1271 3485 1367 3559 boris
1399 3484 1625 3579 impugnans,
1657 3485 1851 3560 nitebatur.
1883 3486 1947 3559 Sed

400 3605 574 3679 Martinus
601 3603 771 3679 Brensrlri
786 3602 829 3692 ⁰),
858 3625 949 3676 nnus
977 3625 1021 3677 ex
1049 3603 1262 3678 militaribus
1289 3605 1471 3694 Prussiae,
1500 3627 1578 3678 cum
1596 3605 1717 3697 paucis
1737 3605 1832 3678 illud
1851 3627 1946 3699 egre·

400 3727 457 3820 gie
480 3721 656 3814 'defendit
686 3729 721 3798 et
747 3725 866 3816 plures
894 3724 1049 3797 hostium
1077 3723 1256 3816 lapidibus
1275 3725 1466 3814 obruendo,
1487 3731 1548 3798 aut
1566 3725 1785 3814 uulnerauit,
1806 3733 1872 3800 aut
1890 3747 1946 3799 er-

404 3845 531 3936 tinxit,
569 3845 654 3919 adeo
691 3848 731 3916 ut
763 3843 951 3918 desiderati
988 3849 1023 3917 et
1058 3845 1235 3918 vulnerati
1266 3844 1302 3917 in
1329 3845 1466 3936 aliquot
1498 3845 1678 3937 quadrigis
1711 3846 1947 3918 babemntnr.

402 3965 476 4058 Quo
503 3965 659 4058 periculo
686 3968 877 4056 comperto,
905 3969 941 4038 et
968 3985 1013 4037 ex
1039 3963 1264 4058 Mamenbnrg
1290 3965 1474 4057 serminio
1501 3963 1653 4056 equites,
1682 3969 1717 4036 et
1741 3985 1787 4038 ex
1807 3965 1947 4038 Gdanel

402 4085 625 4179 septuaginta
651 4059 786 4176 pedites
814 4083 1031 4173 transmissi,
1059 4084 1096 4156 in
1124 4083 1253 4177 Gnyeu
1280 4083 1483 4157 adveniunt.
1513 4083 1696 4175 Disparom
1724 4084 1946 4176 aliquantum

403 4207 578 4278 fortunam
611 4202 785 4277 Henricns
818 4203 1014 4294 Stolpensis
1047 4205 1129 4275 Dur
1160 4204 1313 4296 partium
1344 4199 1530 4296 regiarum
1546 4201 1686 4276 adiutor
1711 4204 1859 4276 babuit:
1890 4204 1946 4296 qni

403 4326 523 4400 hostes
556 4345 600 4398 ex
628 4323 838 4416 dboynicra,
871 4323 1022 4412 Bithow,
1055 4323 1242 4416 bamberg,
1276 4323 1458 4416 Stargard,
1491 4323 1528 4395 in
1564 4322 1730 4396 trecentis
1767 4323 1945 4415 equitibus

403 4451 532 4520 terram
560 4465 659 4518 suam
685 4444 888 4535 praedatum
921 4443 1115 4536 ingressos,
1148 4443 1204 4517 die
1233 4443 1377 4516 Saturni
1409 4443 1544 4517 decima
1569 4443 1699 4516 mensis
1727 4443 1945 4536 nugnscin)

403 4587 465 4659 per
492 4565 670 4638 cunenses
690 4565 734 4654 ¹¹)
762 4567 797 4637 et
824 4567 995 4656 agrestes,
1032 4563 1154 4656 paucis
1177 4562 1456 4636 'notabilioribne
1494 4562 1623 4655 captis,
1662 4562 1796 4636 deleuit
1830 4565 1944 4655 potius

405 4708 509 4780 quam
536 4685 752 4779 profligarit,
781 4683 963 4757 includens
991 4690 1112 4775 captos
1131 4683 1168 4755 in
1187 4703 1374 4770 carcerem,
1403 4703 1466 4756 nec
1492 4683 1591 4775 prins
1611 4682 1813 4772 soluturus,
1842 4683 1943 4756 donec

404 4807 462 4882 illi
488 4806 627 4879 Bitbow
645 4809 680 4878 et
698 4803 869 4897 Lemberg
896 4809 1011 4876 castra
1036 4803 1273 4877 redderentur.
1303 4802 1438 4877 Ultima
1465 4803 1620 4896 Augusti
1639 4800 1696 4892 ¹¹),
1726 4802 1940 4894 quemadmc

514 5011 537 5090 1)
562 5013 677 5074 decima
697 5011 808 5072 mensis
829 5009 897 5072 Iulii
920 5009 968 5070 dic
990 5005 1053 5071 Ed.
1076 5005 1169 5091 Dipo.
1194 5006 1221 5086 ς)
1245 5007 1402 5086 Mnrikone
1423 5003 1487 5069 Ed.
1511 5002 1601 5090 Lipr.
1625 5004 1652 5086 ³)
1674 5007 1763 5084 potiti
1787 5013 1862 5069 eunt.
1885 5001 1940 5070 Ed

406 5114 496 5201 Lipa.
521 5113 548 5195 ⁴)
570 5115 741 5176 'Pbomcone
762 5109 826 5174 Ed.
850 5108 940 5194 Lipa.
966 5107 993 5195 ⁵)
1017 5111 1143 5172 Ioannes
1166 5112 1204 5172 de
1226 5111 1294 5172 Saul
1316 5107 1379 5173 En.
1402 5106 1493 5192 bipa.
1525 5105 1553 5185 ⁸)
1576 5110 1750 5186 interceptis
1773 5110 1866 5171 literis
1886 5103 1939 5169 Ed

414 5218 507 5304 Lipa.
532 5215 558 5300 7)
580 5218 742 5296 petentium
763 5211 826 5278 Ed.
850 5210 942 5298 Lipr.
975 5212 1001 5294 ⁸)
1024 5231 1090 5276 esse
1112 5209 1175 5275 En.
1198 5210 1289 5296 Lipe.
1320 5209 1495 5290 'lBraeslri
1519 5205 1595 5274 coc.
1617 5207 1730 5274 Praeae.
1765 5209 1805 5291 ¹⁸)
1827 5211 1939 5288 Augusti

407 5313 882 5387 castrametandum.
917 5315 954 5398 ¹¹)
978 5335 1032 5395 per
1052 5317 1174 5378 Aulicos
1196 5313 1259 5378 Ed.
1281 5311 1372 5398 Lipa.
1407 5311 1446 5395 ¹²)
1475 5315 1585 5376 Ultima
1614 5314 1663 5376 die
1684 5317 1801 5378 mensis
1829 5313 1939 5391 nmen

408 5419 472 5490 Ed.
493 5423 584 5508 Lo'pu
