4152 6270
157 597 224 697 (Α.
245 597 290 671 D.
311 597 438 698 1453.)
671 627 783 677 arnna
809 628 1052 681 nuonnonrus
1079 612 1193 700 (666).
1626 618 1698 691 145

156 809 380 900 quisirisset,
410 811 537 902 quibus
564 811 676 884 multa
704 816 921 921 captivorum
949 816 1062 888 millia
1089 817 1289 907 liberasset;
1323 821 1405 893 dum
1436 843 1518 896 6666
1548 823 1701 900 Gerluha

153 933 385 1024 respondente
413 933 608 1022 didicisset,
639 935 722 1008 haec
750 937 864 1008 omnia
891 959 935 1010 66
962 938 1146 1012 donatione
1165 940 1389 1032 Imperatoris
1409 943 1618 1018 Graecorum
1636 948 1696 1021 ha·

153 1055 291 1142 1661666,
320 1055 487 1128 decollari
514 1077 593 1128 eum
613 1059 640 1146 ¹)
667 1057 764 1130 illico
791 1059 967 1150 praecepit
990 1062 1151 1132 cumbae
1171 1063 1451 1153 exprobratione:
1482 1067 1520 1138 Si
1540 1089 1602 1158 pro
1622 1073 1699 1142 tan·

154 1178 205 1249 116
232 1178 408 1252 benefieiis
440 1180 509 1252 iam
535 1179 702 1272 receptis,
731 1181 941 1271 proditorem
969 1187 1003 1254 16
1030 1183 1083 1254 161
1108 1185 1349 1275 Imperatoris,
1380 1193 1451 1258 tam
1479 1188 1636 1262 liberalis
1665 1196 1700 1262 et

153 1298 317 1388 benefici,
356 1301 589 1389 constituisti,
630 1303 798 1393 quomodo
823 1301 917 1374 'mihi
949 1305 1063 1376 fidelis
1096 1327 1171 1378 6666
1203 1307 1333 1397 6616616
1361 1329 1422 1399 666
1451 1311 1633 1400 promissis
1662 1317 1701 1384 et

152 1422 330 1513 speratis?
357 1422 489 1496 Filium
517 1445 597 1496 rero
626 1445 744 1512 suum,
773 1426 863 1516 quod
892 1425 1082 1498 Iohannem
1106 1427 1146 1499 de
1166 1428 1280 1500 Arureo
1297 1427 1338 1517 ²),
1369 1433 1580 1521 praetectum
1610 1433 1699 1504 clas-

151 1543 206 1615 sis
234 1543 460 1633 Venetorum,
489 1544 632 1617 indolo
666 1545 993 1634 6661616661166611
1025 1547 1145 1619 vivum
1178 1550 1364 1638 excoriari,
1398 1573 1556 1626 asserens
1585 1553 1699 1626 61666

151 1669 228 1736 166
261 1671 441 1738 61666666
470 1667 741 1754 6166166666,
777 1671 875 1740 suam
906 1673 1045 1760 gentem
1078 1677 1112 1741 61
1144 1667 1322 1742 616116166
1356 1673 1610 1762 defendentem,
1646 1675 1697 1748 in-

150 1789 263 1882 digna
289 1794 398 1861 morte
424 1779 658 1883 peremptum,
688 1810 790 1880 quem
818 1790 1012 1880 Imperator
1039 1791 1114 1881 ipso
1144 1791 1333 1863 'lurcorum
1361 1815 1421 1884 pro
1445 1815 1508 1865 sua
1526 1796 1699 1885 probitate

152 1915 191 1982 61
218 1909 365 1998 6161616,
395 1910 507 2002 magis
527 1931 630 2001 quam
651 1931 753 1982 unam
781 1917 908 1984 terram
935 1912 1156 2003 appenderet.
1191 1912 1416 1986 Iannensinm
1444 1915 1570 1988 6161166
1598 1917 1696 2005 Ρ666,

150 2032 267 2104 666116
295 2031 411 2105 616116
438 2032 648 2125 periculum,
679 2032 796 2104 missis
824 2033 867 2104 ad
894 2033 1084 2105 lurcorum
1102 2034 1350 2125 Imperatorem
1370 2037 1521 2126 nuntiis,
1550 2037 1697 2110 deditio·
1764 2119 1768 2124 ,

146 2159 232 2226 nem
264 2154 357 2227 iecit.
390 2154 581 2245 Postquam
597 2152 627 2244 ³)
655 2155 762 2240 muri,
792 2154 926 2226 moenia
953 2159 987 2226 et
1006 2159 1119 2228 turres
1149 2155 1323 2245 civitatis,
1357 2157 1542 2230 mandante
1571 2160 1695 2248 Turc0,

149 2275 333 2368 disruptae
362 2281 444 2348 6661
472 2283 507 2348 61
534 2276 607 2348 6616
635 2281 817 2368 aequatae,
846 2296 1033 2368 oampanao
1061 2277 1219 2349 sublatae
1247 2281 1281 2350 et
1309 2277 1345 2348 in
1373 2279 1577 2351 bombardas
1603 2301 1696 2352 reso·

149 2399 266 2486 lutae,
295 2399 444 2471 sedecim
471 2397 584 2496 millia
610 2399 817 2470 florenorum
844 2419 906 2489 pro
935 2399 1066 2470 tributo
1099 2421 1213 2470 annuo
1241 2398 1421 2490 imposita,
1455 2401 1570 2472 616166
1598 2402 1694 2474 1666-

148 2539 217 2610 666
247 2521 409 2608 66616116,
437 2525 576 2612 666166,
605 2521 742 2592 1616666
769 2526 804 2590 61
831 2520 1069 2611 666666616666
1098 2521 1229 2592 Terens
1254 2521 1341 2592 16616
1362 2522 1532 2594 66116611.
1564 2523 1696 2596 Videns

53 2633 60 2642 ’
147 2642 298 2734 1666666
329 2643 518 2715 Γ16666666
551 2643 761 2733 Imperator,
798 2643 918 2714 urbem
952 2642 1372 2733 Constantinopolitanam
1410 2644 1481 2715 6116
1515 2651 1550 2716 61
1583 2646 1696 2736 666116

148 2783 229 2835 6666
256 2763 364 2835 16166
392 2769 427 2836 61
454 2769 669 2856 protensam,
699 2764 735 2834 in
754 2764 888 2836 duabus
909 2763 984 2835 eius
1004 2764 1162 2854 partibus
1182 2764 1307 2849 66616,
1338 2765 1563 2857 turribusque
1583 2773 1617 2838 61
1636 2767 1694 2838 do·

147 2885 266 2957 mibus
295 2885 479 2958 altioribus
508 2885 700 2972 demolitis,
731 2885 870 2957 tertiam
899 2886 973 2958 eius
1001 2894 1152 2976 partem,
1187 2887 1257 2956 situ
1286 2891 1319 2957 et
1347 2887 1539 2960 munitione
1567 2887 1694 2960 firmio·

146 3029 241 3095 rem,
270 3007 423 3079 firmavit
441 3008 484 3096 ⁴),
513 3014 548 3080 et
576 3008 730 3080 exclusis
759 3007 900 3080 Graecis
920 3013 953 3079 61
973 3007 1176 3094 Catholicis,
1205 3005 1417 3098 praesidium
1446 3029 1587 3080 suarum
1611 3029 1693 3100 gon·

146 3128 242 3200 tium
270 3128 346 3201 illic
369 3130 487 3220 posuit
515 3133 550 3201 61
573 3151 685 3202 66666
714 3131 842 3218 666611,
873 3130 989 3200 sedem
1018 3129 1074 3200 sui
1093 3127 1254 3219 Imperii,
1284 3151 1351 3220 quo
1371 3129 1509 3202 16611166
1528 3129 1693 3202 resisten-

133 3249 238 3329 tiam
270 3254 305 3322 et
332 3251 567 3323 defensionem
595 3256 715 3323 contra
742 3251 974 3337 Christianos
998 3239 1296 3341 recuperationem
1325 3251 1435 3322 166666
1455 3231 1692 3338 Ι161666166166,

145 3379 354 3464 666666661,
383 3373 459 3443 11116
478 3373 664 3465 collocans.
694 3373 790 3444 Haec
809 3371 947 3463 quidem
972 3371 1357 3462 Constantinopolitana
1376 3372 1507 3459 eladae,
1538 3379 1609 3442 tam
1628 3371 1691 3444 mi-

145 3493 329 3581 secabilis,
359 3515 462 3584 quam
490 3495 702 3582 miseranda,
736 3495 923 3565 Turcorum
952 3494 1073 3584 ingens
1102 3492 1265 3574 uictoria,
1300 3493 1507 3565 Graecorum
1536 3501 1693 3564 6616666

141 3615 268 3702 66166,
297 3615 501 3687 Latinorum
530 3615 673 3687 1616616
701 3615 783 3686 luit:
812 3637 874 3706 por
901 3636 1004 3706 quanr
1024 3615 1207 3686 uulnerata
1227 3618 1279 3686 est
1298 3615 1382 3686 fidos
1402 3613 1588 3700 catholica,
1612 3635 1690 3685 con·

143 3737 228 3808 fusa
245 3736 386 3829 religio,
415 3759 539 3810 nomen
558 3737 689 3810 Christi
712 3738 992 3828 blasphematum
1021 3741 1055 3808 ct
1075 3758 1277 3828 oppressum
1293 3735 1335 3823 5);
1364 3757 1407 3808 66
1436 3735 1570 3806 duobus
1594 3735 1690 3808 chri-

143 3857 344 3930 stianitatis
372 3858 483 3932 oculis
511 3861 600 3933 alter
626 3863 764 3946 666166,
794 3879 836 3931 66
865 3859 999 3930 duabus
1027 3858 1186 3930 manibus
1210 3859 1321 3929 altera
1339 3861 1535 3948 amputata,
1563 3855 1689 3928 biblio-

142 3979 261 4052 thecis
295 3981 485 4054 oombnstis
518 3986 553 4053 et
580 3981 789 4054 Graecarum
821 3981 1003 4053 literarum
1036 3978 1220 4067 doctrinis,
1256 3978 1330 4050 sine
1364 3978 1491 4069 quibus
1525 3997 1624 4050 nemo
1653 3999 1689 4050 se

142 4101 288 4174 doctum
317 4103 523 4176 aestimabat
550 4103 611 4189 iri,
641 4101 894 4175 exterminatis.

324 4461 490 4533 lurcorum
514 4479 616 4551 genus
639 4463 674 4532 ot
697 4479 802 4532 mores
825 4459 1256 4548 donstantinopolitenorun
1279 4457 1512 4530 deseribuntur.

252 4712 330 4786 Non
359 4719 441 4786 6661
467 4719 583 4787 66166
612 4715 732 4802 16661,
761 4718 802 4784 61
828 4712 986 4804 plerique
1013 4715 1211 4798 autumant,
1242 4711 1284 4782 ab
1313 4708 1445 4801 origine
1464 4730 1527 4780 sua
1546 4706 1686 4780 Asiani:

141 4833 357 4927 Scytharum
375 4855 485 4927 genus
506 4841 574 4924 661,
596 4837 656 4928 qui
683 4841 780 4909 trans
809 4833 967 4920 Tanaim,
998 4833 1119 4904 Asiam
1147 4854 1285 4918 666666,
1318 4832 1417 4904 66116
1445 4829 1566 4902 stabili
1595 4829 1686 4916 sede,

139 4957 257 5029 661116
284 4957 447 5045 urbibus,
476 4957 584 5029 nullis
612 4957 717 5030 certis
745 4961 779 5029 et
805 4955 984 5047 perpetuis
1012 4954 1216 5040 domiciliis,
1246 4975 1384 5044 campos
1412 4956 1572 5044 patentes
1601 4971 1687 5042 uage

138 5079 346 5172 passimque
373 5078 523 5152 incolere
556 5078 652 5150 soliti
685 5084 782 5165 sunt,
817 5099 859 5150 66
888 5077 1000 5149 66116
1032 5075 1200 5148 Barbaria
1230 5076 1438 5167 proiectum,
1473 5073 1564 5164 qnod
1591 5073 1687 5142 ultra

139 5199 341 5288 Euxinum,
369 5199 638 5292 Pyrrichiosqne
657 5205 809 5287 montes,
839 5199 881 5270 ad
902 5197 1219 5289 septemtrionalem
1239 5196 1411 5269 Oceanum
1432 5195 1528 5267 sedes
1547 5191 1682 5265 habuit.

253 5477 277 5557 ¹)
299 5479 381 5538 illum
405 5455 579 5559 661666.
612 5475 637 5556 ²)
661 5477 697 5536 de
719 5475 812 5536 Auria
836 5469 911 5539 Cod.
936 5472 1001 5536 Lis.
1030 5468 1383 5555 1)Ρ661661161.1166.
1408 5469 1587 5550 41666666611
1611 5464 1686 5532 Cod.

140 5583 211 5646 Lis.
236 5579 264 5664 6)
289 5599 460 5660 oppressum
482 5587 536 5642 661.
560 5578 623 5643 Ed.
647 5577 737 5664 Lips.

167 5738 190 5782 6.
204 5737 302 5790 praga..
316 5736 376 5776 666.
386 5737 465 5778 noran.
479 5735 504 5776 n.
514 5735 542 5776 6.
1481 5710 1514 5762 19
