4082 6284
76 539 137 642 (Α.
156 537 200 612 D.
220 537 346 637 1459.)
574 562 687 620 urnae
712 560 957 616 euonncrnrus
971 515 1098 632 ¹(rr111).

174 861 269 934 lenti
292 861 485 934 validissimi
509 863 544 932 at
565 860 738 932 inundatio
760 878 914 952 aonamn
937 861 1054 972 damna
1077 865 1112 936 et
1135 863 1301 935 cabaliam
1323 862 1515 954 producunt.

170 1109 215 1180 In
242 1107 425 1182 Dominica
456 1109 602 1182 Laetare
629 1112 664 1181 et
691 1108 805 1182 tribus
838 1109 961 1182 diebus
993 1110 1238 1203 sequentibus,
1273 1115 1345 1184 tam
1376 1111 1621 1186 validissimus

71 1230 172 1302 flatus
199 1229 351 1303 borealis
379 1229 477 1304 renti
504 1229 723 1322 superuenit,
752 1235 793 1302 nt
819 1230 1085 1304 robustissimas
1113 1238 1243 1319 turres,
1273 1233 1392 1306 domos
1420 1238 1455 1306 et
1477 1234 1617 1308 arbores

71 1349 191 1423 asnis
218 1350 457 1424 fundamentis
484 1350 656 1423 ruinande
684 1350 860 1424 deiiceret.
889 1351 1024 1444 Fruges
1051 1352 1238 1441 hiemales,
1267 1354 1473 1444 praesertim
1503 1353 1616 1447 siligi-

70 1492 167 1559 neae,
196 1470 371 1544 anirinm
389 1471 619 1545 multitudine
637 1472 819 1564 depastae;
853 1472 1036 1544 inundatio
1069 1494 1237 1565 aquarum
1270 1474 1406 1548 dnobus
1437 1475 1616 1548 mensibus

69 1591 232 1665 continue
260 1591 407 1682 durans,
437 1613 596 1666 annonae
622 1591 800 1666 caristiam
828 1592 954 1666 effecit.

127 1947 268 2020 lathias
291 1948 489 2020 liuderico
511 1948 706 2039 imperatore
729 1948 854 2036 dctus,
878 1948 1012 2020 tandem
1034 1949 1125 2040 pacis
1148 1949 1389 2022 conditionibus
1411 1951 1550 2038 scendo,

230 2082 235 2089 ·
622 2068 692 2140 hex
713 2069 898 2158 limgariaa
921 2071 1060 2142 creatur.

165 2317 212 2390 In
238 2317 423 2410 Hungaria
449 2317 533 2390 neri
561 2322 692 2390 motus:
722 2317 863 2410 quidam
883 2318 975 2392 enim
993 2319 1157 2408 barenes,
1186 2341 1333 2412 quemn
1356 2320 1519 2412 princeps
1553 2320 1617 2392 Ni-

64 2438 184 2511 colaus
214 2437 413 2512 Rristaouhi
440 2441 531 2528 erat,
559 2438 694 2512 Mathia
711 2440 855 2529 reiecto,
884 2417 1104 2512 Fridericnm
1128 2440 1378 2534 Imperatorem
1398 2446 1432 2514 et
1451 2441 1619 2514 Austriae

63 2557 213 2648 Ducem,
243 2557 280 2631 in
307 2559 439 2652 Regem
466 2564 668 2648 assumunt,
702 2560 763 2652 qui
796 2559 961 2633 electioni
989 2582 1009 2632 a
1034 2560 1157 2652 paucis
1189 2561 1232 2634 de
1259 2581 1296 2634 se
1325 2563 1437 2634 factae
1470 2583 1617 2636 consen-

63 2677 172 2768 tiens,
202 2682 315 2752 totam
342 2679 562 2771 Hungariam
589 2700 680 2752 novo
699 2683 735 2753 et
753 2679 852 2753 cirili
870 2679 1043 2753 bellorum
1062 2680 1205 2754 fremitu
1229 2681 1408 2754 cenrolrit
1427 2682 1467 2772 ¹).
1497 2681 1619 2755 Omnis

62 2801 180 2872 tamen
207 2804 325 2872 metus
353 2799 480 2873 exinde
507 2804 663 2889 coortus,
692 2800 871 2874 Rridorice
898 2801 1112 2892 Imperatore
1140 2800 1333 2894 impensam
1361 2803 1555 2894 quamlibet
1573 2802 1617 2876 ad

61 2920 343 3012 prosecutionem
370 2921 504 3014 negotii
530 2923 644 2996 facere
671 2921 889 3011 fastidiente,
917 2922 1017 2996 brevi
1043 2922 1217 3016 refriguit.
1246 2922 1472 2997 Exercitibus
1501 2928 1617 2996 tamon

62 3039 251 3134 utriusque
277 3041 386 3134 Regis
413 3041 565 3116 invicem
592 3042 899 3131 convenientibus,
927 3045 968 3115 iit
995 3047 1098 3116 atrox
1126 3043 1332 3117 sicundalis
1351 3043 1532 3117 hincinde
1551 3065 1614 3136 pn·

59 3182 140 3253 gna.
170 3162 219 3234 Et
247 3162 408 3255 quamvis
435 3163 694 3237 dimicationem
722 3163 835 3256 ipsam
862 3163 1062 3256 praesentia
1089 3164 1242 3238 Mathiaa
1274 3165 1477 3258 Hungariae
1506 3164 1616 3257 Regis

60 3280 248 3356 adiuvaret
273 3283 464 3375 plurimum
492 3288 672 3376 (praesens
705 3285 796 3358 enim
830 3290 865 3359 et
897 3288 1073 3377 spectator
1103 3306 1242 3378 pugnae
1273 3290 1378 3378 atque
1411 3286 1616 3358 adhortator

60 3402 218 3476 militnm
247 3403 382 3494 aderat)
411 3406 651 3479 adlabentem
682 3427 851 3500 pugnam,
885 3406 988 3479 fessis
1020 3427 1129 3480 nores
1161 3405 1422 3495 substituendo,
1459 3405 1496 3478 in
1528 3405 1616 3478 locis

59 3523 200 3616 aliquot
237 3524 468 3599 restituisset:
506 3526 549 3600 ad
577 3531 771 3600 extremum
808 3526 1026 3601 Caesarianis
1053 3525 1244 3614 militibus,
1283 3527 1417 3600 bellum
1443 3526 1616 3600 Friderici

58 3645 202 3720 nomine
230 3645 576 3736 administrantibus,
606 3646 754 3722 victoria
781 3648 898 3722 cessit.
928 3647 1090 3740 Hungari
1117 3651 1152 3721 et
1180 3667 1298 3720 eornm
1325 3645 1518 3720 auxiliares
1542 3668 1615 3720 ma·

56 3785 127 3858 gna
155 3765 256 3838 clade
284 3766 417 3856 obruti,
451 3772 486 3841 et
514 3768 585 3842 fere
613 3767 773 3841 omnibns
802 3772 863 3840 ant
891 3767 1004 3860 captis
1036 3771 1099 3840 ant
1125 3765 1337 3856 interfectis,
1372 3765 1484 3840 omnis
1512 3787 1610 3842 exer·

57 3885 153 3958 citus
182 3885 337 3959 Mathias
365 3887 474 3980 Regis
501 3888 705 3981 Hungariae
727 3889 877 3961 deletus.
906 3889 985 3962 Rau
1011 3887 1087 3980 ipse
1114 3887 1283 3977 Mathias,
1317 3887 1531 3962 ornamentis
1558 3909 1611 3962 ro·

56 4003 212 4098 giis‚'no
229 4006 450 4099 proderetur,
471 4008 634 4098 abiectis,
664 4030 742 4083 cum
761 4009 884 4102 paneis
903 4009 1084 4102 fugiende,
1112 4007 1399 4101 persequentium
1426 4029 1550 4082 manns
1580 4014 1615 4082 et

57 4127 306 4220 captivitatem
335 4129 465 4219 erasit,
495 4133 530 4202 et
556 4130 594 4202 in
621 4130 757 4202 Budam
775 4129 999 4223 perveniens,
1029 4128 1303 4202 meticulositate
1322 4133 1357 4203 et
1374 4127 1613 4222 pusillanimi-

56 4249 131 4322 tate
159 4248 314 4342 ingenti,
342 4249 544 4324 rennntiare
571 4255 606 4323 et
633 4251 753 4325 cedere
780 4251 902 4344 Regno
929 4249 966 4323 in
993 4249 1109 4322 animo
1138 4270 1201 4322 suo
1228 4251 1443 4338 firmaverat,
1473 4253 1508 4322 et
1534 4249 1613 4322 Fri-

56 4367 176 4442 darico
205 4368 344 4443 Caesari
370 4369 497 4443 victori
525 4370 720 4464 supplicem
747 4392 785 4444 so
812 4372 924 4444 facere
956 4369 1171 4460 destinabat,
1206 4375 1393 4463 rogaturus
1425 4369 1545 4458 illum,
1573 4372 1615 4442 nt

56 4488 98 4562 de
126 4488 207 4562 inre
234 4489 349 4583 Regni
376 4489 579 4583 Hungariae
605 4491 769 4565 uniuerso
798 4491 985 4578 excedens,
1014 4489 1137 4564 liceret
1165 4489 1233 4564 sibi
1253 4490 1345 4563 circa
1363 4487 1613 4582 patrimonium

55 4611 301 4682 tantummodo
339 4613 375 4684 et
402 4611 636 4685 haereditates
664 4616 699 4685 et
726 4615 842 4684 castra
867 4615 1006 4703 epatre
1034 4610 1210 4703 quaesita,
1239 4631 1429 4685 remanere.
1463 4609 1520 4682 he
1547 4609 1613 4682 hoc

55 4733 179 4802 autem
205 4730 385 4823 proposito
413 4731 597 4804 Michaelis
626 4732 795 4805 Suuladin
810 4731 841 4822 2)
870 4731 1037 4806 auunculi
1070 4732 1141 4822 sni,
1176 4732 1394 4824 aliorumque
1421 4713 1612 4804 amicornm

54 4850 236 4940 consiliis,
264 4851 527 4944 pusillanimem
554 4851 709 4925 animum
737 4874 839 4925 sunm
867 4852 1012 4926 meliora
1031 4873 1170 4944 sperare
1189 4851 1409 4942 iubentibus,
1437 4870 1539 4944 aegre
1556 4870 1610 4922 ro·

53 4977 240 5060 vocatum,
268 4971 387 5045 missis
415 4972 550 5045 nuntiis
578 4972 811 5062 notabilibus,
841 4973 1090 5046 ecclesiasticis
1110 4978 1145 5047 et
1163 4971 1419 5061 saecularibus,
1447 4970 1486 5044 in
1503 4969 1610 5042 Vien-

53 5113 155 5180 nam,
186 5112 306 5184 pacem
333 5113 412 5166 cnm
438 5093 618 5166 Rridorioo
646 5093 791 5167 Caesare
819 5093 884 5166 snb
911 5093 968 5166 his
995 5093 1255 5167 conditionibus
1282 5097 1485 5185 perpetuam
1517 5110 1609 5162 cem·

52 5211 176 5304 penit:
204 5217 246 5284 ut
272 5212 398 5316 (leesor
424 5213 642 5305 Raidaricns,
671 5213 778 5287 titulo
806 5213 921 5307 Regni
948 5214 1150 5307 Hungariae
1178 5213 1246 5287 sibi
1274 5217 1309 5286 et
1337 5211 1413 5285 suis
1433 5231 1610 5285 successo·

167 5469 192 5550 ¹)
214 5470 347 5532 involvit
369 5467 433 5532 Ed.
456 5467 546 5554 Lips.
572 5468 598 5549 ⁹)
622 5470 746 5532 Zeladin
768 5468 832 5544 Ed,
855 5467 946 5578 Lipa,
969 5469 1144 5564 (ΒιίΙιιςγί).1

80 5622 103 5665 r.
118 5621 219 5674 nrm.
232 5621 320 5664 macor.
334 5621 414 5665 noran.
428 5621 453 5664 u.
467 5621 495 5665 v.
1402 5600 1435 5660 el
