4046 6278
372 561 452 634 440-
881 585 994 640 amna
1019 585 1265 641 nuonnonrue
1291 571 1407 660 (xm).
1642 569 1709 671 (Α.
1729 571 1777 647 D.
1797 570 1935 670 lm.)

444 887 568 960 θιιιιιι
589 887 624 958 ιι
647 885 847 975 ludentum
870 904 912 958 ιι
934 888 1034 960 tertis
1056 887 1238 960 rubonibus
1260 889 1440 962 ιιιιιιιιιι
1461 891 1532 964 ilex
1554 893 1756 982 protentione
1780 910 1860 978 ιιι,

510 1009 689 1082 exereitum
712 1007 858 1098 gentium
879 1023 1008 1082 ιιιιιι
1030 1009 1073 1081 ιι
1095 1009 1306 1084 obsidendum
1328 1010 1542 1101 blondum
1564 1015 1776 1087 ιιιιιιιιιιι.

475 1257 697 1350 Perpendens
729 1255 931 1329 Karimirns
964 1258 1042 1331 Rex
1075 1257 1242 1332 Poloniae
1268 1279 1289 1331 e
1316 1257 1465 1332 Martiae
1502 1259 1707 1335 Saioaowion
1747 1261 1935 1353 ambiguis

371 1377 549 1472 responsis
577 1398 614 1450 se
642 1376 776 1466 deludi,
806 1377 981 1469 frequenti
1008 1383 1127 1450 ooaeto
1155 1377 1318 1466 oonsilio,
1348 1379 1433 1470 quid
1460 1378 1497 1452 in
1525 1385 1596 1454 tam
1619 1381 1824 1472 periculoso
1847 1401 1934 1454 ιιιι

372 1521 474 1595 agere
501 1498 681 1592 expediat,
714 1498 908 1586 oonsultat,
943 1499 1163 1590 multumque
1195 1518 1314 1572 aeuum
1340 1505 1376 1571 et
1403 1520 1482 1572 eum
1513 1500 1726 1574 consiliariis
1760 1503 1932 1576 seeretis·

373 1621 461 1696 simo
489 1619 635 1694 oonsilio
663 1617 795 1706 volvit,
823 1617 861 1689 in
887 1617 1112 1711 Morienburg
1138 1637 1198 1706 ne,
1233 1641 1277 1692 an
1298 1618 1384 1693 alibi
1402 1619 1454 1693 ire
1471 1625 1646 1715 pergeret:
1678 1626 1832 1715 tumque
1862 1621 1933 1714 pri·

373 1763 484 1832 mum,
518 1740 610 1833 quod
642 1738 772 1811 dudum
805 1737 921 1811 animo
953 1737 1085 1812 taoitus
1117 1739 1298 1829 volvebat,
1336 1739 1557 1832 propositum
1591 1763 1693 1815 suum
1724 1743 1867 1835 aperit,
1896 1749 1935 1816 ut

372 1862 526 1936 transitu
553 1861 590 1934 in
617 1858 840 1953 llarienburg
867 1858 1012 1947 omisso,
1041 1857 1287 1952 Ohoynioaam,
1315 1865 1454 1952 portum
1479 1865 1514 1935 et
1532 1862 1729 1955 ingressum
1757 1863 1933 1937 hostilem

372 1984 557 2057 universae
583 1978 806 2068 defentionis,
836 1982 871 2052 et
898 1978 1011 2052 omnis
1038 1979 1126 2052 belli
1151 1980 1322 2054 haetenus
1349 1980 1525 2070 durantis,
1555 1987 1590 2056 et
1616 1983 1654 2056 ni
1681 1984 1932 2077 conquiretur,

373 2103 549 2192 duraturi,
578 2106 684 2193 eaput
710 2103 818 2192 petat.
848 2099 956 2173 Cuius
974 2099 1026 2173 rei
1045 2100 1218 2192 superiori
1244 2100 1339 2174 bello
1366 2101 1469 2174 utilis
1487 2108 1523 2176 et
1540 2105 1755 2193 noueremus,
1786 2109 1933 2179 tentala

372 2223 508 2318 potius,
542 2243 646 2314 quam
678 2225 826 2294 exeouta
858 2220 993 2294 oooasio
1026 2223 1156 2310 luerat,
1191 2227 1226 2294 et
1254 2241 1323 2294 non
1351 2221 1427 2295 sine
1454 2223 1597 2315 publiea
1630 2225 1788 2316 pernitie
1818 2226 1932 2299 inter·

373 2343 497 2434 missa,
526 2342 583 2416 oui
610 2346 708 2415 tanto
737 2345 890 2434 tempore
919 2362 983 2415 sua
1009 2341 1189 2416 temeritas
1216 2341 1392 2434 impunita
1410 2341 1493 2432 luit,
1520 2343 1701 2420 obsidione
1723 2346 1812 2419 forti
1833 2347 1932 2419 elau·

373 2465 500 2554 denda,
529 2461 779 2555 auferendique
806 2483 846 2536 ea
873 2461 1053 2537 obsidione
1079 2462 1241 2536 hostibus
1269 2463 1485 2555 frequentes,
1514 2465 1647 2556 quiex
1675 2467 1832 2540 Polonia
1851 2467 1930 2541 red·

373 2586 507 2659 duntur
529 2585 631 2657 annis
655 2582 821 2677 singulis,
856 2586 927 2656 tam
960 2587 1127 2676 quaestus
1155 2603 1259 2676 quam
1288 2590 1517 2674 oommeatus,
1551 2587 1760 2660 conterendo
1794 2589 1932 2680 fruges,

374 2726 522 2800 quarum
548 2704 824 2798 Ohoynioaenses
850 2702 1048 2797 gloriantur
1074 2704 1249 2793 ubertate,
1278 2704 1440 2779 hostibus
1468 2706 1627 2780 venturis
1654 2707 1771 2780 omnis
1799 2729 1932 2800 oppor-

373 2827 508 2900 tunitas
536 2832 570 2901 et
589 2847 669 2919 spes
696 2823 890 2900 ιιιιιιιιι.
920 2824 1115 2898 Τιιιιιιιι
1139 2829 1174 2898 ιι
1192 2823 1365 2898 Μιιιιιιι
1386 2824 1606 2917 enimenim,
1636 2828 1745 2902 taetri
1765 2829 1932 2902 Sloohou

372 2949 600 3040 interoept0r‚
631 2947 691 3039 qui
718 2951 753 3022 et
780 2947 857 3039 ipse
876 2947 901 3034 ¹)
930 2945 1124 3038 Ghoynioaa
1151 2945 1308 3033 obsessa,
1338 2945 1408 3018 iam
1436 2967 1473 3020 se
1500 2947 1679 3021 obsessum
1708 2949 1754 3022 iri
1783 2949 1932 3041 putabit

372 3090 490 3162 parem
517 3069 657 3142 tandem
685 3073 720 3140 et
747 3066 784 3140 in
811 3067 908 3140 olade
936 3065 1187 3158 Choynionensi
1214 3065 1367 3139 obsessis
1396 3073 1431 3140 et
1453 3067 1603 3141 dedeous
1622 3073 1706 3142 tuno
1724 3074 1931 3162 aooepturn,

374 3190 405 3262 si
433 3189 531 3262 aliud
558 3209 627 3261 ιιι
654 3192 810 3281 urgeret,
848 3187 1054 3262 abolendum
1089 3186 1130 3260 de
1158 3185 1343 3259 frontibus.
1382 3187 1536 3261 Probent
1572 3209 1690 3263 omnes
1727 3189 1933 3263 eonsilisrii

375 3309 580 3384 multifariis
609 3307 785 3402 suffragiis
805 3309 894 3382 hano
913 3308 1021 3402 Regis
1040 3307 1266 3382 sententiam:
1295 3307 1364 3380 soli
1383 3307 1555 3382 militares
1574 3315 1609 3382 et
1627 3309 1723 3384 aives
1741 3309 1931 3398 Prussiae,

375 3431 436 3524 qui
462 3429 550 3503 illue
577 3429 621 3502 ad
647 3428 917 3503 oonsultandum
946 3429 1049 3502 aooiti
1074 3429 1226 3517 fuerant,
1256 3428 1473 3502 aversionem
1492 3450 1513 3501 a
1531 3429 1756 3524 Marienburg
1775 3434 1811 3504 et
1831 3434 1932 3502 tran·

373 3551 482 3625 eitum
500 3549 538 3624 in
556 3549 803 3642 Ghopnioaam,
832 3555 868 3621 et
895 3549 1072 3623 deoretum
1100 3547 1387 3640 Pyotrloviensis
1416 3549 1659 3624 eonsentionis
1686 3557 1721 3624 et
1742 3549 1932 3642 pollicita·

373 3671 504 3746 tionem
523 3671 630 3765 Regis
649 3670 867 3763 frequentius
886 3671 1030 3758 foetam,
1060 3668 1241 3743 temerarie
1269 3669 1477 3762 improbant.
1507 3669 1636 3744 Verum
1655 3691 1733 3744 oum
1753 3670 1838 3743 illis
1858 3691 1932 3743 ma

373 3793 426 3867 ior
452 3791 592 3866 utilitas
613 3811 657 3865 ex
676 3790 855 3864 obsidione
882 3790 1113 3884 Ohoynioaae,
1143 3811 1246 3882 quam
1275 3789 1428 3864 transitu
1448 3789 1485 3863 ιι
1504 3789 1741 3884 Marienbnrg,
1773 3791 1933 3864 deductu

375 3913 516 4000 inisset,
551 3910 786 4006 allegantibus
811 3910 1023 3985 consiliariis
1047 3910 1163 4002 Regni
1189 3910 1370 3998 Poloniae,
1405 3911 1594 3984 transitum
1620 3911 1757 4005 regium
1786 3910 1827 3984 ιι
1859 3911 1931 3984 lla·

373 4034 540 4127 nienburg
571 4033 671 4126 parvi
703 4031 888 4118 eommodi,
926 4029 1071 4105 maximi
1086 4029 1117 4120 ²)
1149 4030 1324 4124 dispendii
1356 4031 1444 4120 fore,
1483 4037 1519 4105 et
1545 4031 1588 4104 ob
1616 4031 1797 4105 oamstiam
1835 4053 1931 4106 eom·

376 4159 554 4230 meatuum
587 4158 658 4226 tam
691 4153 837 4247 Regem,
876 4173 979 4245 quam
1017 4151 1165 4240 milites,
1202 4152 1302 4224 nullo
1338 4150 1556 4226 memorabili
1592 4173 1694 4244 opere
1729 4151 1850 4242 edito,
1890 4173 1931 4225 ex

373 4275 519 4350 Prussia
545 4275 759 4367 dilapsuros,
789 4277 824 4346 et
852 4273 882 4346 ιι
909 4293 1130 4365 perseverare
1158 4271 1233 4345 illio
1260 4271 1387 4359 uelint,
1417 4293 1487 4345 ιιι
1514 4271 1612 4344 aliud
1627 4269 1658 4360 ³)
1686 4293 1793 4365 quarn
1813 4271 1929 4346 Kins·

372 4396 552 4490 bergensis
580 4394 737 4469 ciuitatis
765 4393 980 4468 obsidionem
1007 4399 1162 4480 aeturos,
1192 4393 1287 4464 latus
1315 4413 1453 4485 quoque
1481 4397 1652 4466 terrarum
1680 4393 1830 4467 llaioris
1862 4395 1929 4467 Po·

373 4498 504 4607 ioniae,
535 4515 696 4590 hostibus
724 4514 953 4608 dhoynionam
981 4513 1199 4602 tenentibus,
1229 4512 1376 4602 nudum,
1405 4519 1446 4586 ut
1469 4513 1505 4586 in
1525 4513 1608 4586 illas
1627 4513 1707 4607 igne
1725 4519 1762 4587 et
1781 4515 1926 4606 spoliis,

374 4643 543 4732 quantum
571 4636 698 4725 velint,
726 4634 880 4728 grassari
907 4635 1060 4728 possint,
1088 4609 1289 4720 relicturos;
1323 4653 1444 4707 verum
1472 4653 1516 4706 ιι
1544 4633 1737 4726 Ohoynioaa
1766 4635 1928 4720 obsessa,

374 4759 527 4854 plurima
559 4757 737 4832 commoda
768 4755 874 4850 Regi,
908 4755 1090 4848 dispendia
1118 4759 1153 4828 et
1181 4761 1345 4829 terrorem
1376 4751 1538 4828 hostibus
1569 4759 1800 4847 proventura,
1832 4755 1928 4829 etsi

373 4881 473 4955 illam
500 4897 700 4972 expugnare
727 4876 928 4970 eontigerit,
958 4877 1159 4952 universam
1187 4874 1368 4949 Prussiom
1396 4875 1438 4949 de
1465 4879 1601 4949 aaetero
1630 4877 1787 4949 olausam
1807 4881 1849 4950 et
1868 4877 1925 4950 ob

374 5022 506 5077 sessum
534 4999 660 5088 teneri,
690 5003 725 5071 et
753 4997 892 5072 laoilius
920 4998 957 5070 in
985 5017 1104 5090 paoem
1129 5002 1163 5070 et
1182 4997 1219 5070 in
1247 4995 1501 5070 Cruoilerorum
1521 4996 1780 5088 expulsionem,
1810 4997 1847 5070 si
1866 5019 1925 5090 pa·

373 5143 447 5198 oem
474 5121 769 5215 aspemabuntur,
798 5123 938 5213 reoepta
965 5117 1174 5212 cherrima,
1208 5137 1311 5210 posse
1343 5115 1541 5209 pervenire,
1575 5123 1610 5192 ot
1635 5117 1788 5192 maxime
1814 5119 1925 5192 austri

376 5243 534 5319 Sloohow
560 5240 836 5329 restitutionem
865 5240 909 5314 ob
932 5239 1025 5332 quod
1042 5260 1151 5313 unum
1169 5237 1422 5327 rennuendum,
1450 5237 1483 5311 ιι
1500 5241 1637 5314 oaetern
1654 5259 1723 5312 non
1739 5243 1923 5332 urgerent,

481 5501 505 5586 ¹)
528 5507 558 5564 et
579 5502 647 5580 ipsa
668 5495 733 5564 Ed.
755 5495 846 5584 Dipo.
869 5496 895 5581 ²)
919 5497 1038 5562 maximi
1060 5515 1130 5562 vero
1151 5493 1217 5561 Ed.
1240 5492 1331 5581 Ilipa.
1355 5493 1380 5576 π)
1406 5514 1465 5560 ιιι
1487 5496 1576 5558 sliam
1597 5493 1662 5560 Ed.
1685 5492 1776 5580 [λιι.
