4082 6284
88 563 150 668 (Α.
170 551 214 639 D.
234 559 361 662 ease.)
596 576 710 639 arnna
736 583 981 639 nuonnumrus
1010 567 1125 657 (rm).
1558 565 1643 640 295-

86 775 177 868 gnlis
204 773 415 847 substantiis
442 773 480 844 in
509 793 585 845 eam
617 771 709 845 diem
742 771 953 845 adiurimus.
987 773 1136 864 Propter
1163 769 1256 865 quod
1283 793 1408 866 magno
1436 775 1555 849 dolore
1583 776 1633 846 al-

85 895 255 968 flietamnr
282 901 317 966 et
344 893 563 981 eonfieimur,
592 897 777 985 postquam
806 913 868 985 pre
897 897 950 965 tot
977 893 1108 966 nostris
1136 893 1405 986 ingenitorum,
1434 895 1471 967 in
1498 917 1633 989 germe-

86 1023 166 1088 nm'n
193 1019 273 1088 tuos
292 1016 332 1105 ¹),
362 1019 397 1087 et
423 1018 600 1106 postremo
629 1013 666 1085 in
694 1018 729 1086 te
757 1014 987 1103 ornamentis,
1016 1014 1224 1102 honoribus,
1254 1015 1476 1089 excellentiis
1509 1021 1544 1092 et
1576 1017 1634 1090 de·

86 1135 172 1208 eoris
199 1135 396 1227 praestitis,
432 1134 678 1207 Lithuenieam
712 1139 867 1227 gentem,
900 1134 993 1206 nihil
1020 1135 1062 1208 de
1090 1139 1142 1224 te,
1175 1139 1344 1228 petreque
1372 1140 1433 1208 tuo
1461 1137 1633 1224 meritam,

86 1263 119 1330 et
145 1255 175 1329 si
203 1277 324 1330 rerum
352 1259 489 1348 oportet
518 1255 637 1345 fateri,
666 1255 760 1348 petri
788 1259 823 1328 et
850 1255 917 1328 tibi
944 1277 1068 1347 perum
1096 1256 1217 1344 fidam,
1248 1257 1349 1330 nobis
1368 1259 1569 1350 anteponis,
1599 1263 1635 1330 et

85 1377 238 1466 iniuriis,
272 1376 557 1470 oppressionibus
591 1381 626 1448 et
652 1376 916 1469 gravaminibus
950 1397 1013 1449 nos
1046 1397 1170 1465 vexas,
1205 1377 1348 1450 eonfieis
1381 1381 1416 1452 et
1446 1400 1558 1471 usque
1590 1379 1633 1450 ad

84 1498 269 1590 pernitiem
297 1497 486 1571 eonsumis.
516 1497 660 1570 Oretum
688 1496 799 1590 igitur
825 1497 1002 1585 venimus,
1033 1503 1067 1570 et
1095 1518 1249 1586 oremus,
1269 1502 1310 1570 ut
1328 1503 1457 1572 terram
1476 1498 1631 1573 Lueaen-

85 1641 154 1692 sem
187 1624 222 1692 et
248 1619 357 1691 villas
384 1618 674 1706 Paroaorienses,
703 1621 816 1691 terrae
844 1617 989 1710 insuper
1014 1617 1180 1690 Podoliee
1198 1618 1410 1710 portionem,
1438 1641 1501 1712 per
1518 1625 1553 1693 te
1572 1641 1632 1693 no·

83 1739 136 1813 bis
163 1739 295 1812 iniuste
324 1739 501 1832 adempta,
529 1739 715 1826 restitues;
743 1743 919 1812 monetam
947 1741 1105 1826 tenuem,
1134 1739 1273 1812 futilem
1293 1743 1327 1812 st
1345 1741 1467 1833 Regno
1490 1742 1632 1814 damno·

84 1881 171 1948 sem,
200 1861 326 1934 endere
354 1861 510 1947 desinas3
540 1881 704 1932 onerosus
732 1859 904 1932 stationes
932 1864 967 1933 et
993 1859 1183 1952 vectigalia
1211 1861 1404 1950 subdueas;
1432 1863 1634 1954 petentibus

83 1981 255 2054 iustitiam
283 1986 318 2054 et
344 1981 579 2073 patrocinium
606 1985 724 2070 tuum,
754 1985 788 2053 te
816 1979 1031 2054 exorabilem
1051 1985 1085 2054 et
1103 1979 1295 2072 benignum
1322 1985 1498 2074 praestes,
1519 1987 1554 2055 et
1571 2002 1634 2074 pro

84 2101 285 2174 defensione
313 2101 443 2195 Regni,
482 2101 643 2194 deposita
675 2101 840 2194 segnitie,
874 2105 909 2174 te
937 2101 1132 2175 animosum
1162 2106 1197 2174 et
1223 2101 1338 2174 uirum
1366 2105 1536 2190 ostentes;
1565 2105 1633 2178 Re·

83 2243 157 2315 gem
186 2243 325 2315 quoque
351 2223 534 2312 Poloniae,
563 2222 632 2294 imo
660 2226 840 2314 parentem
859 2226 894 2296 te
913 2222 1131 2310 memineris,
1160 2244 1231 2294 non
1249 2222 1428 2296 ritrieum.
1457 2223 1550 2304 Idsi
1569 2225 1633 2296 im·

87 2348 282 2435 patramus,
317 2343 518 2417 obedienter
542 2349 576 2417 et
595 2342 811 2416 iussionibus
836 2323 908 2415 tuis
932 2342 1147 2435 parebimuS,
1181 2347 1215 2416 et
1242 2365 1305 2435 pro
1332 2345 1421 2434 tuis,
1451 2345 1634 2438 Regnique

83 2463 355 2537 nenessitatibns
383 2463 584 2537 liberaliter¹
607 2463 825 2537 substantias
853 2468 993 2536 nostres
1018 2465 1250 2553 eonferemus,
1280 2471 1315 2538 et
1333 2485 1395 2557 pro
1415 2465 1634 2539 utilitatibus

84 2585 350 2658 exeubabimus:
379 2585 436 2657 sin
463 2585 595 2674 minus,
625 2605 737 2677 neque
765 2585 807 2657 de
826 2583 976 2676 privetis
995 2583 1127 2657 nostris
1146 2585 1429 2677 possessionibus
1448 2585 1634 2680 quiequam

84 2705 290 2796 eolleturos,
318 2727 431 2798 neque
459 2705 497 2778 in
524 2705 706 2794 militium,
734 2704 805 2778 nisi
833 2704 998 2777 donativo
1027 2710 1184 2797 eeoepto,
1214 2727 1294 2795 nos,
1324 2711 1440 2780 sertus
1468 2707 1535 2796 sis,
1564 2707 1633 2780 itu·

83 2846 150 2897 ros.
178 2825 307 2920 Magno
335 2828 454 2900 favore
482 2826 701 2920 singulorum
734 2826 910 2899 Iohannes
943 2825 1188 2918 Rithwyenski
1221 2826 1364 2898 auditus
1392 2835 1462 2916 est,
1491 2827 1634 2901 verissi-

83 2961 208 3038 meque
234 2945 338 3019 illum
365 2947 514 3036 dixisse,
543 2947 740 3019 iustissima
767 2945 991 3038 deprecatum
1019 2945 1145 3036 fuisse,
1175 2945 1287 3018 omnis
1311 2947 1447 3036 aeneio,
1477 2947 1544 3021 etsi
1563 2971 1632 3021 non

83 3066 275 3140 assertione
303 3067 472 3140 sermonis
501 3067 676 3160 (plerique
704 3067 796 3140 enim
820 3067 909 3140 iram
933 3067 1041 3161 Regis
1075 3067 1312 3158 verebantur),
1346 3068 1482 3142 silentii
1515 3073 1633 3143 tamen

84 3191 142 3258 eut
168 3188 286 3260 leudis
313 3188 531 3263 eonlessione
564 3189 751 3261 fatebatur.
784 3189 878 3262 Huio
909 3189 1142 3281 propositioni
1175 3193 1210 3261 et
1238 3191 1400 3280 querelae
1431 3190 1634 3263 Kezimirus

85 3307 161 3380 Rex
176 3306 209 3398 ²)
246 3327 493 3401 responsurus,
527 3309 695 3401 primum,
730 3310 822 3402 quod
855 3314 947 3383 terre
982 3309 1189 3398 Luesensis,
1223 3309 1332 3382 villae
1363 3309 1635 3386 Pareauuienses

91 3433 125 3500 et
150 3429 268 3521 portio
294 3433 409 3503 terrae
441 3429 622 3518 Podoliae‚
655 3452 725 3502 non
752 3451 773 3502 a
801 3449 854 3518 se,
884 3430 945 3503 sed
972 3429 1202 3503 ahithuanis
1231 3434 1399 3522 oeeupeta
1417 3436 1452 3506 et
1471 3415 1635 3524 possessa

85 3548 146 3637 sit,
174 3570 326 3643 purgare
353 3551 453 3623 nisus
481 3556 548 3639 est,
582 3551 643 3623 sed
671 3550 918 3624 convenienter
946 3551 1014 3623 sibi
1042 3573 1062 3621 a
1088 3551 1245 3624 Iohanne
1272 3551 1516 3644 Rithuyenslri
1535 3537 1633 3626 andi·

84 3668 135 3741 rit
152 3671 385 3762 replieetum:
414 3691 483 3742 non
511 3669 636 3760 alium,
667 3692 771 3762 quarn
799 3671 916 3764 ipsum
935 3672 1065 3744 Duoem
1086 3672 1251 3765 Magnum
1270 3672 1482 3747 Lithuaniae
1501 3675 1574 3747 fore
1590 3673 1633 3765 3),

85 3795 118 3863 et
144 3811 188 3864 ex
219 3812 283 3863 sno
302 3791 448 3864 arbitrio
467 3795 502 3864 et
520 3791 637 3878 iussu,
667 3797 701 3865 et
729 3793 943 3866 Lueuensem
968 3797 1095 3866 terrum
1116 3798 1151 3866 et
1169 3775 1321 3883 eaetera,
1351 3813 1439 3884 quae
1466 3793 1636 3867 Lithuani

85 3917 329 4003 oeeupessent‚
357 3913 519 4004 pendere.
550 3913 618 3986 Sed
637 3934 699 3986 neo
718 3913 918 3986 Lithuenos
937 3914 1153 3987 Locrensem
1172 3917 1316 4002 terrem,
1345 3913 1415 3987 nisi
1436 3935 1474 3986 eo
1494 3913 1636 3988 iubente

85 4039 118 4103 et
142 4033 386 4124 permittente,
418 4053 620 4125 oeenpasse:
651 4045 770 4126 quarn,
800 4055 839 4106 eo
867 4034 962 4127 Rege
989 4033 1157 4107 Poloniae
1180 4056 1249 4108 non
1273 4038 1431 4124 extante,
1461 4053 1635 4128 nusquam

85 4171 251 4245 oeeupere
280 4175 440 4226 ausuros.
470 4153 629 4226 Monetae
657 4154 780 4227 deinde
808 4155 1004 4228 sussionem
1034 4139 1286 4228 aeonsiliariis
1306 4154 1375 4227 sibi
1394 4155 1541 4228 deduxit
1558 4176 1635 4230 esse

86 4273 307 4364 permissam,
329 4274 372 4346 ab
392 4293 432 4348 ea
451 4259 588 4366 quoque
608 4295 644 4347 se
663 4279 880 4348 cessaturum
900 4275 1099 4348 affirmarit.
1129 4275 1350 4348 Stationibns
1369 4297 1451 4348 rere
1471 4280 1506 4349 et
1524 4277 1633 4350 veeti-

84 4393 222 4484 galibus
250 4413 319 4466 non
348 4394 429 4467 eliis
458 4415 495 4468 se
522 4394 592 4483 uti,
627 4416 731 4486 quam
762 4400 863 4487 peter
895 4376 980 4468 suns
1007 4395 1189 4484 utebatur;
1223 4399 1258 4468 et
1284 4397 1436 4469 Polonos
1464 4395 1567 4469 iuxta
1594 4417 1634 4470 ee

85 4513 280 4586 Lithuanos
308 4514 473 4608 diligere,
503 4514 734 4606 omnibusque
752 4515 955 4606 petentibus
974 4515 1149 4589 iustitiam
1173 4516 1434 4606 administrare,
1463 4516 1634 4591 defensio·

85 4655 161 4706 nem
188 4635 304 4727 Regni
332 4634 401 4707 sibi
429 4635 568 4726 quidem
588 4656 690 4710 euree
713 4657 805 4710 esse:
835 4637 895 4710 sed
925 4635 1058 4708 aerario
1077 4636 1192 4728 Regni
1211 4636 1366 4729 obligato
1385 4641 1420 4710 et
1438 4637 1621 4712 deheiente

84 4755 173 4828 nulli
190 4755 243 4828 rei
261 4754 349 4827 setis
367 4755 565 4847 prospieere
582 4777 700 4848 posse,
728 4757 919 4848 respondit.
949 4759 1118 4849 Agerent,
1139 4763 1179 4829 ut
1197 4758 1287 4830 bone
1308 4757 1441 4850 regalia
1460 4758 1528 4832 sibi
1545 4760 1636 4835 red-s

87 4874 265 4948 derantur:
300 4880 494 4967 opportune
528 4897 564 4949 se
592 4875 743 4970 singulis
776 4877 891 4970 Regni
923 4877 1193 4951 necessitatibus
1225 4877 1460 4970 provisurum.
1497 4879 1553 4951 Ad
1580 4900 1636 4954 res

87 4995 210 5069 deinde
236 4996 486 5085 Prutheniees,
521 4997 684 5088 quoniam
717 4997 925 5070 militarium
953 5003 988 5071 et
1015 4998 1201 5072 eiritutum
1231 4998 1399 5072 Prussiae
1425 4999 1534 5092 legati
1560 5001 1636 5073 illis

88 5115 223 5189 eonsuli
249 5105 435 5208 urgebant,
466 5117 579 5189 omnis
607 5137 689 5191 eura
716 5139 895 5191 conuersa.
924 5119 970 5190 Rt
999 5119 1152 5192 Stiborio
1181 5120 1222 5192 ds
1251 5119 1371 5192 chelm
1391 5125 1412 5191 'e
1431 5121 1538 5193 eastri
1562 5121 1635 5193 hlu-

88 5235 252 5330 rienburg
279 5242 402 5311 tenuta
429 5237 617 5328 destituto,
647 5238 854 5332 gubernatio
873 5239 974 5311 illius
994 5240 1143 5312 Iohanni
1162 5239 1459 5332 Kussayelyeealri
1477 5240 1636 5333 palatino

195 5493 217 5575 ¹)
242 5499 272 5555 et
293 5513 464 5570 germanum
486 5499 568 5554 tuum
592 5491 654 5557 nu.
680 5492 769 5578 Lipe.
794 5494 821 5578 ⁹)
844 5496 985 5557 Poloniae
1006 5495 1071 5560 Rex
1093 5495 1156 5559 Ed.
1180 5494 1270 5582 Lipo.
1295 5496 1321 5577 ³)
1345 5513 1412 5559 esse
1433 5495 1497 5560 Ed.
1522 5494 1612 5582 Lipr.
