<?xml version="1.0" encoding="UTF-8"?>
<!DOCTYPE html PUBLIC "-//W3C//DTD XHTML 1.0 Transitional//EN"
    "http://www.w3.org/TR/xhtml1/DTD/xhtml1-transitional.dtd">
<html xmlns="http://www.w3.org/1999/xhtml" xml:lang="en" lang="en">
 <head>
  <title>
</title>
<meta http-equiv="Content-Type" content="text/html;charset=utf-8" />
  <meta name='ocr-system' content='tesseract 3.04.00' />
  <meta name='ocr-capabilities' content='ocr_page ocr_carea ocr_par ocr_line ocrx_word'/>
</head>
<body>
  <div class='ocr_page' id='page_1' title='image "./operaomnia06paulgoog_0265.png"; bbox 0 0 4126 6280; ppageno 0'>
   <div class='ocr_carea' id='block_1_1' title="bbox 100 596 1641 702">
    <p class='ocr_par' dir='ltr' id='par_1_1' title="bbox 100 596 1641 702">
     <span class='ocr_line' id='line_1_1' title="bbox 100 596 1641 702; baseline -0.004 -26"><span class='ocrx_word' id='word_1_1' title='bbox 100 599 163 702; x_wconf 93' lang='grc' dir='ltr'>(Α.</span> <span class='ocrx_word' id='word_1_2' title='bbox 181 597 226 673; x_wconf 87' lang='lat' dir='ltr'>D.</span> <span class='ocrx_word' id='word_1_3' title='bbox 246 596 372 697; x_wconf 80' lang='grc'>1457.)</span> <span class='ocrx_word' id='word_1_4' title='bbox 604 620 719 672; x_wconf 83' lang='lat' dir='ltr'>nnana</span> <span class='ocrx_word' id='word_1_5' title='bbox 744 618 990 672; x_wconf 84' lang='lat' dir='ltr'>nuonncruus</span> <span class='ocrx_word' id='word_1_6' title='bbox 1018 599 1132 690; x_wconf 82' lang='lat' dir='ltr'>(mu).</span> <span class='ocrx_word' id='word_1_7' title='bbox 1566 596 1641 670; x_wconf 83' lang='lat'>253</span> 
     </span>
    </p>
   </div>
   <div class='ocr_carea' id='block_1_2' title="bbox 99 804 1740 4391">
    <p class='ocr_par' dir='ltr' id='par_1_2' title="bbox 99 804 1740 4391">
     <span class='ocr_line' id='line_1_2' title="bbox 100 804 1641 899; baseline -0.003 -17"><span class='ocrx_word' id='word_1_8' title='bbox 100 815 170 882; x_wconf 92' lang='lat' dir='ltr'>tum</span> <span class='ocrx_word' id='word_1_9' title='bbox 198 813 268 880; x_wconf 89' lang='lat' dir='ltr'>tam</span> <span class='ocrx_word' id='word_1_10' title='bbox 296 806 474 899; x_wconf 78' lang='lat' dir='ltr'>copiosum</span> <span class='ocrx_word' id='word_1_11' title='bbox 502 809 537 878; x_wconf 93' lang='lat' dir='ltr'>et</span> <span class='ocrx_word' id='word_1_12' title='bbox 564 805 745 899; x_wconf 87' lang='lat' dir='ltr'>grandem,</span> <span class='ocrx_word' id='word_1_13' title='bbox 774 806 887 877; x_wconf 92' lang='lat' dir='ltr'>multo</span> <span class='ocrx_word' id='word_1_14' title='bbox 915 804 1080 878; x_wconf 91' lang='lat' dir='ltr'>maiorem</span> <span class='ocrx_word' id='word_1_15' title='bbox 1108 805 1146 877; x_wconf 90' lang='lat' dir='ltr'>in</span> <span class='ocrx_word' id='word_1_16' title='bbox 1173 805 1375 897; x_wconf 78' lang='lat' dir='ltr'><strong>rapinarum</strong></span> <span class='ocrx_word' id='word_1_17' title='bbox 1394 807 1430 878; x_wconf 93' lang='lat' dir='ltr'>et</span> <span class='ocrx_word' id='word_1_18' title='bbox 1449 804 1641 897; x_wconf 90' lang='lat' dir='ltr'>spoliorum</span> 
     </span>
     <span class='ocr_line' id='line_1_3' title="bbox 100 925 1643 1022; baseline -0.003 -20"><span class='ocrx_word' id='word_1_19' title='bbox 100 929 257 1022; x_wconf 87' lang='lat' dir='ltr'>propriae</span> <span class='ocrx_word' id='word_1_20' title='bbox 284 934 396 1001; x_wconf 87' lang='lat' dir='ltr'>terrae</span> <span class='ocrx_word' id='word_1_21' title='bbox 429 948 576 1014; x_wconf 91' lang='lat' dir='ltr'>moram,</span> <span class='ocrx_word' id='word_1_22' title='bbox 611 948 715 1018; x_wconf 85' lang='lat' dir='ltr'>quam</span> <span class='ocrx_word' id='word_1_23' title='bbox 748 925 785 997; x_wconf 91' lang='lat' dir='ltr'>in</span> <span class='ocrx_word' id='word_1_24' title='bbox 812 925 1072 1018; x_wconf 76' lang='lat' dir='ltr'>oppugnatione</span> <span class='ocrx_word' id='word_1_25' title='bbox 1100 925 1206 998; x_wconf 91' lang='lat' dir='ltr'>unius</span> <span class='ocrx_word' id='word_1_26' title='bbox 1234 926 1319 999; x_wconf 84' lang='lat' dir='ltr'>vilis</span> <span class='ocrx_word' id='word_1_27' title='bbox 1346 925 1436 1015; x_wconf 90' lang='lat' dir='ltr'>riei,</span> <span class='ocrx_word' id='word_1_28' title='bbox 1464 929 1499 1000; x_wconf 91' lang='lat' dir='ltr'>et</span> <span class='ocrx_word' id='word_1_29' title='bbox 1525 925 1643 1000; x_wconf 88' lang='lat' dir='ltr'>delen·</span> 
     </span>
     <span class='ocr_line' id='line_1_4' title="bbox 102 1045 1644 1139; baseline -0.003 -16"><span class='ocrx_word' id='word_1_30' title='bbox 102 1051 194 1123; x_wconf 92' lang='lat' dir='ltr'>sione</span> <span class='ocrx_word' id='word_1_31' title='bbox 214 1049 250 1121; x_wconf 92' lang='lat' dir='ltr'>in</span> <span class='ocrx_word' id='word_1_32' title='bbox 268 1049 403 1136; x_wconf 89' lang='lat' dir='ltr'>hostes,</span> <span class='ocrx_word' id='word_1_33' title='bbox 432 1047 572 1135; x_wconf 82' lang='lat' dir='ltr'>lenisse,</span> <span class='ocrx_word' id='word_1_34' title='bbox 602 1047 690 1134; x_wconf 85' lang='lat' dir='ltr'>Deo,</span> <span class='ocrx_word' id='word_1_35' title='bbox 719 1051 760 1119; x_wconf 90' lang='lat' dir='ltr'>ut</span> <span class='ocrx_word' id='word_1_36' title='bbox 786 1045 952 1134; x_wconf 76' lang='lat' dir='ltr'>arbitror,</span> <span class='ocrx_word' id='word_1_37' title='bbox 981 1047 1149 1135; x_wconf 90' lang='lat' dir='ltr'>Polonos,</span> <span class='ocrx_word' id='word_1_38' title='bbox 1178 1051 1320 1139; x_wconf 94' lang='lat' dir='ltr'>propter</span> <span class='ocrx_word' id='word_1_39' title='bbox 1347 1069 1466 1120; x_wconf 90' lang='lat' dir='ltr'>eorum</span> <span class='ocrx_word' id='word_1_40' title='bbox 1493 1045 1644 1120; x_wconf 87' lang='lat' dir='ltr'>rioiosos</span> 
     </span>
     <span class='ocr_line' id='line_1_5' title="bbox 101 1165 1645 1261; baseline -0.004 -17"><span class='ocrx_word' id='word_1_41' title='bbox 101 1192 278 1258; x_wconf 83' lang='lat' dir='ltr'>exoessus,</span> <span class='ocrx_word' id='word_1_42' title='bbox 317 1169 474 1261; x_wconf 85' lang='lat' dir='ltr'>rapinas,</span> <span class='ocrx_word' id='word_1_43' title='bbox 514 1169 661 1259; x_wconf 81' lang='lat' dir='ltr'>praedas</span> <span class='ocrx_word' id='word_1_44' title='bbox 697 1172 731 1240; x_wconf 93' lang='lat' dir='ltr'>et</span> <span class='ocrx_word' id='word_1_45' title='bbox 759 1167 889 1259; x_wconf 90' lang='lat' dir='ltr'>spolia,</span> <span class='ocrx_word' id='word_1_46' title='bbox 923 1168 988 1240; x_wconf 90' lang='lat' dir='ltr'>tali</span> <span class='ocrx_word' id='word_1_47' title='bbox 1007 1169 1034 1258; x_wconf 89' lang='lat'>¹)</span> <span class='ocrx_word' id='word_1_48' title='bbox 1062 1168 1227 1241; x_wconf 90' lang='lat' dir='ltr'>dedeeore</span> <span class='ocrx_word' id='word_1_49' title='bbox 1258 1167 1437 1259; x_wconf 86' lang='lat' dir='ltr'>puniente.</span> <span class='ocrx_word' id='word_1_50' title='bbox 1477 1165 1645 1240; x_wconf 78' lang='lat' dir='ltr'>Exercitu</span> 
     </span>
     <span class='ocr_line' id='line_1_6' title="bbox 101 1287 1643 1379; baseline -0.003 -16"><span class='ocrx_word' id='word_1_51' title='bbox 101 1295 212 1363; x_wconf 89' lang='lat' dir='ltr'>autem</span> <span class='ocrx_word' id='word_1_52' title='bbox 240 1290 405 1363; x_wconf 90' lang='lat' dir='ltr'>Polonieo</span> <span class='ocrx_word' id='word_1_53' title='bbox 425 1289 469 1361; x_wconf 85' lang='lat' dir='ltr'>ad</span> <span class='ocrx_word' id='word_1_54' title='bbox 487 1287 627 1379; x_wconf 88' lang='lat' dir='ltr'>propria</span> <span class='ocrx_word' id='word_1_55' title='bbox 654 1287 870 1377; x_wconf 88' lang='lat' dir='ltr'>diseedente,</span> <span class='ocrx_word' id='word_1_56' title='bbox 899 1289 1011 1361; x_wconf 83' lang='lat' dir='ltr'>erevit</span> <span class='ocrx_word' id='word_1_57' title='bbox 1037 1289 1199 1362; x_wconf 77' lang='lat' dir='ltr'>hostibus</span> <span class='ocrx_word' id='word_1_58' title='bbox 1218 1293 1253 1361; x_wconf 88' lang='lat' dir='ltr'>et</span> <span class='ocrx_word' id='word_1_59' title='bbox 1271 1287 1426 1377; x_wconf 91' lang='lat' dir='ltr'>animus,</span> <span class='ocrx_word' id='word_1_60' title='bbox 1447 1292 1483 1361; x_wconf 90' lang='lat' dir='ltr'>et</span> <span class='ocrx_word' id='word_1_61' title='bbox 1501 1287 1545 1360; x_wconf 89' lang='lat' dir='ltr'>ad</span> <span class='ocrx_word' id='word_1_62' title='bbox 1565 1308 1643 1379; x_wconf 93' lang='lat' dir='ltr'>spo·</span> 
     </span>
     <span class='ocr_line' id='line_1_7' title="bbox 99 1408 1643 1503; baseline -0.003 -19"><span class='ocrx_word' id='word_1_63' title='bbox 99 1411 254 1484; x_wconf 92' lang='lat' dir='ltr'>liandnm</span> <span class='ocrx_word' id='word_1_64' title='bbox 282 1411 442 1503; x_wconf 85' lang='lat' dir='ltr'><strong>Regnum</strong></span> <span class='ocrx_word' id='word_1_65' title='bbox 469 1408 636 1480; x_wconf 89' lang='lat' dir='ltr'>Potoniao</span> <span class='ocrx_word' id='word_1_66' title='bbox 664 1409 781 1497; x_wconf 86' lang='lat' dir='ltr'>ardor,</span> <span class='ocrx_word' id='word_1_67' title='bbox 810 1409 989 1500; x_wconf 87' lang='lat' dir='ltr'>libereque</span> <span class='ocrx_word' id='word_1_68' title='bbox 1016 1430 1173 1501; x_wconf 87' lang='lat' dir='ltr'>quaeque</span> <span class='ocrx_word' id='word_1_69' title='bbox 1200 1414 1442 1501; x_wconf 76' lang='lat' dir='ltr'>peragrantes,</span> <span class='ocrx_word' id='word_1_70' title='bbox 1471 1413 1544 1481; x_wconf 89' lang='lat' dir='ltr'>tam</span> <span class='ocrx_word' id='word_1_71' title='bbox 1563 1429 1643 1500; x_wconf 90' lang='lat' dir='ltr'>spo-</span> 
     </span>
     <span class='ocr_line' id='line_1_8' title="bbox 100 1527 1643 1622; baseline -0.002 -18"><span class='ocrx_word' id='word_1_72' title='bbox 100 1531 174 1619; x_wconf 87' lang='lat' dir='ltr'>liis,</span> <span class='ocrx_word' id='word_1_73' title='bbox 203 1552 307 1622; x_wconf 87' lang='lat' dir='ltr'>qnam</span> <span class='ocrx_word' id='word_1_74' title='bbox 335 1529 505 1603; x_wconf 89' lang='lat' dir='ltr'>inoendiis</span> <span class='ocrx_word' id='word_1_75' title='bbox 533 1529 699 1601; x_wconf 84' lang='lat' dir='ltr'>villarum</span> <span class='ocrx_word' id='word_1_76' title='bbox 719 1534 754 1601; x_wconf 92' lang='lat' dir='ltr'>et</span> <span class='ocrx_word' id='word_1_77' title='bbox 773 1529 977 1621; x_wconf 88' lang='lat' dir='ltr'>oppidorum</span> <span class='ocrx_word' id='word_1_78' title='bbox 1005 1530 1250 1603; x_wconf 83' lang='lat' dir='ltr'>abutebantur.</span> <span class='ocrx_word' id='word_1_79' title='bbox 1281 1528 1353 1603; x_wconf 92' lang='lat' dir='ltr'>Sed</span> <span class='ocrx_word' id='word_1_80' title='bbox 1372 1534 1406 1602; x_wconf 94' lang='lat' dir='ltr'>et</span> <span class='ocrx_word' id='word_1_81' title='bbox 1424 1531 1505 1602; x_wconf 86' lang='lat' dir='ltr'>Dux</span> <span class='ocrx_word' id='word_1_82' title='bbox 1521 1528 1552 1618; x_wconf 72' lang='grc'>2)</span> <span class='ocrx_word' id='word_1_83' title='bbox 1580 1527 1643 1602; x_wconf 88' lang='lat' dir='ltr'>Os-</span> 
     </span>
     <span class='ocr_line' id='line_1_9' title="bbox 101 1647 1645 1743; baseline -0.002 -19"><span class='ocrx_word' id='word_1_84' title='bbox 101 1649 359 1724; x_wconf 86' lang='lat' dir='ltr'>uanenimensis</span> <span class='ocrx_word' id='word_1_85' title='bbox 371 1647 401 1738; x_wconf 68' lang='grc'>3)</span> <span class='ocrx_word' id='word_1_86' title='bbox 417 1648 618 1738; x_wconf 89' lang='lat' dir='ltr'>Iannssius,</span> <span class='ocrx_word' id='word_1_87' title='bbox 636 1650 782 1722; x_wconf 89' lang='lat' dir='ltr'>oolleota</span> <span class='ocrx_word' id='word_1_88' title='bbox 795 1649 919 1722; x_wconf 83' lang='lat' dir='ltr'>hostili</span> <span class='ocrx_word' id='word_1_89' title='bbox 936 1673 1054 1739; x_wconf 89' lang='lat' dir='ltr'>manu,</span> <span class='ocrx_word' id='word_1_90' title='bbox 1071 1672 1193 1723; x_wconf 90' lang='lat' dir='ltr'>versus</span> <span class='ocrx_word' id='word_1_91' title='bbox 1208 1649 1373 1743; x_wconf 91' lang='lat' dir='ltr'>oppidum</span> <span class='ocrx_word' id='word_1_92' title='bbox 1388 1650 1594 1724; x_wconf 86' lang='lat' dir='ltr'>Klobuonlro</span> <span class='ocrx_word' id='word_1_93' title='bbox 1608 1649 1645 1722; x_wconf 92' lang='lat' dir='ltr'>in</span> 
     </span>
     <span class='ocr_line' id='line_1_10' title="bbox 102 1769 1645 1865; baseline 0 -22"><span class='ocrx_word' id='word_1_94' title='bbox 102 1774 187 1845; x_wconf 86' lang='lat' dir='ltr'>leste</span> <span class='ocrx_word' id='word_1_95' title='bbox 207 1772 357 1844; x_wconf 80' lang='lat' dir='ltr'>Sanctae</span> <span class='ocrx_word' id='word_1_96' title='bbox 375 1769 547 1862; x_wconf 85' lang='lat' dir='ltr'>Hedvigis</span> <span class='ocrx_word' id='word_1_97' title='bbox 572 1771 801 1858; x_wconf 82' lang='lat' dir='ltr'>descendens,</span> <span class='ocrx_word' id='word_1_98' title='bbox 831 1770 921 1842; x_wconf 90' lang='lat' dir='ltr'>illud</span> <span class='ocrx_word' id='word_1_99' title='bbox 941 1770 1131 1862; x_wconf 90' lang='lat' dir='ltr'>spoliatum</span> <span class='ocrx_word' id='word_1_100' title='bbox 1150 1770 1231 1863; x_wconf 89' lang='lat' dir='ltr'>igne</span> <span class='ocrx_word' id='word_1_101' title='bbox 1250 1771 1478 1865; x_wconf 78' lang='lat' dir='ltr'>conflagravit</span> <span class='ocrx_word' id='word_1_102' title='bbox 1493 1771 1538 1861; x_wconf 78' lang='grc'>4),</span> <span class='ocrx_word' id='word_1_103' title='bbox 1567 1792 1645 1863; x_wconf 92' lang='lat' dir='ltr'>spo·</span> 
     </span>
     <span class='ocr_line' id='line_1_11' title="bbox 101 1890 1645 1984; baseline -0.001 -20"><span class='ocrx_word' id='word_1_104' title='bbox 101 1893 217 1984; x_wconf 80' lang='lat' dir='ltr'>linque</span> <span class='ocrx_word' id='word_1_105' title='bbox 236 1891 337 1963; x_wconf 90' lang='lat' dir='ltr'>illius</span> <span class='ocrx_word' id='word_1_106' title='bbox 357 1897 391 1963; x_wconf 92' lang='lat' dir='ltr'>et</span> <span class='ocrx_word' id='word_1_107' title='bbox 411 1891 576 1962; x_wconf 88' lang='lat' dir='ltr'>villarum</span> <span class='ocrx_word' id='word_1_108' title='bbox 600 1890 795 1962; x_wconf 80' lang='lat' dir='ltr'>vicinarum</span> <span class='ocrx_word' id='word_1_109' title='bbox 820 1911 935 1964; x_wconf 84' lang='lat' dir='ltr'>senum</span> <span class='ocrx_word' id='word_1_110' title='bbox 962 1892 1122 1979; x_wconf 87' lang='lat' dir='ltr'>trahens,</span> <span class='ocrx_word' id='word_1_111' title='bbox 1146 1891 1282 1963; x_wconf 91' lang='lat' dir='ltr'>nullam</span> <span class='ocrx_word' id='word_1_112' title='bbox 1306 1891 1542 1965; x_wconf 88' lang='lat' dir='ltr'>resistentiam</span> <span class='ocrx_word' id='word_1_113' title='bbox 1565 1913 1645 1984; x_wconf 92' lang='lat' dir='ltr'>pas-</span> 
     </span>
     <span class='ocr_line' id='line_1_12' title="bbox 101 2010 1645 2102; baseline 0.001 -17"><span class='ocrx_word' id='word_1_114' title='bbox 101 2034 175 2100; x_wconf 91' lang='lat' dir='ltr'>sus,</span> <span class='ocrx_word' id='word_1_115' title='bbox 196 2012 371 2085; x_wconf 77' lang='lat' dir='ltr'>discessit.</span> <span class='ocrx_word' id='word_1_116' title='bbox 392 2012 437 2083; x_wconf 79' lang='lat' dir='ltr'>lit</span> <span class='ocrx_word' id='word_1_117' title='bbox 451 2010 612 2102; x_wconf 83' lang='lat' dir='ltr'>quamuis</span> <span class='ocrx_word' id='word_1_118' title='bbox 627 2011 774 2084; x_wconf 90' lang='lat' dir='ltr'>durante</span> <span class='ocrx_word' id='word_1_119' title='bbox 788 2011 880 2083; x_wconf 88' lang='lat' dir='ltr'>eirea</span> <span class='ocrx_word' id='word_1_120' title='bbox 898 2011 1116 2102; x_wconf 80' lang='lat' dir='ltr'>llyslouione</span> <span class='ocrx_word' id='word_1_121' title='bbox 1131 2010 1174 2100; x_wconf 71' lang='grc'>5),</span> <span class='ocrx_word' id='word_1_122' title='bbox 1195 2011 1375 2086; x_wconf 90' lang='lat' dir='ltr'>obsidione</span> <span class='ocrx_word' id='word_1_123' title='bbox 1385 2014 1416 2102; x_wconf 77' lang='lat'>⁰)</span> <span class='ocrx_word' id='word_1_124' title='bbox 1444 2015 1563 2087; x_wconf 91' lang='lat' dir='ltr'>hostes</span> <span class='ocrx_word' id='word_1_125' title='bbox 1590 2033 1645 2086; x_wconf 89' lang='lat' dir='ltr'>ae·</span> 
     </span>
     <span class='ocr_line' id='line_1_13' title="bbox 101 2131 1646 2227; baseline 0 -21"><span class='ocrx_word' id='word_1_126' title='bbox 101 2156 185 2227; x_wconf 87' lang='lat' dir='ltr'>quas</span> <span class='ocrx_word' id='word_1_127' title='bbox 201 2133 298 2226; x_wconf 90' lang='lat' dir='ltr'>paois</span> <span class='ocrx_word' id='word_1_128' title='bbox 317 2132 534 2205; x_wconf 90' lang='lat' dir='ltr'>eonditiones</span> <span class='ocrx_word' id='word_1_129' title='bbox 554 2131 694 2224; x_wconf 87' lang='lat' dir='ltr'>saepias</span> <span class='ocrx_word' id='word_1_130' title='bbox 714 2132 943 2220; x_wconf 89' lang='lat' dir='ltr'>obtulissent,</span> <span class='ocrx_word' id='word_1_131' title='bbox 964 2137 999 2205; x_wconf 93' lang='lat' dir='ltr'>et</span> <span class='ocrx_word' id='word_1_132' title='bbox 1012 2154 1074 2225; x_wconf 92' lang='lat' dir='ltr'>pro</span> <span class='ocrx_word' id='word_1_133' title='bbox 1094 2131 1267 2224; x_wconf 91' lang='lat' dir='ltr'>stipendio</span> <span class='ocrx_word' id='word_1_134' title='bbox 1287 2132 1324 2205; x_wconf 90' lang='lat' dir='ltr'>in</span> <span class='ocrx_word' id='word_1_135' title='bbox 1339 2133 1484 2206; x_wconf 90' lang='lat' dir='ltr'>Prussia</span> <span class='ocrx_word' id='word_1_136' title='bbox 1502 2131 1646 2206; x_wconf 91' lang='lat' dir='ltr'>emerito</span> 
     </span>
     <span class='ocr_line' id='line_1_14' title="bbox 100 2252 1647 2346; baseline -0.001 -20"><span class='ocrx_word' id='word_1_137' title='bbox 100 2277 167 2326; x_wconf 94' lang='lat' dir='ltr'>non</span> <span class='ocrx_word' id='word_1_138' title='bbox 195 2253 375 2326; x_wconf 86' lang='lat' dir='ltr'>dimidiam</span> <span class='ocrx_word' id='word_1_139' title='bbox 405 2254 535 2342; x_wconf 89' lang='lat' dir='ltr'>solum,</span> <span class='ocrx_word' id='word_1_140' title='bbox 565 2253 625 2325; x_wconf 87' lang='lat' dir='ltr'>sed</span> <span class='ocrx_word' id='word_1_141' title='bbox 654 2253 759 2326; x_wconf 90' lang='lat' dir='ltr'>etiam</span> <span class='ocrx_word' id='word_1_142' title='bbox 787 2252 954 2326; x_wconf 92' lang='lat' dir='ltr'>minorem</span> <span class='ocrx_word' id='word_1_143' title='bbox 983 2257 1116 2344; x_wconf 90' lang='lat' dir='ltr'>partem</span> <span class='ocrx_word' id='word_1_144' title='bbox 1145 2273 1183 2326; x_wconf 90' lang='lat' dir='ltr'>se</span> <span class='ocrx_word' id='word_1_145' title='bbox 1210 2258 1410 2346; x_wconf 89' lang='lat' dir='ltr'>reoeptnros</span> <span class='ocrx_word' id='word_1_146' title='bbox 1438 2253 1475 2325; x_wconf 93' lang='lat' dir='ltr'>in</span> <span class='ocrx_word' id='word_1_147' title='bbox 1504 2253 1647 2346; x_wconf 83' lang='lat' dir='ltr'>placitis</span> 
     </span>
     <span class='ocr_line' id='line_1_15' title="bbox 100 2373 1646 2467; baseline 0 -21"><span class='ocrx_word' id='word_1_148' title='bbox 100 2375 240 2462; x_wconf 91' lang='lat' dir='ltr'>diebus,</span> <span class='ocrx_word' id='word_1_149' title='bbox 270 2375 460 2447; x_wconf 84' lang='lat' dir='ltr'>mediatore</span> <span class='ocrx_word' id='word_1_150' title='bbox 487 2373 641 2446; x_wconf 82' lang='lat' dir='ltr'>conrado</span> <span class='ocrx_word' id='word_1_151' title='bbox 670 2375 767 2446; x_wconf 90' lang='lat' dir='ltr'>Duoe</span> <span class='ocrx_word' id='word_1_152' title='bbox 795 2373 1071 2462; x_wconf 87' lang='lat' dir='ltr'>Olesehnioensi,</span> <span class='ocrx_word' id='word_1_153' title='bbox 1106 2377 1167 2467; x_wconf 89' lang='lat' dir='ltr'>qui</span> <span class='ocrx_word' id='word_1_154' title='bbox 1194 2375 1327 2447; x_wconf 91' lang='lat' dir='ltr'>bellum</span> <span class='ocrx_word' id='word_1_155' title='bbox 1356 2375 1462 2462; x_wconf 92' lang='lat' dir='ltr'>illud,</span> <span class='ocrx_word' id='word_1_156' title='bbox 1495 2395 1538 2447; x_wconf 91' lang='lat' dir='ltr'>ne</span> <span class='ocrx_word' id='word_1_157' title='bbox 1566 2395 1646 2447; x_wconf 90' lang='lat' dir='ltr'>eon·</span> 
     </span>
     <span class='ocr_line' id='line_1_16' title="bbox 100 2491 1645 2587; baseline 0 -20"><span class='ocrx_word' id='word_1_158' title='bbox 100 2495 240 2587; x_wconf 88' lang='lat' dir='ltr'>tagione</span> <span class='ocrx_word' id='word_1_159' title='bbox 269 2495 402 2566; x_wconf 84' lang='lat' dir='ltr'>snaed</span> <span class='ocrx_word' id='word_1_160' title='bbox 430 2491 597 2566; x_wconf 88' lang='lat' dir='ltr'>interiora</span> <span class='ocrx_word' id='word_1_161' title='bbox 626 2494 759 2566; x_wconf 86' lang='lat' dir='ltr'>Slesiae</span> <span class='ocrx_word' id='word_1_162' title='bbox 788 2501 959 2586; x_wconf 90' lang='lat' dir='ltr'>serperet,</span> <span class='ocrx_word' id='word_1_163' title='bbox 993 2495 1215 2587; x_wconf 81' lang='lat' dir='ltr'>providebat,</span> <span class='ocrx_word' id='word_1_164' title='bbox 1248 2495 1524 2587; x_wconf 78' lang='lat' dir='ltr'>paciscerentur:</span> <span class='ocrx_word' id='word_1_165' title='bbox 1554 2493 1645 2568; x_wconf 93' lang='lat' dir='ltr'>obsi·</span> 
     </span>
     <span class='ocr_line' id='line_1_17' title="bbox 100 2614 1647 2707; baseline 0 -19"><span class='ocrx_word' id='word_1_166' title='bbox 100 2617 201 2688; x_wconf 91' lang='lat' dir='ltr'>dione</span> <span class='ocrx_word' id='word_1_167' title='bbox 232 2621 347 2687; x_wconf 86' lang='lat' dir='ltr'>tamen</span> <span class='ocrx_word' id='word_1_168' title='bbox 376 2616 508 2702; x_wconf 86' lang='lat' dir='ltr'>soluta,</span> <span class='ocrx_word' id='word_1_169' title='bbox 542 2615 578 2685; x_wconf 95' lang='lat' dir='ltr'>in</span> <span class='ocrx_word' id='word_1_170' title='bbox 612 2614 810 2705; x_wconf 89' lang='lat' dir='ltr'>superbiam</span> <span class='ocrx_word' id='word_1_171' title='bbox 843 2615 945 2702; x_wconf 88' lang='lat' dir='ltr'>elati,</span> <span class='ocrx_word' id='word_1_172' title='bbox 982 2615 1185 2688; x_wconf 82' lang='lat' dir='ltr'>universum</span> <span class='ocrx_word' id='word_1_173' title='bbox 1214 2614 1283 2689; x_wconf 92' lang='lat' dir='ltr'>sibi</span> <span class='ocrx_word' id='word_1_174' title='bbox 1311 2615 1403 2687; x_wconf 81' lang='lat' dir='ltr'>solvi</span> <span class='ocrx_word' id='word_1_175' title='bbox 1433 2615 1647 2707; x_wconf 88' lang='lat' dir='ltr'>stipendium</span> 
     </span>
     <span class='ocr_line' id='line_1_18' title="bbox 100 2734 1648 2828; baseline 0 -20"><span class='ocrx_word' id='word_1_176' title='bbox 100 2736 335 2828; x_wconf 83' lang='lat' dir='ltr'>exposcebant</span> <span class='ocrx_word' id='word_1_177' title='bbox 351 2735 393 2823; x_wconf 85' lang='lat'>⁷).</span> <span class='ocrx_word' id='word_1_178' title='bbox 423 2734 640 2825; x_wconf 76' lang='lat' dir='ltr'>Quapropter</span> <span class='ocrx_word' id='word_1_179' title='bbox 667 2734 813 2807; x_wconf 90' lang='lat' dir='ltr'>barones</span> <span class='ocrx_word' id='word_1_180' title='bbox 841 2735 1024 2824; x_wconf 87' lang='lat' dir='ltr'>Polouiae,</span> <span class='ocrx_word' id='word_1_181' title='bbox 1053 2736 1150 2827; x_wconf 87' lang='lat' dir='ltr'>paois</span> <span class='ocrx_word' id='word_1_182' title='bbox 1179 2739 1332 2808; x_wconf 77' lang='lat' dir='ltr'>tractatu</span> <span class='ocrx_word' id='word_1_183' title='bbox 1351 2735 1496 2823; x_wconf 82' lang='lat' dir='ltr'>inferto,</span> <span class='ocrx_word' id='word_1_184' title='bbox 1525 2757 1648 2808; x_wconf 88' lang='lat' dir='ltr'>rursus</span> 
     </span>
     <span class='ocr_line' id='line_1_19' title="bbox 100 2854 1649 2948; baseline 0 -20"><span class='ocrx_word' id='word_1_185' title='bbox 100 2857 142 2928; x_wconf 91' lang='lat' dir='ltr'>ad</span> <span class='ocrx_word' id='word_1_186' title='bbox 169 2855 411 2948; x_wconf 93' lang='lat' dir='ltr'>opponendam</span> <span class='ocrx_word' id='word_1_187' title='bbox 442 2854 677 2927; x_wconf 86' lang='lat' dir='ltr'>defensionem</span> <span class='ocrx_word' id='word_1_188' title='bbox 710 2855 872 2929; x_wconf 88' lang='lat' dir='ltr'>hostibus</span> <span class='ocrx_word' id='word_1_189' title='bbox 904 2855 1079 2944; x_wconf 82' lang='lat' dir='ltr'>conversi,</span> <span class='ocrx_word' id='word_1_190' title='bbox 1113 2877 1257 2929; x_wconf 91' lang='lat' dir='ltr'>munera</span> <span class='ocrx_word' id='word_1_191' title='bbox 1287 2856 1373 2930; x_wconf 92' lang='lat' dir='ltr'>belli</span> <span class='ocrx_word' id='word_1_192' title='bbox 1406 2856 1527 2928; x_wconf 89' lang='lat' dir='ltr'>taliter</span> <span class='ocrx_word' id='word_1_193' title='bbox 1556 2855 1649 2930; x_wconf 89' lang='lat' dir='ltr'>inter</span> 
     </span>
     <span class='ocr_line' id='line_1_20' title="bbox 101 2976 1647 3068; baseline 0 -19"><span class='ocrx_word' id='word_1_194' title='bbox 101 2999 137 3049; x_wconf 91' lang='lat' dir='ltr'>se</span> <span class='ocrx_word' id='word_1_195' title='bbox 163 2976 290 3068; x_wconf 90' lang='lat' dir='ltr'>partiti</span> <span class='ocrx_word' id='word_1_196' title='bbox 318 2980 416 3048; x_wconf 90' lang='lat' dir='ltr'>sunt:</span> <span class='ocrx_word' id='word_1_197' title='bbox 450 2981 491 3046; x_wconf 91' lang='lat' dir='ltr'>ut</span> <span class='ocrx_word' id='word_1_198' title='bbox 518 2976 691 3048; x_wconf 90' lang='lat' dir='ltr'>Iohannes</span> <span class='ocrx_word' id='word_1_199' title='bbox 724 2976 766 3048; x_wconf 93' lang='lat' dir='ltr'>de</span> <span class='ocrx_word' id='word_1_200' title='bbox 793 2976 943 3049; x_wconf 79' lang='lat' dir='ltr'>Oaisnou</span> <span class='ocrx_word' id='word_1_201' title='bbox 972 2978 1187 3049; x_wconf 78' lang='lat' dir='ltr'>castellanus</span> <span class='ocrx_word' id='word_1_202' title='bbox 1219 2977 1459 3051; x_wconf 79' lang='lat' dir='ltr'>Oratoriensis</span> <span class='ocrx_word' id='word_1_203' title='bbox 1491 2977 1528 3048; x_wconf 90' lang='lat' dir='ltr'>in</span> <span class='ocrx_word' id='word_1_204' title='bbox 1560 2977 1647 3050; x_wconf 88' lang='lat' dir='ltr'>Ska-</span> 
     </span>
     <span class='ocr_line' id='line_1_21' title="bbox 101 3096 1646 3190; baseline 0.001 -21"><span class='ocrx_word' id='word_1_205' title='bbox 101 3097 204 3184; x_wconf 88' lang='lat' dir='ltr'>uina,</span> <span class='ocrx_word' id='word_1_206' title='bbox 236 3097 410 3169; x_wconf 89' lang='lat' dir='ltr'>Iohannes</span> <span class='ocrx_word' id='word_1_207' title='bbox 438 3096 480 3168; x_wconf 94' lang='lat' dir='ltr'>de</span> <span class='ocrx_word' id='word_1_208' title='bbox 507 3096 684 3168; x_wconf 78' lang='lat' dir='ltr'>Thanonin</span> <span class='ocrx_word' id='word_1_209' title='bbox 712 3097 748 3168; x_wconf 94' lang='lat' dir='ltr'>in</span> <span class='ocrx_word' id='word_1_210' title='bbox 776 3098 937 3186; x_wconf 84' lang='lat' dir='ltr'>Illrnsoh,</span> <span class='ocrx_word' id='word_1_211' title='bbox 966 3097 1197 3170; x_wconf 83' lang='lat' dir='ltr'>Praedbnrius</span> <span class='ocrx_word' id='word_1_212' title='bbox 1226 3097 1267 3170; x_wconf 95' lang='lat' dir='ltr'>de</span> <span class='ocrx_word' id='word_1_213' title='bbox 1295 3097 1564 3190; x_wconf 79' lang='lat' dir='ltr'>Konyeenpolpe</span> <span class='ocrx_word' id='word_1_214' title='bbox 1591 3118 1646 3171; x_wconf 85' lang='lat' dir='ltr'>na·</span> 
     </span>
     <span class='ocr_line' id='line_1_22' title="bbox 101 3216 1647 3312; baseline 0.001 -23"><span class='ocrx_word' id='word_1_215' title='bbox 101 3219 274 3290; x_wconf 83' lang='lat' dir='ltr'>atellanus</span> <span class='ocrx_word' id='word_1_216' title='bbox 302 3216 597 3290; x_wconf 85' lang='lat' dir='ltr'>Sandomiriensis</span> <span class='ocrx_word' id='word_1_217' title='bbox 624 3216 661 3288; x_wconf 92' lang='lat' dir='ltr'>in</span> <span class='ocrx_word' id='word_1_218' title='bbox 688 3218 805 3290; x_wconf 84' lang='lat' dir='ltr'>Lelou</span> <span class='ocrx_word' id='word_1_219' title='bbox 832 3239 910 3290; x_wconf 92' lang='lat' dir='ltr'>oum</span> <span class='ocrx_word' id='word_1_220' title='bbox 937 3217 1102 3310; x_wconf 89' lang='lat' dir='ltr'>gentibus</span> <span class='ocrx_word' id='word_1_221' title='bbox 1130 3223 1165 3292; x_wconf 93' lang='lat' dir='ltr'>et</span> <span class='ocrx_word' id='word_1_222' title='bbox 1194 3218 1379 3312; x_wconf 85' lang='lat' dir='ltr'>terrigenis</span> <span class='ocrx_word' id='word_1_223' title='bbox 1398 3223 1569 3291; x_wconf 86' lang='lat' dir='ltr'>terrarum</span> <span class='ocrx_word' id='word_1_224' title='bbox 1588 3218 1647 3291; x_wconf 96' lang='lat' dir='ltr'>ob-</span> 
     </span>
     <span class='ocr_line' id='line_1_23' title="bbox 101 3337 1649 3432; baseline 0 -22"><span class='ocrx_word' id='word_1_225' title='bbox 101 3341 281 3411; x_wconf 89' lang='lat' dir='ltr'>servarent</span> <span class='ocrx_word' id='word_1_226' title='bbox 300 3341 420 3409; x_wconf 88' lang='lat' dir='ltr'>eontra</span> <span class='ocrx_word' id='word_1_227' title='bbox 438 3337 558 3410; x_wconf 89' lang='lat' dir='ltr'>hostes</span> <span class='ocrx_word' id='word_1_228' title='bbox 578 3337 761 3424; x_wconf 75' lang='lat' dir='ltr'>excubias,</span> <span class='ocrx_word' id='word_1_229' title='bbox 792 3342 827 3410; x_wconf 95' lang='lat' dir='ltr'>et</span> <span class='ocrx_word' id='word_1_230' title='bbox 849 3338 1082 3412; x_wconf 85' lang='lat' dir='ltr'>vastationem</span> <span class='ocrx_word' id='word_1_231' title='bbox 1101 3338 1216 3432; x_wconf 88' lang='lat' dir='ltr'>Regni</span> <span class='ocrx_word' id='word_1_232' title='bbox 1233 3339 1474 3431; x_wconf 89' lang='lat' dir='ltr'>prohiberent;</span> <span class='ocrx_word' id='word_1_233' title='bbox 1503 3343 1538 3412; x_wconf 88' lang='lat' dir='ltr'>et</span> <span class='ocrx_word' id='word_1_234' title='bbox 1557 3339 1649 3432; x_wconf 86' lang='lat' dir='ltr'>quod</span> 
     </span>
     <span class='ocr_line' id='line_1_24' title="bbox 99 3457 1647 3551; baseline 0.002 -23"><span class='ocrx_word' id='word_1_235' title='bbox 99 3458 140 3530; x_wconf 96' lang='lat' dir='ltr'>de</span> <span class='ocrx_word' id='word_1_236' title='bbox 167 3457 413 3550; x_wconf 71' lang='lat' dir='ltr'>Zupparumfll</span> <span class='ocrx_word' id='word_1_237' title='bbox 441 3457 662 3546; x_wconf 86' lang='lat' dir='ltr'>introitibus,</span> <span class='ocrx_word' id='word_1_238' title='bbox 693 3479 841 3549; x_wconf 83' lang='lat' dir='ltr'>quarum</span> <span class='ocrx_word' id='word_1_239' title='bbox 869 3478 1004 3532; x_wconf 92' lang='lat' dir='ltr'>omnem</span> <span class='ocrx_word' id='word_1_240' title='bbox 1023 3459 1293 3551; x_wconf 88' lang='lat' dir='ltr'>dispositionem</span> <span class='ocrx_word' id='word_1_241' title='bbox 1317 3459 1444 3533; x_wconf 92' lang='lat' dir='ltr'>ditioni</span> <span class='ocrx_word' id='word_1_242' title='bbox 1463 3479 1547 3532; x_wconf 91' lang='lat' dir='ltr'>suae</span> <span class='ocrx_word' id='word_1_243' title='bbox 1566 3459 1647 3531; x_wconf 90' lang='lat' dir='ltr'>sub-</span> 
     </span>
     <span class='ocr_line' id='line_1_25' title="bbox 101 3577 1647 3670; baseline 0.001 -21"><span class='ocrx_word' id='word_1_244' title='bbox 101 3581 261 3670; x_wconf 90' lang='lat' dir='ltr'>egerant,</span> <span class='ocrx_word' id='word_1_245' title='bbox 291 3577 436 3650; x_wconf 91' lang='lat' dir='ltr'>ouilibet</span> <span class='ocrx_word' id='word_1_246' title='bbox 464 3578 619 3669; x_wconf 85' lang='lat' dir='ltr'>equestri</span> <span class='ocrx_word' id='word_1_247' title='bbox 646 3577 799 3651; x_wconf 87' lang='lat' dir='ltr'>militare</span> <span class='ocrx_word' id='word_1_248' title='bbox 828 3578 866 3650; x_wconf 93' lang='lat' dir='ltr'>in</span> <span class='ocrx_word' id='word_1_249' title='bbox 892 3579 979 3651; x_wconf 89' lang='lat' dir='ltr'>loeis</span> <span class='ocrx_word' id='word_1_250' title='bbox 1007 3579 1197 3670; x_wconf 88' lang='lat' dir='ltr'>praedietis</span> <span class='ocrx_word' id='word_1_251' title='bbox 1221 3579 1371 3669; x_wconf 89' lang='lat' dir='ltr'>rolenti,</span> <span class='ocrx_word' id='word_1_252' title='bbox 1402 3580 1432 3652; x_wconf 92' lang='lat' dir='ltr'>si</span> <span class='ocrx_word' id='word_1_253' title='bbox 1451 3585 1568 3653; x_wconf 87' lang='lat' dir='ltr'>tamen</span> <span class='ocrx_word' id='word_1_254' title='bbox 1586 3580 1647 3651; x_wconf 94' lang='lat' dir='ltr'>ha·</span> 
     </span>
     <span class='ocr_line' id='line_1_26' title="bbox 99 3697 1649 3793; baseline 0 -23"><span class='ocrx_word' id='word_1_255' title='bbox 99 3699 197 3771; x_wconf 92' lang='lat' dir='ltr'>beret</span> <span class='ocrx_word' id='word_1_256' title='bbox 226 3718 322 3768; x_wconf 88' lang='lat' dir='ltr'>erma</span> <span class='ocrx_word' id='word_1_257' title='bbox 341 3697 590 3789; x_wconf 85' lang='lat' dir='ltr'>eompetentia,</span> <span class='ocrx_word' id='word_1_258' title='bbox 619 3698 800 3770; x_wconf 79' lang='lat' dir='ltr'>duodecim</span> <span class='ocrx_word' id='word_1_259' title='bbox 819 3699 933 3792; x_wconf 88' lang='lat' dir='ltr'>grossi</span> <span class='ocrx_word' id='word_1_260' title='bbox 952 3698 1171 3772; x_wconf 87' lang='lat' dir='ltr'>Polonioales</span> <span class='ocrx_word' id='word_1_261' title='bbox 1190 3699 1341 3793; x_wconf 87' lang='lat' dir='ltr'>singulis</span> <span class='ocrx_word' id='word_1_262' title='bbox 1361 3699 1568 3793; x_wconf 91' lang='lat' dir='ltr'>septimanis</span> <span class='ocrx_word' id='word_1_263' title='bbox 1587 3719 1649 3790; x_wconf 92' lang='lat' dir='ltr'>pro</span> 
     </span>
     <span class='ocr_line' id='line_1_27' title="bbox 100 3815 1740 3911; baseline 0.001 -21"><span class='ocrx_word' id='word_1_264' title='bbox 100 3818 267 3890; x_wconf 87' lang='lat' dir='ltr'>donativo</span> <span class='ocrx_word' id='word_1_265' title='bbox 295 3815 523 3909; x_wconf 87' lang='lat' dir='ltr'>largirentur,</span> <span class='ocrx_word' id='word_1_266' title='bbox 552 3820 642 3890; x_wconf 84' lang='lat' dir='ltr'>laeto</span> <span class='ocrx_word' id='word_1_267' title='bbox 670 3817 824 3905; x_wconf 87' lang='lat' dir='ltr'>deoreto,</span> <span class='ocrx_word' id='word_1_268' title='bbox 853 3824 894 3891; x_wconf 93' lang='lat' dir='ltr'>ut</span> <span class='ocrx_word' id='word_1_269' title='bbox 920 3819 1041 3910; x_wconf 83' lang='lat' dir='ltr'>Zuppa</span> <span class='ocrx_word' id='word_1_270' title='bbox 1056 3819 1087 3908; x_wconf 76' lang='lat'>⁹)</span> <span class='ocrx_word' id='word_1_271' title='bbox 1115 3825 1263 3911; x_wconf 89' lang='lat' dir='ltr'>utraque</span> <span class='ocrx_word' id='word_1_272' title='bbox 1287 3819 1324 3891; x_wconf 92' lang='lat' dir='ltr'>in</span> <span class='ocrx_word' id='word_1_273' title='bbox 1343 3819 1520 3893; x_wconf 86' lang='lat' dir='ltr'>solvendis</span> <span class='ocrx_word' id='word_1_274' title='bbox 1548 3819 1643 3892; x_wconf 93' lang='lat' dir='ltr'>debi·</span> <span class='ocrx_word' id='word_1_275' title='bbox 1737 3897 1740 3904; x_wconf 23' lang='grc' dir='ltr'>Ι</span> 
     </span>
     <span class='ocr_line' id='line_1_28' title="bbox 99 3937 1649 4032; baseline 0.001 -22"><span class='ocrx_word' id='word_1_276' title='bbox 99 3938 145 4011; x_wconf 91' lang='lat' dir='ltr'>tis</span> <span class='ocrx_word' id='word_1_277' title='bbox 173 3937 339 4011; x_wconf 91' lang='lat' dir='ltr'>oensibus</span> <span class='ocrx_word' id='word_1_278' title='bbox 368 3941 402 4009; x_wconf 92' lang='lat' dir='ltr'>et</span> <span class='ocrx_word' id='word_1_279' title='bbox 430 3938 698 4030; x_wconf 89' lang='lat' dir='ltr'>quibusouuque</span> <span class='ocrx_word' id='word_1_280' title='bbox 724 3937 945 4026; x_wconf 90' lang='lat' dir='ltr'>introitibus,</span> <span class='ocrx_word' id='word_1_281' title='bbox 977 3939 1151 4013; x_wconf 91' lang='lat' dir='ltr'>solutione</span> <span class='ocrx_word' id='word_1_282' title='bbox 1179 3939 1355 4013; x_wconf 85' lang='lat' dir='ltr'>duntaxat</span> <span class='ocrx_word' id='word_1_283' title='bbox 1378 3939 1594 4032; x_wconf 86' lang='lat' dir='ltr'>psalteristis</span> <span class='ocrx_word' id='word_1_284' title='bbox 1614 3945 1649 4011; x_wconf 91' lang='lat' dir='ltr'>et</span> 
     </span>
     <span class='ocr_line' id='line_1_29' title="bbox 101 4056 1650 4151; baseline -0.001 -20"><span class='ocrx_word' id='word_1_285' title='bbox 101 4057 208 4132; x_wconf 81' lang='lat' dir='ltr'>rastri</span> <span class='ocrx_word' id='word_1_286' title='bbox 238 4056 477 4129; x_wconf 78' lang='lat' dir='ltr'>Oratoriensis</span> <span class='ocrx_word' id='word_1_287' title='bbox 504 4058 703 4151; x_wconf 87' lang='lat' dir='ltr'>burgrabiis</span> <span class='ocrx_word' id='word_1_288' title='bbox 732 4058 1013 4150; x_wconf 88' lang='lat' dir='ltr'>eiroumsoripta,</span> <span class='ocrx_word' id='word_1_289' title='bbox 1044 4061 1203 4133; x_wconf 85' lang='lat' dir='ltr'>essetab</span> <span class='ocrx_word' id='word_1_290' title='bbox 1233 4059 1393 4133; x_wconf 90' lang='lat' dir='ltr'>omnibus</span> <span class='ocrx_word' id='word_1_291' title='bbox 1413 4060 1552 4134; x_wconf 87' lang='lat' dir='ltr'>feriata:</span> <span class='ocrx_word' id='word_1_292' title='bbox 1583 4079 1650 4150; x_wconf 89' lang='lat' dir='ltr'>quo</span> 
     </span>
     <span class='ocr_line' id='line_1_30' title="bbox 103 4177 1649 4272; baseline 0.002 -23"><span class='ocrx_word' id='word_1_293' title='bbox 103 4178 247 4251; x_wconf 77' lang='lat' dir='ltr'>facilius</span> <span class='ocrx_word' id='word_1_294' title='bbox 275 4177 352 4249; x_wconf 92' lang='lat' dir='ltr'>eius</span> <span class='ocrx_word' id='word_1_295' title='bbox 380 4177 546 4250; x_wconf 89' lang='lat' dir='ltr'>introitus</span> <span class='ocrx_word' id='word_1_296' title='bbox 575 4179 618 4250; x_wconf 90' lang='lat' dir='ltr'>ad</span> <span class='ocrx_word' id='word_1_297' title='bbox 646 4199 750 4251; x_wconf 89' lang='lat' dir='ltr'>onera</span> <span class='ocrx_word' id='word_1_298' title='bbox 776 4179 970 4270; x_wconf 88' lang='lat' dir='ltr'>praesentis</span> <span class='ocrx_word' id='word_1_299' title='bbox 997 4179 1101 4267; x_wconf 92' lang='lat' dir='ltr'>belli,</span> <span class='ocrx_word' id='word_1_300' title='bbox 1130 4201 1207 4254; x_wconf 91' lang='lat' dir='ltr'>enm</span> <span class='ocrx_word' id='word_1_301' title='bbox 1230 4180 1360 4253; x_wconf 87' lang='lat' dir='ltr'>eaeteri</span> <span class='ocrx_word' id='word_1_302' title='bbox 1378 4185 1569 4272; x_wconf 82' lang='lat' dir='ltr'>proventus</span> <span class='ocrx_word' id='word_1_303' title='bbox 1596 4199 1649 4252; x_wconf 93' lang='lat' dir='ltr'>re·</span> 
     </span>
     <span class='ocr_line' id='line_1_31' title="bbox 100 4298 729 4391; baseline 0 -21"><span class='ocrx_word' id='word_1_304' title='bbox 100 4298 150 4391; x_wconf 86' lang='lat' dir='ltr'>gii</span> <span class='ocrx_word' id='word_1_305' title='bbox 178 4299 357 4386; x_wconf 90' lang='lat' dir='ltr'>deessent,</span> <span class='ocrx_word' id='word_1_306' title='bbox 387 4301 531 4389; x_wconf 91' lang='lat' dir='ltr'>possent</span> <span class='ocrx_word' id='word_1_307' title='bbox 558 4299 729 4371; x_wconf 80' lang='lat' dir='ltr'>sufficere.</span> 
     </span>
    </p>
   </div>
   <div class='ocr_carea' id='block_1_3' title="bbox 102 4601 1652 4998">
    <p class='ocr_par' dir='ltr' id='par_1_3' title="bbox 102 4601 1652 4998">
     <span class='ocr_line' id='line_1_32' title="bbox 211 4601 1650 4691; baseline 0.003 -26"><span class='ocrx_word' id='word_1_308' title='bbox 211 4601 236 4688; x_wconf 87' lang='lat'>¹)</span> <span class='ocrx_word' id='word_1_309' title='bbox 259 4607 312 4666; x_wconf 84' lang='lat' dir='ltr'>tali</span> <span class='ocrx_word' id='word_1_310' title='bbox 335 4625 386 4667; x_wconf 89' lang='lat' dir='ltr'>eoe</span> <span class='ocrx_word' id='word_1_311' title='bbox 410 4601 485 4668; x_wconf 74' lang='lat' dir='ltr'>dod.</span> <span class='ocrx_word' id='word_1_312' title='bbox 508 4604 617 4668; x_wconf 81' lang='lat' dir='ltr'>Przez.</span> <span class='ocrx_word' id='word_1_313' title='bbox 649 4603 672 4684; x_wconf 83' lang='lat'>²)</span> <span class='ocrx_word' id='word_1_314' title='bbox 696 4608 766 4666; x_wconf 85' lang='lat' dir='ltr'>Dux</span> <span class='ocrx_word' id='word_1_315' title='bbox 788 4607 856 4666; x_wconf 92' lang='lat' dir='ltr'>olim</span> <span class='ocrx_word' id='word_1_316' title='bbox 879 4603 942 4667; x_wconf 85' lang='lat' dir='ltr'>Ed.</span> <span class='ocrx_word' id='word_1_317' title='bbox 967 4604 1056 4689; x_wconf 81' lang='lat' dir='ltr'>Lips.</span> <span class='ocrx_word' id='word_1_318' title='bbox 1088 4605 1115 4686; x_wconf 72' lang='grc'>8)</span> <span class='ocrx_word' id='word_1_319' title='bbox 1161 4607 1443 4686; x_wconf 71' lang='lat' dir='ltr'>Osswyaeuimensis</span> <span class='ocrx_word' id='word_1_320' title='bbox 1473 4605 1535 4670; x_wconf 83' lang='lat' dir='ltr'>Ed.</span> <span class='ocrx_word' id='word_1_321' title='bbox 1559 4605 1650 4691; x_wconf 81' lang='lat' dir='ltr'>Lipe.</span> 
     </span>
     <span class='ocr_line' id='line_1_33' title="bbox 102 4705 1652 4792; baseline 0.001 -22"><span class='ocrx_word' id='word_1_322' title='bbox 102 4709 126 4790; x_wconf 84' lang='lat'>⁴)</span> <span class='ocrx_word' id='word_1_323' title='bbox 150 4711 334 4786; x_wconf 75' lang='lat' dir='ltr'>consumpsit</span> <span class='ocrx_word' id='word_1_324' title='bbox 355 4706 417 4772; x_wconf 78' lang='lat' dir='ltr'>Ed.</span> <span class='ocrx_word' id='word_1_325' title='bbox 440 4707 530 4792; x_wconf 79' lang='lat' dir='ltr'>Lipe.</span> <span class='ocrx_word' id='word_1_326' title='bbox 563 4707 588 4788; x_wconf 62' lang='grc' dir='ltr'>ὓ)</span> <span class='ocrx_word' id='word_1_327' title='bbox 611 4710 781 4770; x_wconf 86' lang='lat' dir='ltr'>Mislenioae</span> <span class='ocrx_word' id='word_1_328' title='bbox 813 4705 889 4770; x_wconf 81' lang='lat' dir='ltr'>Cod.</span> <span class='ocrx_word' id='word_1_329' title='bbox 912 4707 983 4772; x_wconf 79' lang='lat' dir='ltr'>Lis.</span> <span class='ocrx_word' id='word_1_330' title='bbox 1014 4709 1186 4771; x_wconf 88' lang='lat' dir='ltr'>Mislimieze</span> <span class='ocrx_word' id='word_1_331' title='bbox 1209 4706 1271 4771; x_wconf 73' lang='lat' dir='ltr'>led.</span> <span class='ocrx_word' id='word_1_332' title='bbox 1294 4707 1385 4792; x_wconf 70' lang='lat' dir='ltr'>Lupo.</span> <span class='ocrx_word' id='word_1_333' title='bbox 1417 4707 1445 4790; x_wconf 82' lang='lat'>⁸)</span> <span class='ocrx_word' id='word_1_334' title='bbox 1468 4711 1599 4772; x_wconf 81' lang='lat' dir='ltr'>exercitu</span> <span class='ocrx_word' id='word_1_335' title='bbox 1621 4715 1652 4772; x_wconf 89' lang='lat' dir='ltr'>et</span> 
     </span>
     <span class='ocr_line' id='line_1_34' title="bbox 102 4808 1652 4910; baseline -0.001 -36"><span class='ocrx_word' id='word_1_336' title='bbox 102 4813 259 4910; x_wconf 85' lang='lat' dir='ltr'>obsidione</span> <span class='ocrx_word' id='word_1_337' title='bbox 281 4809 343 4871; x_wconf 85' lang='lat' dir='ltr'>Ed.</span> <span class='ocrx_word' id='word_1_338' title='bbox 367 4809 456 4894; x_wconf 78' lang='lat' dir='ltr'>Lipa</span> <span class='ocrx_word' id='word_1_339' title='bbox 482 4811 507 4892; x_wconf 86' lang='lat'>⁷)</span> <span class='ocrx_word' id='word_1_340' title='bbox 532 4814 739 4890; x_wconf 81' lang='lat' dir='ltr'>deposcebant</span> <span class='ocrx_word' id='word_1_341' title='bbox 762 4809 825 4874; x_wconf 83' lang='lat' dir='ltr'>Ed.</span> <span class='ocrx_word' id='word_1_342' title='bbox 849 4809 940 4895; x_wconf 81' lang='lat' dir='ltr'>Lipe.</span> <span class='ocrx_word' id='word_1_343' title='bbox 966 4811 992 4888; x_wconf 77' lang='grc'>8)</span> <span class='ocrx_word' id='word_1_344' title='bbox 1018 4813 1184 4874; x_wconf 83' lang='lat' dir='ltr'>fodinarum</span> <span class='ocrx_word' id='word_1_345' title='bbox 1207 4813 1279 4874; x_wconf 85' lang='lat' dir='ltr'>salis</span> <span class='ocrx_word' id='word_1_346' title='bbox 1301 4809 1364 4874; x_wconf 78' lang='lat' dir='ltr'>Ed.</span> <span class='ocrx_word' id='word_1_347' title='bbox 1387 4809 1478 4896; x_wconf 67' lang='lat' dir='ltr'>Lapa.</span> <span class='ocrx_word' id='word_1_348' title='bbox 1502 4808 1531 4893; x_wconf 78' lang='lat'>⁸)</span> <span class='ocrx_word' id='word_1_349' title='bbox 1550 4813 1652 4874; x_wconf 76' lang='lat' dir='ltr'>dodina</span> 
     </span>
     <span class='ocr_line' id='line_1_35' title="bbox 103 4911 381 4998; baseline -0.004 -20"><span class='ocrx_word' id='word_1_350' title='bbox 103 4917 175 4978; x_wconf 83' lang='lat' dir='ltr'>salis</span> <span class='ocrx_word' id='word_1_351' title='bbox 198 4911 264 4976; x_wconf 78' lang='lat' dir='ltr'>Ed.</span> <span class='ocrx_word' id='word_1_352' title='bbox 288 4911 381 4998; x_wconf 82' lang='lat' dir='ltr'>Lipe.</span> 
     </span>
    </p>
   </div>
   <div class='ocr_carea' id='block_1_4' title="bbox 0 0 2073 6276">
    <p class='ocr_par' dir='ltr' id='par_1_4' title="bbox 0 0 2073 6276">
     <span class='ocr_line' id='line_1_36' title="bbox 0 0 2073 6276; baseline 0 0"><span class='ocrx_word' id='word_1_353' title='bbox 0 0 2073 6276; x_wconf 95' lang='lat' dir='ltr'> </span> 
     </span>
    </p>
   </div>
  </div>
 </body>
</html>
