4126 6280
110 547 167 648 (Α.
185 543 227 616 D.
249 541 376 640 1454.)
611 566 724 618 ursan
750 565 995 620 nuonsomus
1023 550 1138 638 (xru).
1576 547 1650 617 175

109 755 187 828 sium
205 751 232 840 ¹)
260 752 342 839 iret,
372 757 407 822 et
434 751 613 824 mansione
646 772 709 824 sua
736 751 773 823 in
802 752 941 824 Thorun
973 753 1127 840 firmata,
1162 774 1280 826 omnes
1313 751 1537 842 aurienses2)
1566 773 1648 825 suos

109 882 139 949 ot
163 879 270 946 terras
299 871 550 963 Cuparionsem
567 869 597 960 3)
626 877 661 944 ot
689 871 959 945 Dobrainensem
987 873 1030 945 ad
1058 873 1327 945 continuandam
1358 873 1573 945 obsidionem
1593 894 1648 946 oa·

108 1003 248 1069 strorum
276 993 513 1085 Marionburg,
544 993 688 1065 Suthum
718 999 753 1064 et
781 992 900 1084 oppidi
928 993 1123 1084 Choyniouu
1157 993 1429 1082 transmitteret,
1463 999 1568 1086 atque
1595 994 1651 1067 die

108 1115 296 1202 DominisO,
326 1115 362 1186 in
391 1114 543 1186 erastino
572 1113 722 1201 Urbani,
753 1114 952 1206 homagium
981 1135 1001 1186 a
1028 1114 1213 1188 nobilitato
1233 1120 1267 1186 et
1285 1115 1414 1207 populo
1435 1114 1648 1188 Pruthenioo

106 1238 281 1328 aooiporet.
310 1234 435 1306 Auditi
464 1240 547 1306 sunt
574 1235 741 1326 posthaeo
769 1234 885 1307 nuntii
915 1234 1084 1308 Fridarioi
1113 1235 1326 1308 Marohionis
1360 1235 1648 1328 Braudeburgon·

108 1360 169 1444 sis,
197 1356 427 1428 Borthossius
459 1355 705 1448 Wisaemborg
724 1361 759 1428 et
778 1355 935 1428 Clemens
968 1361 1086 1428 eustos
1118 1355 1373 1444 Lrubuoneusis,
1407 1361 1582 1448 petentes,
1611 1360 1652 1428 ut

105 1481 175 1552 Rex
192 1478 221 1564 4)
251 1477 353 1548 illum
382 1475 418 1547 in
447 1476 667 1568 possessione
695 1475 816 1549 Novae
834 1476 1039 1564 harabiae,
1071 1497 1173 1570 quem
1203 1483 1448 1569 oooapauorat,
1482 1499 1551 1549 non
1584 1477 1649 1549 im-

104 1599 241 1691 pediret.
272 1597 395 1670 ,tuditi
424 1603 458 1669 et
487 1597 602 1669 muntii
631 1597 739 1670 Dueis
768 1598 983 1689 Stolpeusis,
1013 1597 1072 1689 qui
1101 1599 1282 1688 potabant,
1312 1603 1353 1670 ut
1372 1600 1448 1671 Rex
1468 1598 1650 1671 adiuuaret

105 1741 174 1792 eum
203 1717 246 1790 ed
274 1717 496 1809 repetendam
524 1719 661 1790 Noram
690 1718 897 1805 Mammam,
934 1717 1003 1790 sibi
1029 1718 1263 1790 haereditario
1296 1719 1371 1793 iure
1399 1719 1570 1805 debitam,
1599 1720 1648 1790 of-

104 1843 211 1930 ferens
239 1839 408 1910 maiorum
437 1859 578 1911 suorum
611 1860 704 1912 moro
737 1838 953 1931 homagium,
988 1843 1022 1910 et
1050 1839 1086 1910 in
1115 1838 1311 1912 subsidium
1345 1838 1535 1912 ouiuslihet
1562 1839 1648 1913 belli

102 1963 165 2033 duo
192 1960 350 2051 equitum
379 1959 507 2046 millia,
537 1965 571 2032 et
599 1983 661 2052 pro
688 1960 781 2034 bello
809 1959 985 2051 praesenti
1014 1959 1118 2032 etiam
1147 1960 1380 2051 praesentiam
1409 1981 1519 2033 suam.
1550 1959 1647 2032 Utri-

104 2103 165 2174 que
191 2080 461 2153 indoterminata
493 2080 672 2172 responsio
705 2081 787 2152 data
820 2086 888 2154 est:
923 2081 1002 2152 Nou
1021 2101 1124 2173 posse
1152 2081 1284 2173 Regem
1317 2081 1503 2172 quiequam
1531 2081 1646 2153 deser·
1734 2072 1738 2078 ’

102 2223 193 2289 nere,
223 2201 360 2274 duobus
388 2201 510 2273 amieis
538 2223 642 2274 unam
671 2207 799 2274 terram
827 2201 1046 2293 petentibus,
1076 2223 1180 2293 quam
1207 2206 1242 2274 et
1269 2202 1347 2274 Rex
1375 2201 1563 2274 Bohemiae
1581 2201 1648 2273 La·

101 2323 230 2395 distans
259 2321 388 2412 repetit
416 2322 514 2394 uelut
542 2343 652 2394 suam.
682 2323 736 2394 Ad
763 2323 853 2396 hano
882 2322 986 2394 etiam
1015 2321 1280 2394 corruentionem
1308 2321 1477 2395 Nioolaus
1497 2321 1647 2394 Ohrnan·

102 2442 240 2514 stoushi
260 2463 303 2516 ex
322 2443 436 2534 Praga
454 2443 588 2534 aRege
609 2443 796 2516 Bohemiae
811 2443 842 2533 ⁵)
871 2442 996 2516 rediit:
1023 2443 1082 2533 qui
1103 2463 1139 2514 se
1157 2442 1309 2534 propriis
1328 2441 1464 2515 nuntiis
1484 2442 1647 2514 daturum

101 2562 328 2656 postulationi
356 2564 471 2656 regiae
499 2585 704 2654 responsum
731 2563 923 2656 respondit.
953 2564 1002 2635 Ro
1028 2564 1162 2655 Pragae
1190 2568 1330 2656 agente,
1361 2563 1529 2636 hibertus
1557 2563 1648 2636 Mar-

102 2685 174 2756 ohio
202 2684 545 2776 Brandsburgensis,
574 2706 760 2776 germanus
779 2683 967 2772 Friderioi,
997 2705 1074 2756 oum
1094 2683 1279 2756 Oruoiteris
1299 2683 1417 2772 affuit,
1447 2688 1482 2756 et
1508 2683 1648 2755 nomine

101 2806 257 2898 Magistri
288 2812 323 2878 et
351 2804 492 2877 Ordinis
520 2806 700 2895 Prussiae,
730 2811 901 2879 terrarum
930 2805 1095 2878 Prussiae
1123 2804 1332 2877 deditionem
1352 2803 1441 2896 Regi
1461 2804 1649 2878 Bohemiae

101 2926 277 3013 exhibuit,
309 2927 468 3017 querelas
496 2926 715 3018 ingeminans
743 2932 863 2999 eontra
890 2926 1026 2999 nobiles
1055 2931 1090 2998 et
1119 2925 1213 2998 eires
1241 2925 1428 3014 Prussiae,
1458 2909 1549 3016 qiuod
1569 2945 1648 2997 eou-

102 3053 153 3118 tra
180 3047 341 3138 proprios
371 3046 538 3118 Dominos
566 3047 792 3120 rebellionem
820 3047 1057 3135 temerariam,
1088 3046 1271 3136 spoliando
1299 3046 1381 3119 illos
1409 3045 1513 3118 terris
1538 3050 1574 3117 et
1592 3065 1647 3118 oa·

101 3167 195 3258 stris,
227 3173 482 3255 attentassent3
511 3171 671 3240 exortum
701 3167 921 3241 subinferens
949 3167 1082 3260 ignem,
1117 3189 1184 3258 quo
1212 3167 1417 3240 Polonioum
1446 3171 1480 3239 et
1505 3166 1648 3239 Alman-

101 3289 212 3360 nioum
250 3288 419 3360 idiomata
456 3293 624 3379 perpetuo
657 3288 750 3360 inter
778 3310 814 3361 se
842 3287 998 3360 odiorum
1037 3287 1186 3360 stridore
1222 3287 1425 3380 flagrarent,
1462 3291 1648 3378 postquam

99 3409 221 3482 Potoni
251 3408 431 3480 Prussiam
459 3409 546 3480 ioris
576 3409 630 3481 sui
659 3410 770 3483 fauere
799 3414 1023 3496 conarentur,
1053 3429 1142 3500 quoae
1169 3415 1243 3481 erat
1271 3407 1479 3481 Theutonioi
1507 3406 1648 3498 sangui·

99 3529 150 3600 nis
177 3535 388 3621 perpetuom
416 3531 592 3616 horreum,
623 3551 690 3621 quo
711 3551 829 3604 omnes
848 3530 1046 3621 Principes
1076 3529 1229 3603 comites
1258 3533 1293 3601 et
1310 3528 1465 3617 nobileS,
1495 3533 1650 3602 extrema

98 3651 206 3741 passi,
239 3650 344 3722 facile
372 3650 409 3721 in
436 3650 586 3741 priorem
614 3656 649 3722 et
677 3650 865 3742 aliquando
893 3651 1059 3723 maiorem
1087 3651 1261 3722 fortunam
1286 3649 1448 3742 ingressu
1467 3648 1649 3742 roligionis

99 3772 337 3864 resurgebant.
367 3771 578 3863 suggestum
608 3770 712 3844 etiam
728 3771 759 3859 6)
788 3771 1069 3844 Chraanstoushi
1096 3792 1157 3862 per
1184 3770 1333 3866 aliquos
1351 3771 1524 3842 Bohemos
1553 3768 1648 3862 prin·

98 3891 300 3982 cipaliores,
330 3896 370 3962 ut
398 3890 600 3983 quingentis
632 3891 791 3964 millibus
824 3891 1032 3964 florenorum
1059 3891 1227 3964 Poloniae
1259 3891 1337 3964 Rex
1365 3889 1533 3982 aooeptis,
1564 3911 1648 3982 quo·

99 4033 170 4084 rom
199 4012 348 4084 totidem
377 4011 466 4104 Regi
495 4011 682 4084 Bohemiae
711 4012 958 4098 offerebantur,
994 4013 1035 4084 de
1064 4011 1139 4084 iuro
1168 4018 1202 4084 et
1229 4011 1450 4102 possessione
1482 4011 1650 4084 Prussiae

99 4135 296 4220 excederet,
327 4137 362 4205 et
388 4137 557 4224 perpetuo
589 4132 787 4220 Prussiam,
821 4131 1021 4225 recipiendo
1054 4133 1171 4206 desem
1206 4132 1319 4204 millia
1352 4132 1559 4204 florenorum
1589 4153 1648 4203 an-

100 4253 250 4341 nuatim,
274 4253 496 4326 tributariam
516 4253 670 4326 haberet.
699 4253 855 4326 Duoibus
879 4253 1071 4340 Masoviae,
1101 4251 1297 4324 Wladislao
1316 4259 1351 4324 et
1371 4253 1550 4339 Boleslao,
1570 4252 1650 4322 nul-

99 4374 168 4445 lum
196 4374 411 4446 conueniens
440 4394 662 4465 responsum,
693 4378 804 4446 terras
833 4395 914 4446 suas
942 4395 1004 4465 per
1031 4372 1227 4446 Lithuauos
1255 4377 1441 4464 oooupatas
1460 4369 1648 4463 repetenti·

97 4493 176 4582 buS,
205 4495 346 4582 datum,
376 4499 410 4566 et
437 4514 506 4565 non
534 4494 609 4566 sino
636 4494 815 4580 molestia,
845 4493 1148 4584 amaritudineque
1176 4491 1338 4584 ampliori
1358 4513 1400 4566 ex
1421 4491 1650 4565 conventione

99 4613 319 4688 Laneioiensi
347 4615 556 4687 dissessum:
587 4614 747 4706 quamvis
775 4615 877 4686 ambo
906 4615 948 4686 ad
976 4635 1031 4687 res
1050 4613 1283 4686 Prutbenioas
1302 4612 1553 4706 promovendas
1572 4631 1648 4702 per-

99 4737 215 4807 sonate
245 4735 412 4807 solatium
430 4737 459 4824 7)
488 4755 564 4807 oum
594 4735 755 4808 omnibus
783 4735 857 4808 suis
885 4735 1070 4828 potentiis,
1101 4734 1131 4806 si
1160 4733 1362 4806 Karimirus
1385 4732 1553 4804 Polouiue
1572 4732 1649 4803 Rex

99 4877 199 4948 super
227 4856 334 4929 terris
361 4877 422 4947 per
448 4856 644 4928 Lithuauos
673 4856 850 4947 oooupatis
878 4855 1053 4928 iustitiam
1082 4877 1118 4927 so
1146 4853 1472 4927 administraturum
1501 4851 1645 4942 polliae·

99 4981 206 5067 retur,
237 4977 403 5051 offerrent
429 4977 576 5049 laturos.

204 5273 226 5350 ¹)
255 5273 319 5333 Rex
343 5272 503 5332 Casimirus
526 5271 556 5330 in
579 5270 730 5330 Prussiam
754 5265 817 5330 Ed.
845 5265 934 5350 Lips.
967 5263 994 5348 9)
1019 5267 1130 5327 aulioos
1161 5261 1223 5328 Ed.
1254 5262 1345 5348 Lips.
1377 5225 1403 5343 13)
1426 5264 1652 5325 Graooviensem

101 5373 158 5439 Ed.
181 5373 274 5459 Lips.
301 5373 326 5453 ¹¹)
350 5375 511 5435 Casimirus
533 5376 596 5438 Rex
620 5370 683 5433 Ed.
708 5370 800 5453 Lips.
824 5371 849 5450 5)
866 5391 883 5430 a
898 5373 980 5446 Rege
995 5370 1155 5430 Bohemiae
1170 5369 1311 5428 Ladislao
1328 5365 1392 5429 Ed.
1409 5365 1500 5449 Lips.
1517 5365 1545 5448 θ)
1562 5368 1649 5427 otiam

101 5487 160 5540 orat
183 5476 260 5542 Coa.
286 5477 356 5540 Lis.
382 5475 407 5556 ⁷)
432 5479 572 5538 auxilium
596 5473 657 5537 Ed.
681 5474 774 5558 Lipe.
