4052 6286
375 516 451 590 444
870 445 996 604 »mm
1022 529 1267 636 nncnnonrne
1295 511 1409 603 (anu).
1644 506 1713 608 (Α.
1733 505 1781 584 Β.
1801 505 1925 608 ms.)

377 720 567 797 wladislai
594 721 637 795 do
665 720 860 794 Damoborn
888 717 1075 792 castellani
1101 715 1292 791 Neklonsis
1320 716 1551 790 credebantur
1569 736 1589 788 a
1607 716 1704 808 Rege
1721 713 1924 790 desciuisse.

377 843 453 916 idae
477 863 534 916 res
561 841 654 934 apud
682 839 890 933 Magistrum
918 843 953 912 st
971 837 1182 925 cruciferos,
1210 838 1401 930 hostesque
1427 835 1670 924 denuntiatus,
1695 835 1732 908 in
1758 855 1927 908 summan

375 983 490 1036 rorum
523 962 605 1035 illos
633 959 912 1053 desperationem
945 964 1083 1032 traxere
1111 964 1146 1032 et
1173 957 1377 1046 discrimen,
1411 963 1597 1050 castroque
1629 957 1803 1044 Sloohou,
1839 955 1926 1046 qnod

375 1082 619 1175 Marionburgc
647 1102 711 1173 par
738 1079 979 1167 destinabant,
1008 1077 1242 1152 inditionem
1269 1077 1442 1151 Karimiri
1470 1077 1638 1151 Poloniae
1669 1076 1781 1170 Regis
1809 1095 1926 1150 conoe

377 1203 498 1292 dente,
528 1201 619 1276 nihil
648 1199 716 1275 sibi
743 1200 826 1276 boni
854 1204 1016 1293 poterant
1044 1198 1197 1292 amplius
1224 1197 1383 1272 ominari.

458 1555 688 1631 uratrccnn
709 1554 864 1644 tracter
885 1555 1076 1642 raonpsrcta
1103 1553 1250 1628 ananau
1273 1557 1308 1627 st
1330 1554 1466 1628 msam
1494 1554 1678 1644 thanim
1700 1555 1858 1640 mrum,

505 1692 525 1746 a
547 1674 709 1753 tumus
730 1673 817 1764 lisga
839 1691 951 1764 paoem
973 1675 1074 1763 petit,
1097 1677 1209 1748 mutuo
1231 1674 1322 1764 prior
1344 1691 1384 1748 aa
1406 1675 1446 1750 ts
1469 1691 1504 1748 re
1527 1675 1663 1750 amilio
1684 1675 1809 1748 habita

484 1922 550 1998 Die
577 1922 740 2011 Veneris,
770 1921 884 2013 prima
909 1919 1069 2015 Augusti
1088 1922 1127 2011 ¹),
1158 1921 1255 1996 venit
1281 1922 1325 1994 ad
1352 1921 1571 1996 Kauimirum
1606 1922 1776 1998 Poloniae
1804 1925 1933 2019 Regem

384 2047 421 2120 in
441 2044 661 2136 Bidgoetiam
694 2042 919 2118 Bernhardus
952 2043 994 2116 do
1022 2042 1240 2136 Sohumborg
1271 2042 1474 2135 capitaneus
1508 2043 1545 2115 in
1572 2043 1693 2116 Ghelm
1722 2049 1759 2118 et
1787 2045 1932 2120 Brodni·

383 2187 459 2256 caa,
488 2169 523 2240 ot
550 2165 693 2244 obtenta
725 2161 920 2250 audientia,
954 2163 1093 2238 nomino
1124 2163 1294 2236 Ludorici
1327 2163 1489 2256 Magistri
1524 2163 1690 2238 Pruseiae
1726 2171 1764 2239 et
1797 2165 1935 2240 Ordinis

385 2307 448 2381 pro
475 2285 702 2360 caduceatore
732 2283 776 2356 ad
803 2283 934 2376 Regem
963 2283 1110 2372 missus,
1140 2282 1184 2356 ad
1210 2283 1451 2375 placitandum
1478 2283 1521 2357 de
1548 2305 1632 2376 pace
1659 2287 1808 2377 petebat
1834 2287 1936 2360 collo-

384 2405 522 2501 quium,
551 2403 720 2496 colloquii
748 2423 886 2497 quoquo
913 2402 1005 2476 diem
1033 2403 1213 2477 stlocum.
1243 2403 1411 2496 Magister
1430 2403 1603 2495 siquidem
1622 2405 1864 2480 crucifericus
1884 2408 1937 2482 ob·

384 2525 492 2629 sideri
519 2530 554 2599 et
581 2523 780 2618 impugnari
811 2522 1043 2616 Ghoynicnam
1076 2523 1201 2597 lortius
1234 2523 1272 2596 in
1298 2523 1390 2612 dies,
1423 2531 1458 2597 et
1486 2523 1645 2598 Sloohow
1679 2531 1938 2619 recuperatum,

385 2645 583 2741 oppidaque
609 2645 810 2731 Euareten,
838 2642 1029 2718 Fridlanth
1057 2647 1092 2716 et
1120 2643 1303 2737 stargard,
1333 2645 1423 2738 Regi
1450 2645 1569 2718 dedita
1587 2645 1815 2740 intelligens,
1847 2648 1939 2722 ilon-

386 2765 646 2845 moudatoribus
674 2763 836 2844 omnibus
855 2769 890 2838 et
907 2764 1019 2857 partis
1040 2785 1122 2838 suae
1142 2764 1334 2852 militibus,
1365 2766 1470 2840 etiam
1500 2767 1743 2854 mercenariis,
1775 2767 1815 2841 iu
1835 2767 1940 2842 Kinn-

387 2889 472 2982 berg
499 2885 716 2974 convocatis,
745 2884 830 2978 quid
858 2885 950 2958 iacto
978 2905 1065 2976 opus
1094 2892 1202 2974 esset,
1232 2886 1426 2975 consuluit,
1456 2886 1590 2978 primus
1617 2887 1695 2979 ipse
1727 2890 1941 2964 sententian

388 3008 600 3096 edisserens,
629 3023 838 3100 magnopere
856 3025 977 3098 paoem
1005 3006 1184 3082 suadebat.
1214 3005 1328 3081 Nosse
1348 3028 1400 3096 se,
1420 3007 1486 3095 ait,
1507 3006 1613 3099 probe
1635 3007 1858 3082 Polcnorum
1876 3011 1941 3102 spi·

387 3129 495 3213 ritus,
524 3145 626 3202 nosse
654 3126 789 3201 animos
816 3126 993 3220 ingentes,
1021 3125 1179 3200 iamdiu
1207 3125 1278 3200 iras
1305 3148 1368 3218 pro
1396 3127 1569 3219 ademptis
1598 3127 1667 3202 sibi
1691 3128 1801 3202 terris
1821 3130 1941 3206 Poma·

367 3306 369 3312 .
387 3249 507 3329 reniae
525 3252 561 3325 et
578 3246 776 3330 thelonensi
794 3247 831 3322 in
849 3251 990 3339 pectore
1007 3248 1206 3337 uoluentes,
1226 3267 1289 3322 neo
1308 3246 1503 3339 quieturos,
1524 3246 1594 3320 nisi
1612 3255 1838 3340 recuperant.
1865 3251 1940 3326 Gae-

349 3353 352 3358 ’
391 3376 544 3446 tororum
572 3367 729 3442 omnium
756 3387 795 3442 eo
822 3367 1043 3442 inclinabant
1070 3368 1266 3442 sententiae
1294 3368 1354 3442 scd
1382 3373 1417 3441 et
1444 3387 1579 3460 preces,
1608 3373 1649 3442 ut
1666 3389 1739 3461 pan
1760 3371 1793 3443 si
1810 3379 1940 3463 posset,

389 3488 527 3584 aequis,
562 3487 593 3565 si
625 3487 758 3577 minus,
793 3487 984 3564 tolerandis
999 3485 1031 3577 ²)
1064 3487 1324 3562 conditionibus
1352 3489 1577 3581 acciperetur.
1613 3489 1807 3582 Angebant
1837 3491 1941 3583 siqni-

389 3611 467 3689 dem
482 3607 513 3700 ⁸)
537 3613 609 3682 tam
628 3607 853 3702 Magistrum,
874 3629 977 3700 quam
998 3628 1117 3682 omnes
1137 3630 1219 3682 suos
1238 3629 1341 3682 ouras
1360 3609 1536 3702 ingentes,
1557 3610 1592 3682 in
1612 3610 1823 3684 uniuersum
1843 3633 1940 3686 eren·

389 3737 466 3806 tum
493 3748 649 3802 summae
676 3729 762 3807 belli
789 3727 999 3818 distentum,
1029 3735 1064 3802 et
1091 3728 1253 3804 hostibus
1286 3733 1379 3802 terra
1407 3729 1565 3822 marique
1592 3730 1826 3823 urgentibus,
1861 3733 1940 3806 ciri·

391 3855 504 3930 tatum
532 3867 674 3924 suarum
702 3847 883 3938 Prassiae,
912 3868 955 3922 ne
974 3848 1018 3922 ad
1036 3849 1186 3922 Polonos
1206 3849 1406 3937 delicerent,
1435 3870 1559 3943 magno
1583 3849 1782 3924 fluctuabat
1800 3873 1940 3944 pavore:

391 3971 462 4048 iam
489 3967 583 4047 enim
609 3968 796 4060 plerasque
827 3973 984 4046 senserat
1014 3969 1168 4042 novandi
1200 3989 1255 4043 res
1284 3970 1411 4044 babere
1438 3969 1648 4062 cupidinem.
1678 3972 1746 4045 His
1777 3973 1887 4047 etiam
1911 3987 1943 4048 st

392 4089 464 4176 alia
490 4086 652 4168 anxietas
679 4109 749 4162 non
776 4087 960 4165 mediocris
987 4093 1197 4164 accesserat:
1227 4089 1391 4182 quoniam
1419 4110 1538 4164 omnes
1566 4091 1781 4166 Almannias
1809 4094 1940 4168 Princi-

391 4229 455 4308 pes
482 4229 503 4280 a
530 4227 568 4282 se
597 4210 633 4292 ot
661 4207 787 4280 solatio
802 4207 834 4297 ⁴)
863 4207 932 4282 sibi
960 4208 1099 4283 ferendo
1131 4209 1324 4286 descivisse
1355 4215 1580 4302 cognoverat,
1614 4212 1740 4302 quiet
1768 4214 1844 4306 ipsi
1870 4236 1940 4306 pro-

391 4327 481 4426 priis
508 4325 613 4402 bellis
641 4326 785 4415 intenti,
815 4327 1020 4422 suffragium
1048 4351 1166 4420 suum,
1196 4331 1356 4424 quamvis
1376 4331 1616 4422 frequentibus
1636 4332 1881 4426 legationibus
1898 4336 1941 4408 ia·

392 4446 514 4544 tigsti,
543 4445 614 4531 uisi
640 4446 852 4528 verbotenus
880 4447 955 4522 illis
982 4449 1222 4541 praestabant,
1252 4452 1405 4528 favorem
1430 4451 1505 4525 illis
1524 4451 1768 4545 intelligentes
1788 4455 1942 4530 fortunae

394 4590 464 4654 nou
490 4567 623 4642 adesse.
652 4566 855 4644 Distinobat
882 4573 916 4642 et
944 4569 1162 4644 Karimirum
1181 4571 1347 4646 Poloniae
1366 4572 1498 4666 Regem
1516 4577 1553 4646 et
1571 4571 1813 4664 consiliarios,
1846 4576 1941 4668 quale

395 4687 598 4768 Bernhardo
626 4687 893 4778 Schumborshi,
922 4690 1135 4784 colloquium
1163 4691 1206 4763 ad
1233 4711 1353 4783 pacem
1385 4691 1633 4768 conficiendam
1664 4696 1820 4785 potenti,
1851 4696 1941 4770 daret

394 4828 613 4901 responsum.
642 4806 734 4882 Nam
761 4813 797 4882 at
823 4809 975 4886 abnuere
1002 4816 1075 4889 tam
1103 4812 1298 4904 supplicem
1324 4811 1530 4904 petitionem
1555 4834 1618 4905 pro
1645 4834 1747 4905 pace,
1778 4816 1825 4888 ad
1843 4837 1942 4909 quan

396 4950 434 5004 se
460 4929 539 5002 Rex
567 4931 602 5002 et
628 4928 722 5020 apud
749 4929 919 5023 Legatum
951 4931 1181 5023 apostolieum
1213 4932 1439 5025 Rudolphum
1473 4933 1674 5027 episcopum
1706 4936 1940 5010 Levantinnm

396 5048 512 5124 literis
539 5053 575 5121 et
602 5047 743 5138 nuntio,
772 5053 808 5123 st
835 5050 926 5143 apud
954 5051 1043 5124 alios
1072 5051 1185 5145 Reges
1214 5056 1249 5126 et
1276 5052 1457 5145 Principes
1490 5055 1698 5144 catholicos,
1736 5057 1940 5132 benevolum

507 5323 530 5406 ¹)
552 5327 663 5396 mensis
684 5323 812 5404 dumeti
834 5322 898 5392 Ed.
922 5321 1013 5410 tipo.
1041 5323 1067 5406 ²)
1089 5327 1292 5390 tolerabilibus
1315 5323 1377 5392 Ed.
1401 5325 1491 5410 aspa.
1523 5325 1549 5410 ³)
1572 5271 1650 5391 enim
1672 5327 1736 5392 Ed.
1751 5327 1845 5414 Lipc.
1868 5328 1896 5401 ‘l
1916 5339 1943 5392 ct

2018 5459 2020 5532 l
