4046 6278
374 541 448 618 386
881 563 994 620 arena
1020 567 1264 621 nuonscnros
1292 550 1406 638 (xm).
1641 545 1709 646 (Α.
1729 547 1773 621 D.
1794 544 1930 645 1464.)

373 750 580 825 Prothenici
606 752 693 825 belli
720 752 848 845 magis,
878 774 982 845 quam
1009 753 1186 827 adiutores
1212 754 1459 846 praebuerant,
1489 775 1552 828 nec
1579 755 1840 828 conditionibus
1873 753 1928 826 iu-

373 871 457 960 stis,
486 871 614 963 quibus
640 872 717 945 illis
744 872 865 964 aliqua
891 895 972 965 pars
1000 877 1112 947 terrae
1139 873 1305 946 Prussias
1323 875 1360 946 in
1380 875 1625 966 Samagittiam
1653 879 1832 966 spectans,
1866 894 1932 964 per

372 993 506 1085 Regem
532 997 569 1065 et
595 993 755 1086 Regnum
783 993 988 1081 debebatur,
1016 993 1140 1084 perlici
1167 998 1328 1085 poteraut
1355 995 1398 1066 ad
1426 994 1553 1067 solatia
1572 995 1598 1084 ι)
1627 995 1771 1067 Polonis
1800 1000 1928 1066 contre

374 1112 568 1186 cruciferos
596 1114 752 1202 ferenda,
781 1119 984 1206 etquenam
1003 1113 1089 1188 belli
1108 1113 1329 1202 Pruthcnici,
1359 1114 1525 1188 decennio
1543 1115 1612 1187 iam
1632 1113 1851 1201 continuati,
1873 1135 1930 1186 res

374 1254 542 1308 evasuras
561 1235 690 1324 forent,
720 1234 961 1327 quietiusque
980 1234 1017 1306 in
1035 1234 1072 1308 id
1091 1239 1228 1326 tempus
1253 1235 1536 1326 opperiebantur,
1566 1235 1635 1308 rati
1654 1256 1698 1308 ex
1716 1233 1926 1306 discrimine

372 1358 445 1426 tam
464 1353 726 1443 Polonicarum,
752 1376 855 1447 quum
874 1354 1162 1428 Crucifericarum
1180 1375 1311 1441 rerum,
1341 1355 1416 1426 suis
1434 1356 1595 1428 accedere
1614 1356 1821 1448 proiectum.
1852 1353 1930 1426 Nec

373 1475 469 1546 ultra
495 1474 725 1554 dilationibus
757 1475 857 1548 usuri
872 1473 916 1564 ²),
944 1475 1077 1547 bellum
1108 1474 1253 1546 Polonis
1285 1474 1413 1547 inferre
1441 1475 1598 1564 interim,
1628 1497 1696 1568 quo
1713 1473 1743 1564 ³)
1770 1475 1929 1546 Pruthe-

373 1593 452 1666 nico
479 1593 748 1682 distinerentur,
776 1595 1044 1684 concludebant,
1074 1593 1146 1666 nisi
1171 1594 1250 1668 Rex
1277 1615 1336 1668 eos
1363 1594 1406 1666 ab
1433 1595 1636 1668 huiusmodi
1662 1595 1845 1688 proposito
1871 1595 1930 1667 dc

375 1712 578 1787 terruisset:
617 1735 685 1805 quo
712 1715 820 1802 facto,
849 1714 886 1786 in
914 1713 1106 1787 Lithuania
1143 1713 1269 1788 hiemis
1301 1719 1336 1787 et
1363 1714 1456 1787 veris
1493 1720 1647 1809 tempore
1683 1735 1928 1808 perseverans,

373 1834 528 1925 plurium
555 1834 759 1926 Principum
782 1834 975 1928 legationes
998 1835 1173 1908 audiebat.
1204 1836 1276 1908 Sub
1305 1835 1405 1908 cuius
1423 1837 1622 1928 praesentia
1641 1836 1814 1928 Georgius
1832 1836 1928 1926 spis-

373 1973 481 2046 copus
507 1955 783 2047 Myednicaensis
811 1955 887 2029 sive
914 1955 1160 2048 Samagittiae,
1188 1976 1314 2049 genere
1341 1956 1555 2044 Lithuanus,
1585 1958 1627 2030 de
1654 1956 1761 2028 Vilna
1780 1955 1929 2028 civitate

374 2079 487 2162 ortus,
517 2075 573 2148 dis
601 2075 761 2165 Saturni,
791 2075 959 2150 uicesima
986 2076 1110 2168 quinta
1124 2076 1156 2164 4)
1183 2077 1369 2149 Februarii
1385 2077 1427 2166 5),
1456 2077 1672 2169 procedendo
1700 2077 1862 2164 Vilnam,
1893 2077 1927 2147 in

374 2193 514 2284 itinere,
544 2195 627 2268 dum
653 2195 715 2268 vix
742 2195 851 2269 trium
879 2195 1086 2270 milliarium
1113 2201 1263 2270 restaret
1289 2198 1372 2285 iter,
1401 2199 1565 2282 moritur,
1588 2203 1623 2270 et
1640 2199 1794 2284 relatus,
1815 2197 1854 2268 in
1875 2217 1927 2269 ec·

374 2314 481 2388 clesia
509 2336 573 2388 sua
600 2315 858 2407 Mpeduicaensi
887 2318 1067 2410 sepelitur.
1097 2317 1160 2391 oui
1188 2318 1341 2391 Mathias
1369 2319 1410 2391 de
1430 2319 1599 2410 Topclpa,
1629 2318 1828 2404 Laneioita,
1860 2318 1927 2388 Po-

374 2435 477 2506 lonus
504 2455 628 2528 genere
656 2436 698 2508 de
726 2437 828 2509 domo
854 2438 1012 2526 Pouala,
1041 2438 1209 2512 succedit.

374 2792 448 2863 Pius
470 2791 634 2863 secundus
655 2791 802 2863 Summus
821 2792 973 2864 Penthea
995 2793 1178 2882 generalem
1194 2793 1436 2882 expeditionem
1451 2795 1564 2863 eenue
1579 2792 1698 2864 tureos
1719 2791 1851 2877 indicit,
1875 2792 1927 2862 ed·

376 2910 537 3004 iutodhue
560 2911 699 3000 gedam
720 2911 853 2984 luhtleei
876 2912 1071 2999 concedene;
1102 2913 1144 2984 ed
1171 2930 1265 3004 quem
1291 2929 1362 2984 cum
1385 2916 1421 2984 et
1442 2913 1629 2983 dolenorum
1651 2912 1745 3000 plara
1765 2911 1870 2982 millia
1892 2929 1927 2981 ee

376 3047 469 3104 cruce
488 3033 692 3122 rignerrent,
715 3035 956 3125 conspiratione
978 3035 1083 3122 heta,
1110 3035 1282 3107 dreccriee
1304 3036 1338 3107 in
1360 3034 1495 3105 ledaeos
1519 3035 1554 3104 et
1575 3032 1660 3103 hone
1684 3049 1791 3102 eorum
1814 3031 1925 3102 dene

673 3155 778 3228 dunt.
800 3155 961 3228 lohannes
983 3155 1245 3245 achiepiscopus
1266 3155 1465 3228 cnernemir
1486 3155 1630 3226 moritur.

481 3399 614 3476 Exacto
641 3405 758 3476 cutem
786 3401 988 3476 Karimirus
1016 3403 1094 3476 Rex
1112 3403 1205 3494 apud
1223 3402 1456 3476 Ruthenicale
1485 3403 1652 3474 Braescne
1668 3402 1700 3489 6)
1730 3402 1819 3472 festo
1838 3399 1923 3470 Pes-

377 3523 477 3610 chae,
505 3522 542 3594 in
569 3523 752 3595 Poloniam
778 3523 899 3612 rediit,
929 3528 964 3596 et
991 3522 1191 3596 dracouiam
1218 3523 1385 3596 vicesima
1403 3522 1539 3616 Aprilis
1556 3523 1585 3610 ⁷)
1613 3520 1778 3608 intrarit,
1809 3519 1924 3610 dupli·

377 3661 450 3714 cem
484 3647 627 3730 sortem,
659 3663 784 3735 parum
815 3649 950 3736 gratam
982 3649 1018 3716 et
1043 3643 1224 3733 blandam,
1258 3647 1436 3736 expertus.
1470 3641 1601 3730 Unam,
1636 3642 1729 3734 quod
1761 3640 1925 3712 Summus

378 3768 462 3835 tnnc
481 3762 714 3836 Romanorum
743 3764 910 3838 Pontifex
933 3765 1020 3837 Pius
1043 3763 1139 3857 Papa
1158 3765 1347 3852 secundus,
1368 3762 1662 3850 Christianitatis,
1693 3781 1782 3853 quae
1802 3782 1822 3832 a
1840 3760 1924 3830 Tur-

378 3903 496 3970 corum
531 3883 674 3958 Caesare
710 3885 924 3974 Mahumete,
954 3887 1034 3977 post
1061 3882 1439 3975 constantinopolitani
1471 3887 1506 3954 et
1532 3881 1782 3974 Trapesnntini
1810 3881 1924 3970 Impe-

377 4003 508 4076 riorum
527 4005 687 4077 miseram
706 4005 994 4098 interceptionem
1009 4004 1041 4096 8)
1071 4010 1106 4078 et
1132 4005 1283 4091 cladem,
1311 4002 1467 4096 graviter
1494 4001 1771 4093 opprimebatur,
1803 4019 1925 4091 oppro-

384 4123 503 4197 brium
537 4128 572 4197 et
597 4145 785 4218 gravamen
812 4147 1016 4214 aversurus,
1046 4127 1208 4218 generale
1234 4123 1437 4217 passagium
1452 4123 1484 4212 ⁹)
1511 4126 1632 4194 eontra
1655 4121 1759 4193 illum
1778 4139 1819 4192 eo
1838 4141 1925 4191 anno

378 4243 552 4333 instituit,
587 4249 622 4318 st
652 4243 819 4338 Philippo
852 4245 1134 4338 Burgundiorum
1167 4245 1277 4332 Duce,
1312 4243 1473 4335 quamuis
1506 4247 1669 4315 veterano
1703 4247 1739 4313 et
1766 4261 1864 4324 sene,
1893 4245 1924 4310 et

382 4363 614 4438 Veneriorum
637 4366 732 4439 Duce
751 4365 998 4458 christophoro
1025 4365 1162 4452 Mauro,
1189 4366 1318 4453 classe,
1348 4363 1482 4435 Mathia
1500 4383 1581 4436 vero
1601 4361 1806 4454 Hungariae
1833 4361 1925 4450 Rege

379 4484 536 4559 exercitu
563 4486 737 4576 terrestri,
767 4487 870 4559 illum
898 4486 1102 4574 adiurante,
1131 4485 1363 4577 personaliter
1390 4484 1427 4554 in
1446 4483 1704 4574 expeditionem
1723 4479 1923 4552 huiusmodi

378 4604 430 4678 ire
452 4604 624 4694 decrerit,
657 4605 818 4680 omnibus
850 4627 987 4698 quoquo
1018 4627 1091 4679 rem
1123 4605 1324 4677 huiusmodi
1355 4601 1622 4691 adiuuantibus
1660 4602 1745 4674 anni
1777 4599 1922 4673 lubilaei

380 4723 525 4798 donarit
555 4725 716 4820 gratiam.
755 4726 850 4818 Quae
882 4747 961 4800 cum
979 4727 1084 4799 etiam
1103 4725 1295 4817 apostolico
1313 4723 1406 4816 apud
1425 4723 1625 4797 Cracoviam
1644 4727 1764 4796 essent
1783 4723 1827 4810 ¹⁰)
1846 4719 1919 4790 rul-

379 4851 461 4937 gata
488 4851 523 4920 st
550 4846 750 4938 praedicata
776 4853 977 4939 praecepto,
1006 4851 1041 4920 et
1067 4847 1170 4937 plura
1193 4865 1237 4918 ex
1255 4843 1399 4918 Polonis
1425 4842 1606 4916 hominum
1630 4841 1749 4915 millia
1772 4841 1919 4924 Crucem,

488 5157 511 5237 ¹)
533 5159 644 5218 auxilia
665 5154 728 5220 Ea.
753 5155 843 5241 Lipa.
867 5155 892 5238 ²)
916 5157 997 5219 usuri
1020 5157 1076 5218 rati
1101 5151 1177 5218 cos.
1204 5149 1291 5216 Calc.
1318 5151 1341 5232 ³)
1365 5153 1433 5213 dum
1456 5150 1518 5216 Ed.
1543 5149 1633 5235 Lipe.
1659 5149 1685 5232 ⁴)
1703 5151 1844 5228 vigeeima
1858 5169 1918 5226 sep

379 5262 452 5324 tima
475 5257 551 5324 Cori.
574 5260 683 5325 er'ez.
716 5261 742 5341 ⁶)
765 5259 875 5322 mensis
897 5261 1051 5321 Februarii
1075 5256 1137 5319 Ed.
1165 5255 1251 5340 Lipa.
1284 5253 1310 5335 6)
1333 5257 1469 5316 Braescis
1495 5251 1569 5317 Coa.
1593 5253 1704 5318 Praez.
1738 5254 1919 5334 ⁷)vigerim

379 5366 491 5442 Aprilis
511 5368 623 5428 mensis
645 5366 694 5427 die
715 5363 779 5427 Ed.
803 5362 892 5447 Le'pa.
925 5363 950 5443 ⁸)
973 5365 1225 5440 interemptionem
1255 5357 1318 5422 Ed.
1347 5357 1453 5441 Lipa-
1471 5357 1497 5438 ⁹)
1521 5360 1690 5436 generalem
1714 5359 1919 5436 expeditionem

380 5465 443 5532 Ed.
467 5466 558 5556 Ιιίρε.
586 5465 627 5560 ¹⁰)
644 5469 757 5534 tuimet
778 5462 842 5534 Ed.
865 5464 959 5556 Lipe.
1449 5503 1451 5510 ,
