4052 6286
368 521 441 596 clo
875 541 988 596 cmm
1014 541 1258 596 nuourcncus
1286 523 1401 614 (sni).
1636 515 1704 618 (Α.
1724 515 1770 592 D.
1789 516 1917 617 scos.)

367 735 403 802 st
430 729 604 820 direptum
632 727 693 815 iri,
723 728 783 800 ssd
807 730 912 801 ferret
939 727 995 800 illi
1023 728 1150 800 solatis
1169 727 1195 816 ¹)
1224 729 1259 800 st
1288 728 1468 800 Summum
1497 727 1703 800 Pontificem
1717 726 1751 814 2)
1779 727 1850 798 sibi
1867 729 1915 798 is·

366 855 459 924 cerst
486 847 767 922 reconciliatum:
796 848 1015 920 redditurum
1043 848 1134 920 enim
1163 869 1199 920 ss
1227 847 1396 934 omnium,
1433 868 1521 938 quas
1548 847 1635 939 egit,
1668 846 1861 931 rationem,
1889 847 1918 918 si

369 970 438 1044 sibi
466 969 674 1042 corrcsdatur
701 968 860 1056 licentia,
890 972 925 1040 st
953 967 1120 1060 singulis,
1150 989 1239 1058 quse
1267 968 1432 1039 Summus
1461 967 1626 1038 Pontifex
1645 967 1810 1053 iusserit,
1842 967 1917 1038 obs-

368 1091 504 1163 dienter
531 1091 738 1180 pariturum.
768 1089 919 1180 Utrique
947 1089 1069 1160 nuntio
1094 1095 1129 1161 et
1148 1088 1272 1180 Legati
1288 1087 1318 1176 3)
1347 1093 1382 1160 st
1401 1087 1601 1160 Girnikonis
1620 1108 1832 1178 responsum
1852 1094 1917 1158 est:

365 1209 524 1284 Nuntios
557 1209 730 1282 notabiles
762 1210 806 1280 ad
840 1210 1021 1282 Summum
1053 1209 1259 1282 Pontificem
1297 1208 1485 1280 missurum
1522 1207 1690 1281 Polonise
1727 1207 1918 1299 Rogem⁴)‚

372 1330 433 1423 qui
460 1330 495 1402 ill
525 1330 655 1402 Urbem
683 1329 810 1418 eundo,
839 1330 1088 1402 descenderent
1114 1331 1157 1400 ad
1179 1331 1349 1422 Legatum
1369 1329 1405 1400 in
1426 1329 1709 1414 Wratislariam,
1741 1334 1778 1399 et
1796 1328 1843 1398 od
1861 1327 1918 1399 ci·

372 1451 548 1524 railronsm
563 1450 855 1524 Posrdsebracalri
870 1449 906 1522 in
922 1452 1087 1542 erogem,
1107 1449 1336 1523 intentionem
1352 1449 1460 1540 Regis
1472 1447 1502 1536 i)
1521 1449 1663 1540 utrique
1677 1448 1867 1522 enodeturi
1877 1449 1918 1535 θ).

367 1571 549 1644 Nominati
576 1577 692 1644 autem
720 1570 826 1642 adid
854 1573 993 1643 fuerant
1024 1571 1155 1658 nuntii,
1184 1571 1333 1642 Iacobus
1361 1570 1598 1660 Dambysnslri
1617 1569 1734 1662 Regni
1754 1568 1919 1641 Polonias

371 1691 690 1765 vicstbosaurarins
718 1696 753 1764 et
780 1692 982 1782 capitaneus
1011 1690 1265 1778 cracoviensis,
1295 1696 1330 1762 et
1357 1690 1490 1762 Paulus
1509 1690 1551 1761 de
1570 1690 1741 1781 Glownys
1761 1691 1920 1761 Dscauns

370 1812 622 1886 Cracovisnsis.
652 1811 834 1884 Conversis
863 1811 987 1884 deinde
1011 1817 1082 1883 tam
1101 1812 1212 1904 Rege,
1242 1833 1345 1903 qrram
1378 1809 1590 1883 consiliariis
1607 1811 1650 1898 7),
1679 1810 1724 1882 ad
1754 1830 1919 1901 quaereu-

369 1934 447 2006 dsm
475 1933 584 2020 uiam,
618 1953 687 2022 qua
715 1932 889 2023 stipendia
921 1932 1096 2004 militibus
1123 1938 1267 2023 possent
1294 1930 1463 2023 persolvi:
1497 1931 1539 2003 ob
1567 1952 1673 2022 quam
1701 1953 1809 2002 unam
1839 1951 1920 2001 cau-

369 2065 443 2125 sar'n
471 2051 654 2126 conventio
682 2051 760 2142 ipss
787 2053 901 2123 fuerat
928 2052 1111 2139 instituta;
1140 2073 1260 2124 uerum
1288 2051 1423 2124 nuntiis
1452 2057 1623 2142 exparte
1651 2050 1866 2122 militarium
1889 2055 1922 2122 st

370 2171 542 2245 nobilium
575 2171 710 2258 missis,
744 2171 996 2263 allegantibus,
1031 2193 1068 2244 se
1095 2174 1232 2244 nullum
1265 2173 1466 2244 mandatum
1495 2172 1538 2243 ad
1566 2171 1862 2244 consentiendum
1888 2171 1922 2241 in

369 2291 504 2385 aliquot
523 2291 719 2364 subsidium
738 2289 930 2381 accepisss;
960 2313 999 2364 sa
1017 2291 1228 2384 allegatione
1247 2287 1398 2382 siugulis
1418 2292 1585 2379 turbatis,
1611 2313 1690 2365 cum
1710 2292 1806 2364 nihii
1825 2313 1920 2382 pras-

370 2417 486 2487 sentss
515 2412 697 2484 decernere
725 2416 884 2501 possent:
915 2412 1003 2483 duas
1030 2411 1294 2496 conventiones
1323 2433 1394 2484 una
1420 2411 1455 2482 in
1485 2413 1575 2484 Kolo
1604 2435 1667 2504 pro
1688 2413 1795 2486 terris
1815 2413 1921 2484 blais·

368 2532 419 2606 ris
447 2531 629 2617 Pelopiae,
663 2530 808 2621 prodis
837 2531 956 2604 Sancti
988 2531 1144 2618 Nicolai‚
1178 2533 1290 2604 altera
1321 2553 1383 2623 pro
1411 2532 1467 2602 dis
1495 2533 1741 2623 conceptionis
1776 2533 1924 2606 Sanctae

370 2652 499 2724 Marias
515 2651 558 2740 θ),
587 2651 624 2723 in
651 2651 752 2723 Nora
779 2650 930 2724 Ciuitate
957 2652 1126 2738 Romaiu,
1156 2657 1328 2743 quatenus
1348 2651 1478 2723 inillis
1502 2673 1694 2724 consensus
1714 2653 1923 2725 militarium

370 2771 413 2844 de
442 2771 580 2844 terendo
607 2770 808 2862 pecuniario
832 2771 989 2844 subsidio
1007 2777 1127 2863 posset
1146 2772 1313 2858 obtineri,
1344 2773 1432 2843 duas
1452 2781 1486 2842 ot
1505 2773 1634 2844 alteras
1660 2773 1922 2856 conventiones,

371 2891 408 2964 in
436 2890 566 2964 eisdem
594 2890 682 2963 locis
708 2913 771 2983 pro
799 2891 855 2964 die
890 2891 1010 2964 Sancti
1044 2891 1133 2979 Viti,
1171 2913 1233 2982 pro
1266 2892 1465 2966 decidendis
1494 2892 1703 2964 differentiis
1732 2893 1828 2966 inter
1856 2893 1924 2984 spi·

370 3011 517 3084 rituales
545 3016 580 3084 st
608 3012 804 3085 saeculares
832 3011 983 3100 exortis,
1012 3011 1209 3084 institutae.

370 3366 642 3439 inconsentiens
658 3365 765 3437 boras
780 3366 932 3437 dictatis
948 3366 1084 3438 Koresia
1108 3367 1304 3438 contributio
1323 3367 1461 3438 tenonis
1477 3367 1517 3438 is
1532 3367 1628 3438 lanso
1643 3385 1701 3457 pro
1718 3368 1925 3440 exsolveris
2014 3431 2015 3466 ᾖ

790 3485 955 3574 stipendio
978 3487 1111 3559 amento
1133 3487 1291 3558 militibus
1314 3487 1508 3558 decernitur.

478 3732 582 3808 Foris
619 3737 719 3804 sexta
756 3735 836 3804 ants
874 3733 1002 3804 festum
1034 3733 1242 3806 Sanctorum
1276 3733 1428 3806 Simonis
1463 3737 1497 3804 st
1530 3735 1638 3806 Iudae
1657 3735 1700 3823 ⁰),
1737 3755 1782 3807 ex
1811 3735 1929 3808 diaeta
2014 3715 2015 3792 l

372 3851 644 3945 Pyotrlrovisnsi
671 3851 873 3925 Karimirus
901 3853 978 3926 Rex
998 3853 1042 3938 10)
1070 3853 1267 3940 discedens,
1296 3874 1358 3944 psr
1385 3853 1544 3944 Opocnno
1564 3861 1598 3927 st
1618 3854 1744 3927 Sinnin
1766 3856 1871 3926 venit
1896 3856 1928 3928 in

373 3972 524 4059 Rodum,
554 3978 589 4044 et
616 3971 739 4045 deinde
758 3972 796 4044 in
815 3973 973 4044 Iedlnam
1003 3995 1039 4045 ss
1067 3976 1279 4062 conternans,
1309 3974 1384 4046 illio
1412 3975 1621 4064 plusquam
1639 3996 1709 4046 uno
1729 3997 1854 4048 mense
1875 3998 1929 4048 uc·

373 4091 577 4164 nationibus
610 4092 807 4166 invocabat.
840 4091 977 4165 Exinde
1008 4115 1070 4185 pro
1102 4094 1157 4166 dis
1190 4094 1433 4185 Conceptionis
1468 4096 1614 4166 Sanctae
1647 4095 1780 4167 Marias
1801 4097 1863 4184 ¹¹),
1897 4097 1929 4167 in

373 4211 495 4284 Novas
515 4210 678 4284 Civitatis
697 4211 849 4284 Korcnin
874 4215 1154 4302 conventionem,
1176 4215 1321 4286 visitato
1336 4219 1371 4286 st
1385 4215 1526 4287 adorato
1546 4215 1642 4307 ligno
1662 4215 1827 4288 vivificae
1848 4217 1928 4288 Gru·

373 4331 425 4404 cis
455 4331 491 4403 in
520 4332 729 4404 monasterio
758 4331 857 4404 Calvi
885 4333 1030 4420 montis,
1060 4335 1168 4406 venit.
1203 4333 1273 4406 Ubi
1302 4335 1589 4406 conveniuntibus
1618 4335 1777 4407 lobanns
1806 4337 1928 4408 Cracc-

375 4451 504 4540 viensi,
534 4451 660 4524 Iacobo
689 4451 996 4541 Wladislaviensi,
1027 4454 1216 4545 episcopis,
1246 4459 1281 4525 et
1308 4454 1520 4528 consiliariis
1549 4460 1583 4526 st
1611 4455 1791 4528 militibus
1820 4461 1928 4530 terra·

372 4594 450 4646 rum
477 4571 760 4645 Crotoniensium
787 4579 822 4646 st
841 4573 1007 4662 Sossios,
1035 4579 1173 4664 praetor
1200 4575 1391 4646 Iohannem
1410 4575 1452 4647 ds
1477 4575 1653 4648 Thancnin
1677 4577 1928 4662 castellanum,

482 4915 503 4996 ¹)
527 4918 637 4977 auxilia
658 4913 723 4978 Ec.
747 4912 837 4998 Lips.
870 4914 892 4988 ¹)
915 4918 1065 4977 Summum
1087 4919 1257 4978 Pontificem
1280 4920 1403 4979 Paulum
1426 4921 1586 4980 seeundum
1609 4917 1672 4981 Ed.
1697 4917 1796 5002 Lips.
1825 4919 1852 4998 ³)
1875 4923 1928 4981 Rr-

373 5021 474 5099 dolpbi
496 5021 602 5096 Legati
624 5015 687 5082 Ed.
711 5015 801 5102 Lips.
826 5017 852 5096 ⁴)
876 5020 1050 5080 casimirum
1072 5019 1182 5096 Regem
1205 5022 1346 5082 Poloniae
1369 5019 1431 5084 Ed.
1456 5020 1548 5104 Lapa
1573 5019 1599 5100 ⁵)
1623 5023 1760 5084 Sasimiri
1785 5025 1928 5086 Poloniss

372 5125 464 5202 Regis
486 5119 549 5184 Ed.
572 5120 662 5204 Lips.
695 5119 721 5200 ⁸)
745 5123 775 5181 in
798 5141 833 5182 eo
855 5125 974 5199 negotio
997 5123 1159 5184 enodaturi.
1183 5121 1245 5186 Ed.
1268 5121 1359 5207 Lips.
1392 5123 1582 5198 ⁷iconvarsi
1605 5125 1713 5187 deinde
1736 5133 1840 5206 erant,
1874 5135 1928 5188 tarn

374 5225 535 5290 Osslmirus
564 5225 628 5287 Rex
657 5223 812 5304 Pelopiae,
843 5243 930 5302 qnam
960 5227 1127 5288 consiliarii
1158 5223 1220 5288 Ed.
1251 5224 1340 5311 Lipa.
1373 5227 1548 5306 ⁸)Sanotas
1570 5229 1683 5292 Mariae
1706 5231 1845 5308 Virginis
1869 5227 1927 5292 Ed

375 5328 466 5415 Lips.
491 5329 517 5408 ⁹)
539 5329 667 5390 Simonis
691 5333 721 5389 st
743 5327 834 5389 ludas
855 5328 1064 5406 Apostolorum
1086 5326 1148 5391 Ed.
1173 5327 1264 5412 Lips.
1293 5327 1330 5409 10)
1355 5331 1496 5392 Poloniss
1517 5332 1581 5392 Rex
1603 5329 1667 5394 Ed.
1684 5328 1777 5414 Lips.
1799 5332 1843 5413 ιι)
1860 5335 1927 5395 Ssu-

376 5439 441 5496 ctae
462 5434 575 5494 Marias
597 5431 729 5510 Virginis
751 5428 814 5493 Ed.
839 5429 929 5514 Lips.
2012 5443 2013 5446 ¹

2013 3797 2015 3842 l

2013 3861 2015 3908 l
