4090 6290
404 563 478 643 626
909 587 1022 646 arnan
1048 589 1293 646 nuonncmus
1320 529 1435 664 (xm).
1670 567 1958 672 (Α.ῠ.1475.)

402 775 609 848 vicissitudo
637 776 674 849 in
701 776 796 870 Rege
822 777 1010 850 Bohemiae
1028 777 1055 866 ¹)
1083 778 1340 867 observabitur,
1378 799 1417 851 ee
1449 783 1566 852 tamen
1593 783 1758 870 excepto,
1789 783 1835 848 ut
1865 776 1956 867 epis·

350 971 353 977 ,
403 912 510 986 copus
539 894 823 970 Olomuncaensis
852 901 886 969 et
913 897 1143 970 Marsaleatue
1171 898 1360 971 Bohemiae
1387 897 1431 969 ad
1460 899 1572 970 solum
1602 898 1796 970 Bohemiae
1825 897 1958 987 Regem

403 1014 605 1106 respiciant.
635 1015 725 1088 heta
744 1021 798 1089 est
817 1020 852 1089 at
870 1021 995 1108 expost
1009 1015 1041 1105 ²)
1060 1016 1152 1108 apud
1172 1015 1342 1107 Eranam,
1363 1017 1497 1090 Mathia
1515 1017 1717 1110 Hungariae
1736 1018 1840 1108 Rege
1860 1037 1959 1106 prae-

405 1138 515 1222 sento,
536 1133 663 1207 similis
676 1133 706 1224 3)
726 1135 857 1224 diaeta,
873 1135 911 1208 in
926 1155 994 1227 qna
1007 1135 1218 1208 universalis
1233 1156 1303 1226 pax
1318 1136 1432 1228 Regni
1446 1137 1649 1225 Bohemiae,
1665 1135 1879 1208 differentia
1894 1135 1958 1207 Rc·

403 1273 486 1345 gum
505 1254 547 1326 do
565 1253 686 1346 Regno
705 1255 1005 1344 contendentium,
1031 1255 1166 1327 sancita
1184 1259 1219 1327 et
1238 1256 1415 1344 stabilita,
1446 1260 1480 1328 et
1500 1256 1652 1328 Stiborio
1672 1255 1960 1328 Thowacrovshi

402 1371 516 1463 Regni
544 1371 731 1446 Bohemiae
758 1373 988 1462 cancellario,
1019 1374 1062 1446 ab
1089 1379 1237 1465 utroque
1264 1375 1360 1466 Rege
1387 1395 1474 1446 onus
1502 1375 1746 1467 capitaneatus
1776 1373 1960 1446 bloraviae

401 1489 538 1562 datum:
566 1496 607 1564 ut
633 1491 849 1584 provideret,
878 1513 922 1566 ne
950 1493 1035 1584 quid
1058 1494 1259 1566 detrimenti
1287 1515 1342 1566 res
1370 1493 1527 1585 publice,
1562 1500 1730 1585 quantum
1759 1495 1809 1565 ad
1836 1513 1959 1584 pacem

401 1609 579 1700 publicam
598 1615 751 1701 spectat,
784 1615 979 1702 pateretur;
1013 1611 1317 1703 laudabanturque
1335 1611 1576 1686 conclusiones
1602 1613 1821 1706 Pragenses,
1842 1618 1883 1684 ct
1902 1612 1959 1682 ba-

399 1749 500 1802 rones
530 1729 690 1802 lectionis
718 1731 904 1821 utriusque
931 1731 1140 1821 probabant:
1168 1736 1209 1802 ut
1235 1730 1338 1803 iuxta
1356 1731 1439 1803 illas
1458 1732 1500 1804 do
1518 1752 1603 1822 pace
1622 1733 1714 1806 inter
1733 1733 1855 1824 Reges
1878 1752 1957 1803 con·

400 1847 546 1922 veniret.
575 1848 705 1922 Verum
734 1849 885 1922 Mathias
914 1849 1115 1942 Hungariae
1143 1851 1220 1921 Rex
1249 1849 1286 1921 in
1313 1850 1391 1941 ipsa
1413 1851 1590 1923 Brunensi
1609 1851 1726 1924 diaeta
1743 1851 1959 1923 notabiliter

398 1972 522 2040 nutare
549 1969 678 2061 coepit,
713 1973 748 2042 et
774 1969 962 2042 baronibus
994 1969 1183 2041 Bohemiae
1215 1969 1318 2041 illum
1347 1969 1389 2042 de
1422 1971 1645 2042 observantia
1682 1971 1957 2043 conclusionum

398 2087 657 2178 requirentibus
684 2087 879 2179 respondit:
909 2089 1040 2180 absque
1067 2107 1238 2161 consensu
1266 2088 1402 2160 Summi
1421 2088 1619 2176 Pontifiois,
1640 2094 1675 2161 et
1693 2089 1849 2162 consilio
1871 2110 1955 2159 uon-

401 2206 578 2278 nullorum
605 2206 826 2300 Principum,
856 2208 916 2300 qui
943 2212 1061 2299 partes
1090 2227 1171 2279 enas
1200 2207 1430 2296 adiuvabant,
1459 2206 1528 2280 non
1556 2209 1625 2281 sibi
1652 2210 1760 2281 licere
1790 2208 1880 2280 illas
1901 2229 1955 2280 nc-

400 2331 548 2416 ceptare.
577 2327 704 2418 Itaque
730 2347 767 2400 re
793 2328 831 2399 in
858 2327 1088 2419 ambiguitate
1115 2326 1259 2414 reiecta,
1289 2327 1405 2399 diaeta
1431 2327 1503 2398 alia
1529 2349 1591 2418 pro
1621 2327 1709 2400 festo
1739 2328 1870 2399 Sancti
1901 2327 1954 2399 Ia-

399 2445 476 2517 cobi
504 2446 683 2536 Apostoli,
715 2447 808 2538 apud
826 2446 1069 2538 Praesburg4)
1097 2445 1231 2517 indicta
1258 2450 1327 2518 est:
1358 2467 1446 2537 quae
1465 2447 1603 2518 nullum
1621 2447 1764 2534 habuit,
1798 2447 1957 2518 blathine

399 2561 507 2656 Regis
535 2565 737 2658 Hungariae
764 2564 944 2638 vafriciem
972 2550 1123 2657 singulis
1152 2564 1361 2654 scientibus,
1392 2565 1563 2638 eflectum.

464 2917 607 3006 lagatus
629 2916 877 2988 dussenknrsau
899 2915 1105 3005 imperatoris
1126 2916 1265 2987 lurida
1287 2917 1442 2987 auribus·
1465 2920 1580 2989 contra
1601 2917 1718 2987 turcos
1741 2917 1900 3006 inplent

926 3053 946 3106 a
968 3035 1128 3106 Karlmlrc
1151 3035 1238 3124 hege
1259 3035 1419 3107 roloniae.

504 3281 683 3353 Knaimiro
716 3281 881 3354 Poloniae
914 3281 1009 3374 Rege
1040 3281 1077 3352 in
1104 3279 1296 3352 Lithnania
1328 3285 1460 3369 stante,
1493 3281 1639 3352 nuntius
1673 3281 1764 3353 satis
1798 3281 1953 3374 insignis

400 3402 518 3490 Isaac,
546 3421 670 3493 genere
698 3400 851 3474 Graecus
884 3401 926 3473 de
954 3399 1197 3491 Trapezunda,
1235 3399 1295 3471 sed
1323 3405 1419 3472 secta
1451 3400 1689 3487 blahumetus,
1718 3400 1763 3471 ab
1791 3401 1953 3473 Hussen·

400 3521 526 3592 kasseh
564 3520 601 3591 in
629 3519 809 3592 duodecim
850 3521 950 3612 equis
987 3521 1031 3592 ad
1068 3541 1146 3592 eum
1184 3519 1297 3608 venit,
1331 3540 1475 3612 rogans:
1508 3525 1548 3591 nt
1575 3519 1688 3610 primo
1716 3540 1801 3592 vere
1830 3521 1951 3613 digna·

399 3647 496 3712 retur
524 3660 602 3712 eum
630 3637 778 3712 caeteris
805 3640 962 3732 Regibus
990 3639 1174 3712 catholicis
1208 3643 1328 3711 contra
1360 3639 1550 3711 Turcorum
1587 3639 1770 3711 Gaesarem
1808 3661 1951 3711 consur·

402 3779 499 3850 gere,
529 3764 563 3831 et
583 3757 748 3855 sibifflcnm
774 3759 941 3831 trecentis
969 3758 1128 3831 millibus
1156 3762 1277 3830 contra
1295 3759 1444 3830 Turnum
1462 3763 1747 3846 consurrectum,
1778 3759 1910 3831 solatio
1924 3759 1953 3847 ⁵)

400 3895 491 3966 osse,
519 3877 737 3969 bestiamque
755 3877 854 3950 illam
873 3877 1081 3952 exterminio
1108 3877 1205 3950 dare:
1234 3893 1312 3949 cnm
1332 3876 1402 3948 iam
1420 3877 1476 3949 vis
1495 3878 1572 3950 eius
1590 3877 1628 3948 in
1647 3877 1775 3949 maiori
1788 3878 1825 3966 6)
1852 3884 1950 3969 parts

400 3997 611 4089 elanguerit,
640 3996 801 4069 omnibus
829 3997 903 4070 suis
931 3996 1135 4070 melioribus
1162 3995 1418 4089 pugnatoribus
1445 3996 1483 4068 in
1511 3997 1609 4069 clade
1637 3995 1834 4069 Valachica
1860 3997 1949 4070 dela

399 4118 459 4188 tis.
488 4117 607 4203 Hunc,
636 4131 715 4187 cum
742 4115 944 4188 Kaaimirns
976 4115 1143 4189 Poloniae
1171 4115 1249 4187 Rex
1275 4115 1426 4207 benigne
1452 4119 1654 4202 tractasset,
1688 4120 1725 4186 et
1753 4116 1950 4208 magnificis

400 4236 500 4308 donis
528 4235 630 4307 illum
657 4235 879 4323 honorasset,
908 4255 969 4326 spe
988 4234 1120 4326 optima
1143 4235 1342 4325 impletum,
1371 4233 1587 4321 Oracoviam,
1616 4254 1722 4326 quam
1751 4235 1882 4326 cupide
1899 4237 1946 4306 vi·

399 4356 480 4428 dero
506 4355 742 4443 desiderabat,
771 4354 918 4428 remisit.
947 4354 990 4425 ln
1018 4373 1087 4445 qna
1113 4374 1191 4426 enm
1209 4374 1316 4445 prope
1334 4375 1486 4427 mensem
1505 4375 1613 4425 unum
1632 4353 1846 4425 immoratus
1866 4355 1946 4424 luis·

400 4481 470 4562 set,
499 4474 543 4546 ad
569 4473 738 4546 linthium
765 4472 967 4565 Hungariae
994 4473 1125 4564 Regem
1152 4473 1188 4545 in
1216 4474 1388 4562 Brunam,
1421 4472 1545 4546 deinde
1572 4473 1616 4544 ad
1645 4471 1834 4545 Summum
1862 4474 1944 4544 Pon-

400 4594 545 4682 tificem,
574 4593 742 4680 Venetos,
771 4597 993 4684 caeterosque
1017 4589 1295 4665 Christianitatis
1314 4593 1428 4684 Reges
1447 4595 1482 4664 et
1500 4589 1683 4682 Principes
1713 4593 1877 4678 transiit,
1904 4593 1943 4662 si·
2040 4613 2041 4636 c

401 4713 519 4786 milem
547 4711 757 4804 legationem
785 4711 878 4803 apud
905 4712 987 4784 illos
1014 4710 1187 4785 obiturus.

508 4985 531 5067 ¹)
553 4989 584 5048 in
606 4988 688 5064 Rege
709 4985 868 5048 Bohemiae
890 4981 1054 5045 Wladislao
1075 4975 1139 5044 Ed.
1162 4977 1253 5064 Lipe.
1277 4982 1301 5060 2)
1324 4988 1428 5060 postea
1442 4979 1505 5045 Ed.
1521 4978 1612 5065 Lipe.
1628 4980 1657 5061 ³)
1673 4983 1763 5043 simul
1779 4973 1844 5048 Ed.
1860 4979 1939 5066 [ἐμ.

401 5087 429 5174 ⁴)
451 5091 595 5168 Prisburg
617 5087 681 5152 Ec.
704 5087 795 5174 Isa'pe.
820 5086 845 5170 5)
870 5088 979 5148 auxilio
1001 5082 1065 5148 Ec.
1089 5081 1179 5166 Lipa.
1204 5083 1228 5164 ⁸)
1251 5086 1281 5144 in
1303 5104 1411 5162 magua
1433 5082 1496 5147 Ed.
1518 5081 1609 5166 Lipe.
1765 5075 1773 5081 ’
