4046 6278
75 589 136 690 (Α.
156 589 201 664 D.
222 588 348 688 ldcss.)
581 613 694 666 mssa
719 613 962 668 nuonuemrus
989 595 1104 686 (nrm).
1536 591 1610 668 361
1650 608 1653 614 ’

74 796 262 884 disserens,
290 797 333 868 ad
351 795 421 869 tria
439 817 476 868 se
493 795 736 888 principaliter
762 798 1045 872 commemoravIt
1062 796 1224 870 missum:
1253 798 1297 870 ad
1315 797 1566 890 pacificandam
1585 799 1614 890 ¹)

73 915 331 990 cracoviensem
363 915 561 1003 ecclesiam,
596 915 639 987 ad
670 916 804 989 bellum
836 916 1088 990 Pruthenicum
1118 915 1427 1008 intercipiendum,
1461 919 1505 990 ad
1537 917 1611 991 ani·

73 1035 233 1106 mendum
261 1035 391 1127 Regem
418 1035 456 1107 in
482 1035 613 1108 bellam
641 1037 752 1108 Iurco
780 1035 1011 1109 inferendum.
1039 1037 1086 1108 Et
1112 1057 1253 1109 causam
1280 1036 1420 1128 quidem
1448 1036 1614 1111 ecclesiae

73 1152 308 1227 cracoviensis
335 1153 372 1226 in
399 1161 537 1246 tempus
566 1154 664 1226 aliud
691 1155 871 1245 differens,
898 1177 1019 1248 pacem
1045 1177 1124 1228 curn
1142 1156 1310 1250 Magistro
1330 1161 1365 1230 et
1384 1157 1512 1230 Ordine
1530 1156 1614 1230 cru-

73 1272 271 1361 ciferorum,
305 1273 411 1345 armis
443 1273 631 1365 depositis,
659 1279 701 1346 ut
728 1275 893 1364 ferocius,
928 1275 1210 1368 cumulatiusque
1235 1276 1369 1350 bellum
1397 1297 1475 1349 cum
1503 1275 1615 1349 'lurco

72 1391 128 1483 agi
152 1397 289 1483 posset,
323 1392 513 1483 multiplici
545 1393 681 1466 rati0ne
712 1394 904 1484 persuasit,
938 1395 975 1467 in
1002 1415 1111 1487 eaque
1142 1417 1179 1469 re
1206 1395 1446 1487 persuadenda
1478 1400 1616 1487 tempus

72 1511 163 1582 haud
189 1511 295 1585 breve
322 1511 530 1604 absumpsit.
564 1513 688 1585 Altera
713 1513 770 1585 die
797 1513 962 1587 videlicet
994 1515 1193 1603 Dominico‚
1226 1516 1357 1589 honore
1386 1536 1526 1588 mensae
1553 1536 1617 1606 por

72 1630 200 1722 Regem
216 1629 247 1720 2)
275 1636 459 1722 exceptus,
488 1633 663 1723 reliquum
690 1631 762 1704 diei
788 1632 905 1722 illius,
936 1635 996 1707 sed
1023 1639 1059 1706 et
1086 1638 1290 1725 sequentem
1316 1634 1487 1727 iutegram
1510 1633 1614 1724 diem,

72 1749 106 1820 iu
133 1750 320 1842 colloquiis
348 1750 492 1824 secretis
521 1772 599 1824 cum
626 1752 739 1844 Rege,
769 1753 924 1826 Iohanne
952 1754 1191 1826 tautummodo
1211 1753 1406 1827 caesnensi
1425 1751 1614 1845 archiepis·

72 1888 153 1960 copo
184 1890 248 1961 prc
280 1869 470 1962 interprete
503 1869 676 1958 adhibito,
711 1872 924 1964 absumpsit:
958 1872 1152 1964 inquibus
1186 1871 1280 1945 omni
1307 1877 1449 1961 conatu,
1484 1872 1616 1945 virtute

72 1992 173 2080 atque
199 1989 299 2079 nisu,
328 1990 430 2063 iuxta
457 1991 548 2082 quod
575 2011 597 2061 a
623 1990 764 2064 Summo
792 1991 962 2064 Pontifice
981 1991 1176 2066 instructus
1195 1993 1325 2080 fuerat,
1351 1991 1516 2064 Iacobum
1535 1991 1614 2065 cra·

72 2108 268 2182 coviens‘em
295 2109 496 2200 episcopum
523 2109 698 2183 laboravit
725 2111 860 2183 efficere
878 2110 1077 2202 pacificum,
1107 2111 1299 2203 multisque
1318 2111 1539 2184 evidentibus
1558 2132 1613 2183 ra·

72 2227 225 2301 tionibus
253 2229 297 2301 ad
324 2229 399 2303 eius
431 2229 708 2320 pacificationem
735 2234 770 2302 ct
797 2230 839 2301 ad
868 2230 1115 2303 emolliendum
1152 2231 1306 2303 animum
1341 2230 1475 2322 regium
1513 2251 1612 2320 usus,

72 2348 255 2437 certificat,
283 2348 517 2440 provIsiouem
545 2349 665 2421 Iacobi
683 2349 838 2440 episcopi
857 2349 1096 2423 cracoviensis
1115 2351 1221 2423 etiam
1239 2370 1301 2441 per
1319 2349 1500 2422 Summum
1519 2350 1609 2421 Pon·

73 2467 213 2557 tificem,
252 2488 293 2540 eo
321 2468 566 2557 dissentiente,
603 2467 758 2541 rescindi
786 2489 855 2541 uon
882 2489 996 2561 posse.
1033 2468 1114 2541 Non
1141 2469 1256 2542 tenuit
1290 2467 1492 2541 Karimirus
1525 2467 1615 2556 Rex,

72 2588 134 2660 hac
158 2587 426 2661 denuntiatione
453 2587 573 2660 audita
601 2592 697 2680 (spes
725 2587 818 2661 cuiun
839 2610 920 2661 suas
939 2589 1167 2680 impleturum
1193 2589 1364 2681 Legatum
1383 2586 1614 2679 apostolicum

72 2706 253 2781 advenisse
280 2707 489 2796 crediderat)
517 2709 707 2796 choleram3
736 2708 797 2781 sed
824 2712 859 2782 et
881 2709 1000 2782 dolore
1027 2709 1121 2780 altae
1139 2728 1224 2780 suae
1252 2707 1296 2779 ad
1322 2707 1462 2780 irritum
1489 2707 1613 2779 caden-

71 2827 116 2899 tis
143 2827 237 2919 spei,
268 2831 303 2899 et
320 2827 372 2900 ira
390 2828 569 2917 incensus,
599 2827 712 2900 satius
739 2828 899 2921 Regnum
931 2827 1098 2900 PolonIae
1130 2825 1306 2918 perditum
1333 2825 1394 2914 iri,
1427 2847 1531 2918 quam
1558 2825 1615 2898 Ia·

72 2946 257 3021 cobumad
275 2947 532 3038 possessiouem
559 2947 780 3039 episcopatus
808 2947 1048 3020 cracoviensis
1067 2947 1268 3035 admittere,
1292 2945 1455 3018 deduxit:
1484 2946 1616 3038 Legato

73 3086 149 3138 vero
176 3066 387 3158 replicante,
415 3066 532 3138 minus
559 3069 632 3140 fore
659 3067 831 3156 iacturae,
860 3067 892 3140 si
919 3067 1025 3141 etiam
1052 3066 1122 3138 tria
1140 3065 1263 3159 Regna
1280 3065 1482 3157 depereant,
1512 3083 1616 3156 quam

74 3185 175 3259 Sedes
203 3186 515 3277 Apostolicaiura
542 3207 606 3258 sua
632 3167 838 3275 contundat,
867 3207 944 3260 cum
972 3207 1098 3280 magna
1116 3185 1310 3258 animorum
1332 3183 1415 3257 hinc
1433 3183 1514 3256 inde
1531 3203 1613 3258 exa·

72 3305 267 3378 cerbatione
293 3305 486 3378 discessum
514 3311 583 3395 est,
612 3311 647 3379 et
674 3305 727 3378 ira
752 3305 850 3398 regia
877 3327 955 3379 cum
983 3305 1203 3398 improperiis
1231 3304 1269 3377 iu
1295 3305 1488 3377 Iohannem
1510 3302 1614 3375 Ritlr-

73 3425 240 3516 vyenslri,
270 3425 394 3517 quise
422 3425 548 3518 capitis
564 3423 595 3515 3)
624 3425 810 3498 adiioIebat
836 3425 1009 3517 periculo,
1038 3425 1070 3498 si
1098 3445 1214 3513 secus,
1243 3444 1347 3515 quam
1374 3422 1451 3515 ipse
1476 3421 1614 3514 praedi-

72 3549 184 3634 xerat,
213 3566 288 3618 rem
315 3545 408 3618 verti
434 3545 666 3638 contingeret,
695 3564 808 3618 versa.
837 3544 942 3619 Feria
968 3544 1090 3633 tertia,
1124 3541 1326 3617 modestiori
1353 3561 1511 3616 sermone
1538 3541 1616 3615 Rex

72 3685 170 3754 usus,
200 3685 278 3738 earn
305 3685 383 3737 cum
409 3663 541 3756 Legato
569 3664 828 3737 conclusionem
861 3668 993 3756 captat:
1027 3668 1068 3736 ut
1094 3662 1167 3735 alia
1193 3663 1230 3734 in
1257 3662 1442 3754 Pyotrlrovv
1467 3681 1530 3752 pro
1559 3680 1611 3735 se·

73 3783 203 3857 decima
231 3783 389 3857 Ianuarii
404 3784 436 3872 4)
468 3783 523 3856 die
557 3789 717 3857 teneatur
748 3784 948 3872 conventio,
982 3784 1161 3875 adquam
1193 3781 1342 3855 Iacobus
1375 3779 1615 3854 cracoviensis

72 3907 213 3976 vocetur
245 3903 429 3995 episcopus
461 3908 496 3975 et
527 3903 791 3975 admimstratcr
822 3924 900 3976 cum
928 3901 1207 3994 capitularibus,
1244 3905 1279 3973 et
1309 3898 1387 3972 illic
1418 3903 1543 3992 agatur
1574 3898 1617 3973 do

72 4043 169 4113 pace3
197 4023 277 4098 Rex
303 4023 444 4096 Interim
459 4021 503 4111 5),
530 4043 620 4095 novo
648 4027 683 4095 et
710 4023 823 4095 veloci
857 4022 981 4095 nuntio
1000 4023 1044 4095 ad
1062 4022 1213 4094 diaetam
1233 4017 1543 4111 Pyotrlrcvieusem
1561 4038 1615 4091 re·

73 4163 230 4232 versure,
258 4143 391 4235 Papam
417 4143 579 4234 precibus
606 4142 806 4231 conveniat,
835 4145 876 4214 ut
903 4141 936 4214 si
962 4139 1082 4214 Iacobi
1101 4139 1255 4231 episcopi
1276 4137 1517 4232 cracoviensis
1534 4157 1614 4228 pro·

74 4261 242 4336 visionem
269 4283 405 4336 cassare
431 4284 500 4333 uon
529 4262 708 4354 dignetur,
737 4262 862 4333 saltem
889 4260 993 4332 illum
1021 4260 1064 4332 ad
1084 4257 1415 4332 Wladislaviensem
1434 4255 1614 4329 transmit-

74 4385 124 4452 tat
137 4381 181 4470 6).
215 4379 417 4453 Familiaris
445 4380 571 4473 Legati
602 4379 772 4452 Nicolaus
804 4378 978 4452 Merbothi
993 4379 1035 4468 ⁷),
1069 4377 1263 4452 canonicus
1294 4374 1614 4464 Wratislavieusis,

75 4519 149 4572 cum
174 4500 285 4593 regiis
313 4503 347 4573 et
372 4499 499 4592 Legati
525 4499 656 4588 literis,
685 4498 951 4572 translationem
977 4497 1180 4570 huiusmodi
1207 4494 1452 4584 suadentibus,
1481 4497 1614 4568 extem·

74 4619 129 4709 plo
160 4620 306 4707 missus,
341 4623 375 4692 et
406 4619 554 4692 Iacobus
587 4617 826 4692 cracoviensis
859 4617 1042 4709 episcopus
1075 4615 1189 4690 literis
1225 4614 1365 4709 Legati,
1398 4615 1479 4688 dato
1511 4612 1544 4687 ei
1577 4611 1616 4686 in

75 4759 178 4829 equos
205 4738 354 4831 triginta
382 4739 480 4811 salve
507 4739 696 4827 conductu,
724 4736 915 4811 accersitus
943 4741 1007 4810 est.

178 5031 203 5111 ¹)
226 5031 265 5092 ad
286 5030 496 5108 pacificandam
518 5027 657 5090 videlieet
678 5019 741 5089 Ed.
764 5023 854 5110 Lipr.
870 5017 907 5107 Ἐ)
929 5047 948 5086 a
970 5024 1114 5088 casImiro
1135 5023 1218 5102 Rege
1239 5018 1303 5085 Ed.
1326 5017 1419 5105 Ia'pa.
1443 5017 1469 5101 ³)
1491 5021 1614 5098 captivi-

76 5137 141 5196 tatis
169 5131 246 5202 ch.
268 5130 378 5195 Przez.
406 5130 432 5212 ⁴)
454 5150 508 5209 pro
530 5131 677 5192 sedecIma
699 5131 747 5190 die
768 5131 879 5198 mensis
900 5129 1030 5189 Ianuarii
1051 5123 1115 5189 Ed.
1139 5124 1229 5208 Lipa.
1260 5124 1286 5205 ³)
1307 5125 1371 5185 Rex
1393 5125 1510 5184 interim
1532 5121 1614 5184 Oasi-

76 5239 161 5298 mirus
183 5233 248 5298 Ed.
270 5233 363 5319 Ilipa.
387 5233 413 5314 ο)
435 5234 617 5296 manutenet.
639 5229 702 5293 Ed.
725 5229 815 5313 [ripe.
841 5227 865 5314 τ)
889 5230 1038 5291 Herborth
1055 5225 1131 5292 coc.
1153 5225 1263 5290 Praee.
1284 5225 1420 5287 Ilerboth
1435 5215 1500 5286 Ed.
1526 5221 1617 5308 Lt'pc.

101 5627 122 5672 J.
134 5626 230 5682 Dlugor.
243 5613 335 5670 litlot.
346 5625 427 5667 Polou.
442 5623 467 5668 r.
481 5622 510 5668 v.
1408 5597 1444 5657 46
