<?xml version="1.0" encoding="UTF-8"?>
<!DOCTYPE html PUBLIC "-//W3C//DTD XHTML 1.0 Transitional//EN"
    "http://www.w3.org/TR/xhtml1/DTD/xhtml1-transitional.dtd">
<html xmlns="http://www.w3.org/1999/xhtml" xml:lang="en" lang="en">
 <head>
  <title>
</title>
<meta http-equiv="Content-Type" content="text/html;charset=utf-8" />
  <meta name='ocr-system' content='tesseract 3.04.00' />
  <meta name='ocr-capabilities' content='ocr_page ocr_carea ocr_par ocr_line ocrx_word'/>
</head>
<body>
  <div class='ocr_page' id='page_1' title='image "./operaomnia06paulgoog_0472.png"; bbox 0 0 4052 6286; ppageno 0'>
   <div class='ocr_carea' id='block_1_1' title="bbox 369 533 1925 634">
    <p class='ocr_par' dir='ltr' id='par_1_1' title="bbox 369 533 1925 634">
     <span class='ocr_line' id='line_1_1' title="bbox 369 533 1925 634; baseline -0.002 -22"><span class='ocrx_word' id='word_1_1' title='bbox 369 538 445 613; x_wconf 86' lang='grc'><strong>460</strong></span> <span class='ocrx_word' id='word_1_2' title='bbox 877 558 990 611; x_wconf 78' lang='grc'><strong>66166</strong></span> <span class='ocrx_word' id='word_1_3' title='bbox 1016 557 1263 610; x_wconf 80' lang='grc'><strong>6666666666</strong></span> <span class='ocrx_word' id='word_1_4' title='bbox 1290 540 1403 628; x_wconf 82' lang='lat' dir='ltr'><strong>(xm).</strong></span> <span class='ocrx_word' id='word_1_5' title='bbox 1637 533 1705 634; x_wconf 86' lang='grc' dir='ltr'><strong>(Α.</strong></span> <span class='ocrx_word' id='word_1_6' title='bbox 1726 535 1773 610; x_wconf 82' lang='lat' dir='ltr'><strong>D.</strong></span> <span class='ocrx_word' id='word_1_7' title='bbox 1795 533 1925 632; x_wconf 78' lang='grc'><strong>1411.)</strong></span> 
     </span>
    </p>
   </div>
   <div class='ocr_carea' id='block_1_2' title="bbox 343 741 1943 4569">
    <p class='ocr_par' dir='ltr' id='par_1_2' title="bbox 343 741 1943 4569">
     <span class='ocr_line' id='line_1_2' title="bbox 370 741 1924 836; baseline -0.001 -18"><span class='ocrx_word' id='word_1_8' title='bbox 370 745 563 834; x_wconf 87' lang='lat' dir='ltr'><strong>abstracta,</strong></span> <span class='ocrx_word' id='word_1_9' title='bbox 592 743 781 818; x_wconf 87' lang='lat' dir='ltr'><strong>Lironicae</strong></span> <span class='ocrx_word' id='word_1_10' title='bbox 807 741 971 836; x_wconf 89' lang='lat' dir='ltr'><strong>Rigonsi,</strong></span> <span class='ocrx_word' id='word_1_11' title='bbox 1000 741 1038 814; x_wconf 90' lang='lat' dir='ltr'><strong>in</strong></span> <span class='ocrx_word' id='word_1_12' title='bbox 1056 761 1171 814; x_wconf 89' lang='lat' dir='ltr'><strong>rerum</strong></span> <span class='ocrx_word' id='word_1_13' title='bbox 1191 744 1332 830; x_wconf 90' lang='lat' dir='ltr'><strong>natura,</strong></span> <span class='ocrx_word' id='word_1_14' title='bbox 1364 743 1446 815; x_wconf 90' lang='lat' dir='ltr'><strong>dum</strong></span> <span class='ocrx_word' id='word_1_15' title='bbox 1466 743 1682 816; x_wconf 82' lang='lat' dir='ltr'><strong>ilhelmeusis</strong></span> <span class='ocrx_word' id='word_1_16' title='bbox 1701 744 1924 829; x_wconf 76' lang='lat' dir='ltr'><strong>fundaretur,</strong></span> 
     </span>
     <span class='ocr_line' id='line_1_3' title="bbox 369 863 1924 958; baseline -0.002 -19"><span class='ocrx_word' id='word_1_17' title='bbox 369 867 523 939; x_wconf 89' lang='lat' dir='ltr'><strong>nondum</strong></span> <span class='ocrx_word' id='word_1_18' title='bbox 551 863 704 952; x_wconf 76' lang='lat' dir='ltr'>extanti,</span> <span class='ocrx_word' id='word_1_19' title='bbox 733 885 794 956; x_wconf 91' lang='lat' dir='ltr'><strong>per</strong></span> <span class='ocrx_word' id='word_1_20' title='bbox 821 863 941 956; x_wconf 88' lang='lat' dir='ltr'><strong>longa,</strong></span> <span class='ocrx_word' id='word_1_21' title='bbox 969 884 1039 935; x_wconf 92' lang='lat' dir='ltr'><strong>uon</strong></span> <span class='ocrx_word' id='word_1_22' title='bbox 1068 868 1238 937; x_wconf 89' lang='lat' dir='ltr'><strong>terrarum</strong></span> <span class='ocrx_word' id='word_1_23' title='bbox 1265 863 1383 951; x_wconf 92' lang='lat' dir='ltr'><strong>modo,</strong></span> <span class='ocrx_word' id='word_1_24' title='bbox 1413 865 1473 937; x_wconf 90' lang='lat' dir='ltr'><strong>sed</strong></span> <span class='ocrx_word' id='word_1_25' title='bbox 1500 870 1536 938; x_wconf 92' lang='lat' dir='ltr'><strong>et</strong></span> <span class='ocrx_word' id='word_1_26' title='bbox 1555 863 1701 938; x_wconf 86' lang='lat' dir='ltr'><strong>marium</strong></span> <span class='ocrx_word' id='word_1_27' title='bbox 1728 864 1924 958; x_wconf 80' lang='grc'><strong>66611661-</strong></span> 
     </span>
     <span class='ocr_line' id='line_1_4' title="bbox 370 983 1927 1077; baseline -0.003 -17"><span class='ocrx_word' id='word_1_28' title='bbox 370 987 613 1060; x_wconf 82' lang='grc'><strong>16616166661.</strong></span> <span class='ocrx_word' id='word_1_29' title='bbox 644 985 718 1077; x_wconf 78' lang='lat' dir='ltr'><strong>Quo</strong></span> <span class='ocrx_word' id='word_1_30' title='bbox 746 983 887 1077; x_wconf 90' lang='lat' dir='ltr'><strong>quidem</strong></span> <span class='ocrx_word' id='word_1_31' title='bbox 919 983 1048 1055; x_wconf 90' lang='lat' dir='ltr'><strong>callido</strong></span> <span class='ocrx_word' id='word_1_32' title='bbox 1075 989 1111 1056; x_wconf 91' lang='lat' dir='ltr'><strong>et</strong></span> <span class='ocrx_word' id='word_1_33' title='bbox 1137 985 1234 1056; x_wconf 82' lang='lat' dir='ltr'><strong>vafro</strong></span> <span class='ocrx_word' id='word_1_34' title='bbox 1268 983 1408 1076; x_wconf 87' lang='lat' dir='ltr'><strong>ingenio</strong></span> <span class='ocrx_word' id='word_1_35' title='bbox 1442 985 1586 1057; x_wconf 81' lang='lat' dir='ltr'><strong>Carolus</strong></span> <span class='ocrx_word' id='word_1_36' title='bbox 1619 991 1767 1076; x_wconf 77' lang='grc'><strong>6666166</strong></span> <span class='ocrx_word' id='word_1_37' title='bbox 1796 986 1927 1058; x_wconf 88' lang='lat' dir='ltr'><strong>Roma·</strong></span> 
     </span>
     <span class='ocr_line' id='line_1_5' title="bbox 369 1103 1926 1200; baseline -0.001 -20"><span class='ocrx_word' id='word_1_38' title='bbox 369 1113 493 1180; x_wconf 89' lang='lat' dir='ltr'><strong>norum</strong></span> <span class='ocrx_word' id='word_1_39' title='bbox 521 1109 716 1200; x_wconf 78' lang='lat' dir='ltr'><strong>Imperator</strong></span> <span class='ocrx_word' id='word_1_40' title='bbox 743 1109 779 1178; x_wconf 92' lang='grc'><strong>61</strong></span> <span class='ocrx_word' id='word_1_41' title='bbox 806 1103 995 1178; x_wconf 88' lang='lat' dir='ltr'><strong>Bohemiae</strong></span> <span class='ocrx_word' id='word_1_42' title='bbox 1027 1104 1105 1176; x_wconf 85' lang='lat' dir='ltr'><strong>Rex</strong></span> <span class='ocrx_word' id='word_1_43' title='bbox 1134 1104 1171 1176; x_wconf 89' lang='lat' dir='ltr'><strong>in</strong></span> <span class='ocrx_word' id='word_1_44' title='bbox 1198 1105 1432 1178; x_wconf 90' lang='lat' dir='ltr'><strong>abstrahenda</strong></span> <span class='ocrx_word' id='word_1_45' title='bbox 1460 1128 1480 1176; x_wconf 90' lang='lat' dir='ltr'><strong>a</strong></span> <span class='ocrx_word' id='word_1_46' title='bbox 1507 1106 1704 1179; x_wconf 77' lang='lat' dir='ltr'><strong>Gnosnensi</strong></span> <span class='ocrx_word' id='word_1_47' title='bbox 1727 1105 1926 1199; x_wconf 77' lang='lat' dir='ltr'><strong>provincia,</strong></span> 
     </span>
     <span class='ocr_line' id='line_1_6' title="bbox 371 1223 1929 1314; baseline -0.002 -13"><span class='ocrx_word' id='word_1_48' title='bbox 371 1227 502 1301; x_wconf 91' lang='lat' dir='ltr'><strong>diocesi</strong></span> <span class='ocrx_word' id='word_1_49' title='bbox 528 1225 833 1314; x_wconf 85' lang='lat' dir='ltr'><strong>Wratislaviensi‚</strong></span> <span class='ocrx_word' id='word_1_50' title='bbox 861 1229 902 1296; x_wconf 91' lang='grc'><strong>61</strong></span> <span class='ocrx_word' id='word_1_51' title='bbox 928 1223 1095 1296; x_wconf 75' lang='lat' dir='ltr'><strong>diocesim</strong></span> <span class='ocrx_word' id='word_1_52' title='bbox 1122 1223 1224 1296; x_wconf 88' lang='lat' dir='ltr'><strong>iuxta</strong></span> <span class='ocrx_word' id='word_1_53' title='bbox 1252 1246 1291 1298; x_wconf 94' lang='lat' dir='ltr'><strong>ac</strong></span> <span class='ocrx_word' id='word_1_54' title='bbox 1319 1224 1513 1297; x_wconf 91' lang='lat' dir='ltr'><strong>dominium</strong></span> <span class='ocrx_word' id='word_1_55' title='bbox 1541 1225 1783 1312; x_wconf 77' lang='lat' dir='ltr'><strong>abstraxerat,</strong></span> <span class='ocrx_word' id='word_1_56' title='bbox 1813 1223 1868 1296; x_wconf 85' lang='lat' dir='ltr'><strong>ita</strong></span> <span class='ocrx_word' id='word_1_57' title='bbox 1895 1235 1929 1298; x_wconf 90' lang='grc'><strong>61</strong></span> 
     </span>
     <span class='ocr_line' id='line_1_7' title="bbox 373 1343 1929 1441; baseline -0.003 -19"><span class='ocrx_word' id='word_1_58' title='bbox 373 1347 628 1441; x_wconf 89' lang='lat' dir='ltr'><strong>appropriando</strong></span> <span class='ocrx_word' id='word_1_59' title='bbox 646 1367 737 1419; x_wconf 86' lang='lat' dir='ltr'><strong>novo</strong></span> <span class='ocrx_word' id='word_1_60' title='bbox 760 1343 1077 1437; x_wconf 88' lang='lat' dir='ltr'><strong>archiepiscopatui</strong></span> <span class='ocrx_word' id='word_1_61' title='bbox 1096 1345 1266 1436; x_wconf 89' lang='lat' dir='ltr'><strong>Prageusi</strong></span> <span class='ocrx_word' id='word_1_62' title='bbox 1286 1345 1325 1433; x_wconf 87' lang='lat'><strong>¹),</strong></span> <span class='ocrx_word' id='word_1_63' title='bbox 1354 1345 1408 1417; x_wconf 90' lang='lat' dir='ltr'><strong>uti</strong></span> <span class='ocrx_word' id='word_1_64' title='bbox 1427 1347 1529 1437; x_wconf 86' lang='lat' dir='ltr'><strong>quasi</strong></span> <span class='ocrx_word' id='word_1_65' title='bbox 1548 1346 1697 1438; x_wconf 88' lang='lat' dir='ltr'><strong>quodam</strong></span> <span class='ocrx_word' id='word_1_66' title='bbox 1717 1367 1811 1419; x_wconf 85' lang='lat' dir='ltr'><strong>novo</strong></span> <span class='ocrx_word' id='word_1_67' title='bbox 1830 1366 1929 1436; x_wconf 82' lang='lat' dir='ltr'><strong>prse-</strong></span> 
     </span>
     <span class='ocr_line' id='line_1_8' title="bbox 375 1464 1930 1561; baseline -0.002 -20"><span class='ocrx_word' id='word_1_68' title='bbox 375 1467 481 1561; x_wconf 86' lang='lat' dir='ltr'><strong>stigio</strong></span> <span class='ocrx_word' id='word_1_69' title='bbox 509 1467 609 1539; x_wconf 83' lang='lat' dir='ltr'><strong>uisus</strong></span> <span class='ocrx_word' id='word_1_70' title='bbox 636 1472 706 1554; x_wconf 90' lang='grc'><strong>661,</strong></span> <span class='ocrx_word' id='word_1_71' title='bbox 735 1466 803 1538; x_wconf 89' lang='grc'><strong>6161</strong></span> <span class='ocrx_word' id='word_1_72' title='bbox 832 1465 908 1538; x_wconf 91' lang='grc'><strong>6166</strong></span> <span class='ocrx_word' id='word_1_73' title='bbox 936 1464 1135 1538; x_wconf 87' lang='lat' dir='ltr'><strong>molitiones</strong></span> <span class='ocrx_word' id='word_1_74' title='bbox 1158 1465 1333 1538; x_wconf 87' lang='lat' dir='ltr'><strong>Kaaimiri</strong></span> <span class='ocrx_word' id='word_1_75' title='bbox 1352 1465 1495 1539; x_wconf 90' lang='lat' dir='ltr'><strong>secundi</strong></span> <span class='ocrx_word' id='word_1_76' title='bbox 1513 1466 1681 1540; x_wconf 90' lang='lat' dir='ltr'><strong>Poloniae</strong></span> <span class='ocrx_word' id='word_1_77' title='bbox 1700 1467 1814 1560; x_wconf 85' lang='lat' dir='ltr'><strong>Regis</strong></span> <span class='ocrx_word' id='word_1_78' title='bbox 1833 1487 1930 1538; x_wconf 89' lang='lat' dir='ltr'><strong>scru-</strong></span> 
     </span>
     <span class='ocr_line' id='line_1_9' title="bbox 374 1585 1930 1682; baseline -0.002 -21"><span class='ocrx_word' id='word_1_79' title='bbox 374 1590 500 1682; x_wconf 91' lang='lat' dir='ltr'><strong>pulosa</strong></span> <span class='ocrx_word' id='word_1_80' title='bbox 527 1609 610 1661; x_wconf 89' lang='lat' dir='ltr'><strong>cura</strong></span> <span class='ocrx_word' id='word_1_81' title='bbox 636 1585 875 1678; x_wconf 85' lang='lat' dir='ltr'><strong>repressisset.</strong></span> <span class='ocrx_word' id='word_1_82' title='bbox 909 1586 1060 1662; x_wconf 77' lang='lat' dir='ltr'><strong>donatus</strong></span> <span class='ocrx_word' id='word_1_83' title='bbox 1089 1591 1142 1658; x_wconf 89' lang='lat' dir='ltr'><strong>est</strong></span> <span class='ocrx_word' id='word_1_84' title='bbox 1169 1586 1313 1678; x_wconf 91' lang='lat' dir='ltr'><strong>insuper</strong></span> <span class='ocrx_word' id='word_1_85' title='bbox 1344 1586 1513 1680; x_wconf 81' lang='lat' dir='ltr'><strong>Magister</strong></span> <span class='ocrx_word' id='word_1_86' title='bbox 1527 1586 1558 1677; x_wconf 80' lang='lat'><strong>²)</strong></span> <span class='ocrx_word' id='word_1_87' title='bbox 1592 1594 1626 1660; x_wconf 94' lang='grc'><strong>61</strong></span> <span class='ocrx_word' id='word_1_88' title='bbox 1654 1587 1746 1660; x_wconf 88' lang='lat' dir='ltr'><strong>Ordo</strong></span> <span class='ocrx_word' id='word_1_89' title='bbox 1775 1585 1930 1660; x_wconf 81' lang='lat' dir='ltr'><strong>Gracile·</strong></span> 
     </span>
     <span class='ocr_line' id='line_1_10' title="bbox 374 1705 1931 1794; baseline -0.002 -11"><span class='ocrx_word' id='word_1_90' title='bbox 374 1709 470 1783; x_wconf 77' lang='grc'><strong>61666</strong></span> <span class='ocrx_word' id='word_1_91' title='bbox 498 1707 642 1782; x_wconf 90' lang='lat' dir='ltr'><strong>Douarii</strong></span> <span class='ocrx_word' id='word_1_92' title='bbox 670 1707 791 1781; x_wconf 86' lang='lat' dir='ltr'><strong>Sancti</strong></span> <span class='ocrx_word' id='word_1_93' title='bbox 818 1706 917 1780; x_wconf 89' lang='lat' dir='ltr'><strong>Petri</strong></span> <span class='ocrx_word' id='word_1_94' title='bbox 944 1705 981 1777; x_wconf 94' lang='lat' dir='ltr'><strong>in</strong></span> <span class='ocrx_word' id='word_1_95' title='bbox 1009 1705 1138 1778; x_wconf 82' lang='lat' dir='ltr'><strong>diocesi</strong></span> <span class='ocrx_word' id='word_1_96' title='bbox 1166 1707 1364 1780; x_wconf 79' lang='lat' dir='ltr'><strong>(lhelmensi</strong></span> <span class='ocrx_word' id='word_1_97' title='bbox 1392 1712 1567 1780; x_wconf 88' lang='lat' dir='ltr'><strong>vetustam</strong></span> <span class='ocrx_word' id='word_1_98' title='bbox 1591 1707 1846 1794; x_wconf 84' lang='lat' dir='ltr'><strong>redditionem,</strong></span> <span class='ocrx_word' id='word_1_99' title='bbox 1876 1727 1931 1780; x_wconf 82' lang='lat' dir='ltr'><strong>ne</strong></span> 
     </span>
     <span class='ocr_line' id='line_1_11' title="bbox 375 1826 1935 1923; baseline -0.001 -22"><span class='ocrx_word' id='word_1_100' title='bbox 375 1834 458 1923; x_wconf 90' lang='lat' dir='ltr'><strong>gata</strong></span> <span class='ocrx_word' id='word_1_101' title='bbox 484 1850 547 1921; x_wconf 88' lang='lat' dir='ltr'><strong>per</strong></span> <span class='ocrx_word' id='word_1_102' title='bbox 573 1851 681 1902; x_wconf 89' lang='lat' dir='ltr'><strong>annos</strong></span> <span class='ocrx_word' id='word_1_103' title='bbox 719 1826 982 1920; x_wconf 90' lang='lat' dir='ltr'><strong>quatuordecim</strong></span> <span class='ocrx_word' id='word_1_104' title='bbox 1014 1826 1098 1900; x_wconf 86' lang='lat' dir='ltr'><strong>Sodi</strong></span> <span class='ocrx_word' id='word_1_105' title='bbox 1129 1827 1355 1918; x_wconf 83' lang='lat' dir='ltr'><strong>Apostolicae</strong></span> <span class='ocrx_word' id='word_1_106' title='bbox 1392 1827 1511 1900; x_wconf 91' lang='lat' dir='ltr'><strong>debita</strong></span> <span class='ocrx_word' id='word_1_107' title='bbox 1546 1828 1623 1901; x_wconf 91' lang='lat' dir='ltr'><strong>eins</strong></span> <span class='ocrx_word' id='word_1_108' title='bbox 1664 1828 1864 1915; x_wconf 90' lang='lat' dir='ltr'><strong>solutione,</strong></span> <span class='ocrx_word' id='word_1_109' title='bbox 1901 1835 1935 1900; x_wconf 91' lang='lat' dir='ltr'><strong>ot</strong></span> 
     </span>
     <span class='ocr_line' id='line_1_12' title="bbox 376 1947 1936 2041; baseline -0.002 -18"><span class='ocrx_word' id='word_1_110' title='bbox 376 1950 557 2023; x_wconf 88' lang='lat' dir='ltr'><strong>tolerando</strong></span> <span class='ocrx_word' id='word_1_111' title='bbox 584 1949 732 2022; x_wconf 89' lang='lat' dir='ltr'><strong>totidem</strong></span> <span class='ocrx_word' id='word_1_112' title='bbox 760 1947 861 2020; x_wconf 88' lang='lat' dir='ltr'><strong>aunis</strong></span> <span class='ocrx_word' id='word_1_113' title='bbox 889 1968 1071 2036; x_wconf 87' lang='lat' dir='ltr'><strong>censuras,</strong></span> <span class='ocrx_word' id='word_1_114' title='bbox 1101 1947 1323 2040; x_wconf 84' lang='lat' dir='ltr'><strong>extinguere,</strong></span> <span class='ocrx_word' id='word_1_115' title='bbox 1352 1948 1408 2020; x_wconf 92' lang='grc'><strong>166</strong></span> <span class='ocrx_word' id='word_1_116' title='bbox 1436 1953 1539 2020; x_wconf 86' lang='lat' dir='ltr'><strong>vetus</strong></span> <span class='ocrx_word' id='word_1_117' title='bbox 1562 1955 1598 2022; x_wconf 93' lang='grc'><strong>61</strong></span> <span class='ocrx_word' id='word_1_118' title='bbox 1616 1947 1814 2041; x_wconf 87' lang='lat' dir='ltr'><strong>liquidum,</strong></span> <span class='ocrx_word' id='word_1_119' title='bbox 1844 1949 1936 2039; x_wconf 86' lang='lat' dir='ltr'><strong>quod</strong></span> 
     </span>
     <span class='ocr_line' id='line_1_13' title="bbox 378 2067 1935 2164; baseline -0.002 -21"><span class='ocrx_word' id='word_1_120' title='bbox 378 2077 489 2144; x_wconf 89' lang='lat' dir='ltr'><strong>terras</strong></span> <span class='ocrx_word' id='word_1_121' title='bbox 517 2074 552 2142; x_wconf 92' lang='grc'><strong>61</strong></span> <span class='ocrx_word' id='word_1_122' title='bbox 578 2069 738 2164; x_wconf 83' lang='lat' dir='ltr'><strong>regiones</strong></span> <span class='ocrx_word' id='word_1_123' title='bbox 766 2067 880 2160; x_wconf 88' lang='lat' dir='ltr'><strong>Regni</strong></span> <span class='ocrx_word' id='word_1_124' title='bbox 907 2067 1091 2156; x_wconf 90' lang='lat' dir='ltr'><strong>Poloniae,</strong></span> <span class='ocrx_word' id='word_1_125' title='bbox 1122 2067 1259 2159; x_wconf 88' lang='lat' dir='ltr'><strong>quoties</strong></span> <span class='ocrx_word' id='word_1_126' title='bbox 1277 2073 1510 2160; x_wconf 89' lang='lat' dir='ltr'><strong>usurpantur,</strong></span> <span class='ocrx_word' id='word_1_127' title='bbox 1540 2069 1672 2142; x_wconf 89' lang='lat' dir='ltr'><strong>iniuste</strong></span> <span class='ocrx_word' id='word_1_128' title='bbox 1691 2068 1848 2144; x_wconf 89' lang='lat' dir='ltr'><strong>detineri</strong></span> <span class='ocrx_word' id='word_1_129' title='bbox 1868 2069 1935 2142; x_wconf 87' lang='lat' dir='ltr'><strong>cla·</strong></span> 
     </span>
     <span class='ocr_line' id='line_1_14' title="bbox 379 2187 1937 2282; baseline -0.002 -18"><span class='ocrx_word' id='word_1_130' title='bbox 379 2189 499 2276; x_wconf 90' lang='lat' dir='ltr'><strong>mitat,</strong></span> <span class='ocrx_word' id='word_1_131' title='bbox 534 2188 769 2263; x_wconf 90' lang='lat' dir='ltr'><strong>obseuraturi:</strong></span> <span class='ocrx_word' id='word_1_132' title='bbox 804 2187 1092 2261; x_wconf 85' lang='lat' dir='ltr'><strong>existimantibus</strong></span> <span class='ocrx_word' id='word_1_133' title='bbox 1125 2187 1265 2261; x_wconf 90' lang='lat' dir='ltr'><strong>callidis</strong></span> <span class='ocrx_word' id='word_1_134' title='bbox 1298 2189 1569 2278; x_wconf 90' lang='lat' dir='ltr'><strong>coniectoribus,</strong></span> <span class='ocrx_word' id='word_1_135' title='bbox 1604 2190 1697 2282; x_wconf 89' lang='lat' dir='ltr'><strong>quod</strong></span> <span class='ocrx_word' id='word_1_136' title='bbox 1724 2190 1784 2262; x_wconf 91' lang='lat' dir='ltr'><strong>ius</strong></span> <span class='ocrx_word' id='word_1_137' title='bbox 1815 2191 1937 2281; x_wconf 85' lang='lat' dir='ltr'><strong>Regno</strong></span> 
     </span>
     <span class='ocr_line' id='line_1_15' title="bbox 380 2309 1938 2404; baseline -0.002 -20"><span class='ocrx_word' id='word_1_138' title='bbox 380 2310 546 2384; x_wconf 90' lang='lat' dir='ltr'><strong>Polouico</strong></span> <span class='ocrx_word' id='word_1_139' title='bbox 576 2315 611 2383; x_wconf 91' lang='grc'><strong>61</strong></span> <span class='ocrx_word' id='word_1_140' title='bbox 637 2309 837 2404; x_wconf 79' lang='lat' dir='ltr'><strong>prouinciae</strong></span> <span class='ocrx_word' id='word_1_141' title='bbox 865 2309 1061 2384; x_wconf 80' lang='lat' dir='ltr'><strong>Gnesneuei</strong></span> <span class='ocrx_word' id='word_1_142' title='bbox 1088 2309 1125 2380; x_wconf 88' lang='lat' dir='ltr'><strong>in</strong></span> <span class='ocrx_word' id='word_1_143' title='bbox 1153 2315 1247 2381; x_wconf 91' lang='lat' dir='ltr'><strong>terra</strong></span> <span class='ocrx_word' id='word_1_144' title='bbox 1274 2313 1309 2382; x_wconf 90' lang='lat' dir='ltr'><strong>ct</strong></span> <span class='ocrx_word' id='word_1_145' title='bbox 1336 2310 1484 2384; x_wconf 88' lang='lat' dir='ltr'><strong>ecclesia</strong></span> <span class='ocrx_word' id='word_1_146' title='bbox 1502 2310 1700 2384; x_wconf 80' lang='grc'><strong>1116166661</strong></span> <span class='ocrx_word' id='word_1_147' title='bbox 1721 2317 1938 2403; x_wconf 87' lang='lat' dir='ltr'><strong>competens,</strong></span> 
     </span>
     <span class='ocr_line' id='line_1_16' title="bbox 381 2429 1939 2525; baseline -0.002 -20"><span class='ocrx_word' id='word_1_148' title='bbox 381 2436 435 2505; x_wconf 90' lang='lat' dir='ltr'><strong>tot</strong></span> <span class='ocrx_word' id='word_1_149' title='bbox 461 2430 641 2523; x_wconf 89' lang='lat' dir='ltr'><strong>tantisque</strong></span> <span class='ocrx_word' id='word_1_150' title='bbox 668 2429 993 2504; x_wconf 89' lang='lat' dir='ltr'><strong>adumbrationibus</strong></span> <span class='ocrx_word' id='word_1_151' title='bbox 1021 2431 1146 2504; x_wconf 90' lang='lat' dir='ltr'><strong>tollere</strong></span> <span class='ocrx_word' id='word_1_152' title='bbox 1166 2435 1202 2502; x_wconf 91' lang='grc'><strong>61</strong></span> <span class='ocrx_word' id='word_1_153' title='bbox 1219 2435 1388 2522; x_wconf 89' lang='lat' dir='ltr'><strong>perpetuo</strong></span> <span class='ocrx_word' id='word_1_154' title='bbox 1415 2431 1602 2505; x_wconf 89' lang='lat' dir='ltr'><strong>obliterare</strong></span> <span class='ocrx_word' id='word_1_155' title='bbox 1620 2430 1841 2525; x_wconf 86' lang='lat' dir='ltr'><strong>potuissent.</strong></span> <span class='ocrx_word' id='word_1_156' title='bbox 1872 2431 1939 2503; x_wconf 84' lang='grc'><strong>1116</strong></span> 
     </span>
     <span class='ocr_line' id='line_1_17' title="bbox 382 2549 1939 2645; baseline -0.001 -20"><span class='ocrx_word' id='word_1_157' title='bbox 382 2574 520 2645; x_wconf 83' lang='lat' dir='ltr'><strong>quoque</strong></span> <span class='ocrx_word' id='word_1_158' title='bbox 547 2551 619 2640; x_wconf 92' lang='lat' dir='ltr'><strong>die,</strong></span> <span class='ocrx_word' id='word_1_159' title='bbox 647 2552 769 2625; x_wconf 88' lang='lat' dir='ltr'><strong>beatae</strong></span> <span class='ocrx_word' id='word_1_160' title='bbox 797 2549 972 2644; x_wconf 90' lang='lat' dir='ltr'><strong>Brigittae</strong></span> <span class='ocrx_word' id='word_1_161' title='bbox 1000 2550 1138 2624; x_wconf 87' lang='lat' dir='ltr'><strong>Scotiae</strong></span> <span class='ocrx_word' id='word_1_162' title='bbox 1165 2551 1322 2644; x_wconf 86' lang='lat' dir='ltr'><strong>Reginae</strong></span> <span class='ocrx_word' id='word_1_163' title='bbox 1338 2549 1368 2639; x_wconf 81' lang='grc'><strong>3)</strong></span> <span class='ocrx_word' id='word_1_164' title='bbox 1397 2552 1537 2625; x_wconf 90' lang='lat' dir='ltr'><strong>oracula</strong></span> <span class='ocrx_word' id='word_1_165' title='bbox 1563 2552 1601 2624; x_wconf 91' lang='lat' dir='ltr'><strong>in</strong></span> <span class='ocrx_word' id='word_1_166' title='bbox 1629 2553 1784 2626; x_wconf 91' lang='grc'><strong>6666616</strong></span> <span class='ocrx_word' id='word_1_167' title='bbox 1804 2552 1939 2625; x_wconf 80' lang='lat' dir='ltr'><strong>reuela-</strong></span> 
     </span>
     <span class='ocr_line' id='line_1_18' title="bbox 383 2671 1940 2764; baseline -0.001 -18"><span class='ocrx_word' id='word_1_168' title='bbox 383 2673 518 2746; x_wconf 89' lang='lat' dir='ltr'><strong>tionum</strong></span> <span class='ocrx_word' id='word_1_169' title='bbox 547 2671 653 2760; x_wconf 93' lang='lat' dir='ltr'><strong>libro,</strong></span> <span class='ocrx_word' id='word_1_170' title='bbox 688 2671 843 2764; x_wconf 92' lang='lat' dir='ltr'><strong>capitulo</strong></span> <span class='ocrx_word' id='word_1_171' title='bbox 871 2671 1004 2745; x_wconf 89' lang='lat' dir='ltr'><strong>decimo</strong></span> <span class='ocrx_word' id='word_1_172' title='bbox 1035 2693 1126 2745; x_wconf 92' lang='lat' dir='ltr'><strong>nono</strong></span> <span class='ocrx_word' id='word_1_173' title='bbox 1159 2693 1282 2744; x_wconf 86' lang='lat' dir='ltr'><strong>versus</strong></span> <span class='ocrx_word' id='word_1_174' title='bbox 1315 2675 1435 2760; x_wconf 88' lang='lat' dir='ltr'><strong>finem,</strong></span> <span class='ocrx_word' id='word_1_175' title='bbox 1469 2677 1607 2745; x_wconf 90' lang='grc'><strong>6666161</strong></span> <span class='ocrx_word' id='word_1_176' title='bbox 1635 2673 1821 2747; x_wconf 82' lang='lat' dir='ltr'><strong>verificata</strong></span> <span class='ocrx_word' id='word_1_177' title='bbox 1848 2694 1940 2746; x_wconf 84' lang='lat' dir='ltr'><strong>esee:</strong></span> 
     </span>
     <span class='ocr_line' id='line_1_19' title="bbox 384 2791 1940 2887; baseline -0.001 -21"><span class='ocrx_word' id='word_1_178' title='bbox 384 2815 531 2887; x_wconf 82' lang='lat' dir='ltr'><strong>quorum</strong></span> <span class='ocrx_word' id='word_1_179' title='bbox 559 2797 594 2865; x_wconf 90' lang='grc'><strong>61</strong></span> <span class='ocrx_word' id='word_1_180' title='bbox 621 2792 801 2883; x_wconf 89' lang='lat' dir='ltr'><strong>exemplar</strong></span> <span class='ocrx_word' id='word_1_181' title='bbox 828 2791 1079 2866; x_wconf 78' lang='lat' dir='ltr'><strong>subnectimus.</strong></span> <span class='ocrx_word' id='word_1_182' title='bbox 1114 2792 1281 2882; x_wconf 87' lang='lat' dir='ltr'><strong>,Ostendi</strong></span> <span class='ocrx_word' id='word_1_183' title='bbox 1309 2792 1376 2866; x_wconf 92' lang='lat' dir='ltr'><strong>tibi</strong></span> <span class='ocrx_word' id='word_1_184' title='bbox 1403 2815 1510 2885; x_wconf 90' lang='lat' dir='ltr'><strong>snpra</strong></span> <span class='ocrx_word' id='word_1_185' title='bbox 1532 2794 1574 2866; x_wconf 94' lang='lat' dir='ltr'><strong>de</strong></span> <span class='ocrx_word' id='word_1_186' title='bbox 1593 2794 1736 2886; x_wconf 88' lang='lat' dir='ltr'><strong>apibus,</strong></span> <span class='ocrx_word' id='word_1_187' title='bbox 1766 2815 1864 2885; x_wconf 87' lang='lat' dir='ltr'><strong>quae</strong></span> <span class='ocrx_word' id='word_1_188' title='bbox 1882 2794 1940 2864; x_wconf 79' lang='lat' dir='ltr'><strong>ba</strong></span> 
     </span>
     <span class='ocr_line' id='line_1_20' title="bbox 390 2911 1940 3006; baseline -0.001 -18"><span class='ocrx_word' id='word_1_189' title='bbox 390 2915 495 3006; x_wconf 87' lang='lat' dir='ltr'><strong>,bont</strong></span> <span class='ocrx_word' id='word_1_190' title='bbox 522 2912 653 3004; x_wconf 88' lang='lat' dir='ltr'><strong>triplex</strong></span> <span class='ocrx_word' id='word_1_191' title='bbox 680 2912 810 2986; x_wconf 92' lang='lat' dir='ltr'><strong>bonum</strong></span> <span class='ocrx_word' id='word_1_192' title='bbox 836 2911 878 2985; x_wconf 92' lang='lat' dir='ltr'><strong>de</strong></span> <span class='ocrx_word' id='word_1_193' title='bbox 906 2911 1060 3004; x_wconf 88' lang='lat' dir='ltr'><strong>apiastro</strong></span> <span class='ocrx_word' id='word_1_194' title='bbox 1089 2934 1169 3001; x_wconf 90' lang='lat' dir='ltr'><strong>suo;</strong></span> <span class='ocrx_word' id='word_1_195' title='bbox 1198 2913 1275 2986; x_wconf 92' lang='lat' dir='ltr'><strong>dico</strong></span> <span class='ocrx_word' id='word_1_196' title='bbox 1303 2913 1369 2986; x_wconf 93' lang='lat' dir='ltr'><strong>tibi</strong></span> <span class='ocrx_word' id='word_1_197' title='bbox 1396 2936 1505 3002; x_wconf 88' lang='lat' dir='ltr'><strong>nunc,</strong></span> <span class='ocrx_word' id='word_1_198' title='bbox 1535 2915 1627 3005; x_wconf 87' lang='lat' dir='ltr'><strong>quod</strong></span> <span class='ocrx_word' id='word_1_199' title='bbox 1655 2915 1745 2987; x_wconf 92' lang='lat' dir='ltr'><strong>tales</strong></span> <span class='ocrx_word' id='word_1_200' title='bbox 1773 2913 1940 3004; x_wconf 82' lang='grc'><strong>666616-</strong></span> 
     </span>
     <span class='ocr_line' id='line_1_21' title="bbox 391 3031 1942 3126; baseline -0.001 -17"><span class='ocrx_word' id='word_1_201' title='bbox 391 3036 532 3125; x_wconf 92' lang='lat' dir='ltr'><strong>,berent</strong></span> <span class='ocrx_word' id='word_1_202' title='bbox 559 3053 635 3107; x_wconf 93' lang='grc'><strong>6666</strong></span> <span class='ocrx_word' id='word_1_203' title='bbox 663 3031 720 3106; x_wconf 93' lang='lat' dir='ltr'><strong>illi</strong></span> <span class='ocrx_word' id='word_1_204' title='bbox 747 3031 932 3121; x_wconf 69' lang='lat' dir='ltr'><strong>(trucidari,</strong></span> <span class='ocrx_word' id='word_1_205' title='bbox 966 3054 1053 3125; x_wconf 84' lang='lat' dir='ltr'><strong>quos</strong></span> <span class='ocrx_word' id='word_1_206' title='bbox 1081 3033 1119 3105; x_wconf 91' lang='lat' dir='ltr'><strong>in</strong></span> <span class='ocrx_word' id='word_1_207' title='bbox 1146 3033 1220 3105; x_wconf 91' lang='lat' dir='ltr'><strong>illis</strong></span> <span class='ocrx_word' id='word_1_208' title='bbox 1247 3033 1377 3107; x_wconf 89' lang='lat' dir='ltr'><strong>finibus</strong></span> <span class='ocrx_word' id='word_1_209' title='bbox 1405 3031 1690 3107; x_wconf 81' lang='lat' dir='ltr'><strong>Christianorum</strong></span> <span class='ocrx_word' id='word_1_210' title='bbox 1722 3035 1850 3126; x_wconf 82' lang='lat' dir='ltr'><strong>posui3</strong></span> <span class='ocrx_word' id='word_1_211' title='bbox 1885 3034 1942 3107; x_wconf 90' lang='grc'><strong>661</strong></span> 
     </span>
     <span class='ocr_line' id='line_1_22' title="bbox 391 3153 1942 3247; baseline -0.001 -19"><span class='ocrx_word' id='word_1_212' title='bbox 391 3154 483 3246; x_wconf 88' lang='grc'><strong>,166</strong></span> <span class='ocrx_word' id='word_1_213' title='bbox 511 3157 669 3247; x_wconf 88' lang='lat' dir='ltr'><strong>pugnant</strong></span> <span class='ocrx_word' id='word_1_214' title='bbox 696 3156 817 3226; x_wconf 91' lang='lat' dir='ltr'><strong>contra</strong></span> <span class='ocrx_word' id='word_1_215' title='bbox 844 3173 913 3226; x_wconf 91' lang='lat' dir='ltr'><strong>me:</strong></span> <span class='ocrx_word' id='word_1_216' title='bbox 942 3175 1022 3226; x_wconf 89' lang='lat' dir='ltr'><strong>nam</strong></span> <span class='ocrx_word' id='word_1_217' title='bbox 1049 3153 1092 3226; x_wconf 94' lang='grc'><strong>16</strong></span> <span class='ocrx_word' id='word_1_218' title='bbox 1119 3153 1305 3226; x_wconf 89' lang='lat' dir='ltr'><strong>animabus</strong></span> <span class='ocrx_word' id='word_1_219' title='bbox 1323 3175 1393 3226; x_wconf 91' lang='lat' dir='ltr'><strong>nou</strong></span> <span class='ocrx_word' id='word_1_220' title='bbox 1411 3159 1551 3243; x_wconf 91' lang='lat' dir='ltr'><strong>curant,</strong></span> <span class='ocrx_word' id='word_1_221' title='bbox 1580 3177 1651 3228; x_wconf 91' lang='lat' dir='ltr'><strong>nou</strong></span> <span class='ocrx_word' id='word_1_222' title='bbox 1675 3155 1942 3246; x_wconf 88' lang='lat' dir='ltr'><strong>compatiuntur</strong></span> 
     </span>
     <span class='ocr_line' id='line_1_23' title="bbox 391 3272 1940 3368; baseline -0.002 -18"><span class='ocrx_word' id='word_1_223' title='bbox 391 3272 615 3368; x_wconf 88' lang='lat' dir='ltr'><strong>,corporibus</strong></span> <span class='ocrx_word' id='word_1_224' title='bbox 642 3292 888 3347; x_wconf 83' lang='lat' dir='ltr'><strong>conversorum</strong></span> <span class='ocrx_word' id='word_1_225' title='bbox 915 3273 959 3346; x_wconf 89' lang='lat' dir='ltr'><strong>ad</strong></span> <span class='ocrx_word' id='word_1_226' title='bbox 986 3273 1090 3347; x_wconf 89' lang='lat' dir='ltr'><strong>fidem</strong></span> <span class='ocrx_word' id='word_1_227' title='bbox 1118 3275 1342 3364; x_wconf 88' lang='lat' dir='ltr'><strong>catholicam,</strong></span> <span class='ocrx_word' id='word_1_228' title='bbox 1372 3279 1407 3348; x_wconf 92' lang='grc'><strong>61</strong></span> <span class='ocrx_word' id='word_1_229' title='bbox 1434 3276 1478 3347; x_wconf 90' lang='grc'><strong>61</strong></span> <span class='ocrx_word' id='word_1_230' title='bbox 1506 3296 1560 3348; x_wconf 89' lang='grc'><strong>66</strong></span> <span class='ocrx_word' id='word_1_231' title='bbox 1587 3275 1630 3348; x_wconf 88' lang='grc'><strong>16</strong></span> <span class='ocrx_word' id='word_1_232' title='bbox 1654 3295 1785 3348; x_wconf 91' lang='lat' dir='ltr'><strong>errore.</strong></span> <span class='ocrx_word' id='word_1_233' title='bbox 1816 3275 1940 3367; x_wconf 86' lang='lat' dir='ltr'><strong>Oppri-</strong></span> 
     </span>
     <span class='ocr_line' id='line_1_24' title="bbox 393 3393 1940 3486; baseline -0.001 -18"><span class='ocrx_word' id='word_1_234' title='bbox 393 3401 514 3486; x_wconf 90' lang='lat' dir='ltr'><strong>,muut</strong></span> <span class='ocrx_word' id='word_1_235' title='bbox 540 3393 634 3467; x_wconf 91' lang='lat' dir='ltr'><strong>onim</strong></span> <span class='ocrx_word' id='word_1_236' title='bbox 661 3414 719 3467; x_wconf 90' lang='lat' dir='ltr'><strong>eos</strong></span> <span class='ocrx_word' id='word_1_237' title='bbox 746 3394 942 3482; x_wconf 89' lang='lat' dir='ltr'><strong>laboribus,</strong></span> <span class='ocrx_word' id='word_1_238' title='bbox 971 3393 1113 3485; x_wconf 82' lang='lat' dir='ltr'><strong>privant</strong></span> <span class='ocrx_word' id='word_1_239' title='bbox 1140 3394 1383 3483; x_wconf 86' lang='lat' dir='ltr'><strong>libertatibus,</strong></span> <span class='ocrx_word' id='word_1_240' title='bbox 1412 3395 1448 3467; x_wconf 90' lang='grc'><strong>16</strong></span> <span class='ocrx_word' id='word_1_241' title='bbox 1477 3395 1544 3467; x_wconf 87' lang='grc'><strong>116</strong></span> <span class='ocrx_word' id='word_1_242' title='bbox 1571 3417 1630 3468; x_wconf 91' lang='grc'><strong>666</strong></span> <span class='ocrx_word' id='word_1_243' title='bbox 1654 3417 1724 3466; x_wconf 91' lang='grc'><strong>666</strong></span> <span class='ocrx_word' id='word_1_244' title='bbox 1744 3394 1940 3482; x_wconf 81' lang='lat' dir='ltr'><strong>instruunt,</strong></span> 
     </span>
     <span class='ocr_line' id='line_1_25' title="bbox 393 3511 1941 3608; baseline -0.001 -19"><span class='ocrx_word' id='word_1_245' title='bbox 393 3511 650 3606; x_wconf 85' lang='lat' dir='ltr'><strong>,Sacrumeutie</strong></span> <span class='ocrx_word' id='word_1_246' title='bbox 677 3513 837 3605; x_wconf 81' lang='lat' dir='ltr'><strong>privant,</strong></span> <span class='ocrx_word' id='word_1_247' title='bbox 866 3518 901 3587; x_wconf 94' lang='lat' dir='ltr'><strong>et</strong></span> <span class='ocrx_word' id='word_1_248' title='bbox 929 3535 1008 3586; x_wconf 90' lang='lat' dir='ltr'><strong>oum</strong></span> <span class='ocrx_word' id='word_1_249' title='bbox 1026 3513 1149 3586; x_wconf 89' lang='lat' dir='ltr'><strong>maiori</strong></span> <span class='ocrx_word' id='word_1_250' title='bbox 1167 3515 1286 3588; x_wconf 91' lang='lat' dir='ltr'><strong>dolore</strong></span> <span class='ocrx_word' id='word_1_251' title='bbox 1305 3515 1452 3587; x_wconf 90' lang='lat' dir='ltr'><strong>mittunt</strong></span> <span class='ocrx_word' id='word_1_252' title='bbox 1471 3537 1530 3587; x_wconf 92' lang='lat' dir='ltr'><strong>cos</strong></span> <span class='ocrx_word' id='word_1_253' title='bbox 1550 3517 1593 3587; x_wconf 90' lang='lat' dir='ltr'><strong>ad</strong></span> <span class='ocrx_word' id='word_1_254' title='bbox 1612 3515 1810 3604; x_wconf 85' lang='lat' dir='ltr'><strong>infernum,</strong></span> <span class='ocrx_word' id='word_1_255' title='bbox 1840 3537 1941 3608; x_wconf 87' lang='lat' dir='ltr'><strong>quarn</strong></span> 
     </span>
     <span class='ocr_line' id='line_1_26' title="bbox 394 3632 1941 3728; baseline -0.001 -20"><span class='ocrx_word' id='word_1_256' title='bbox 394 3634 447 3724; x_wconf 90' lang='grc'><strong>,61</strong></span> <span class='ocrx_word' id='word_1_257' title='bbox 474 3638 608 3708; x_wconf 90' lang='lat' dir='ltr'><strong>sterent</strong></span> <span class='ocrx_word' id='word_1_258' title='bbox 635 3632 672 3705; x_wconf 91' lang='lat' dir='ltr'><strong>in</strong></span> <span class='ocrx_word' id='word_1_259' title='bbox 699 3655 762 3706; x_wconf 91' lang='lat' dir='ltr'><strong>suo</strong></span> <span class='ocrx_word' id='word_1_260' title='bbox 789 3639 955 3708; x_wconf 89' lang='lat' dir='ltr'><strong>consueto</strong></span> <span class='ocrx_word' id='word_1_261' title='bbox 983 3633 1198 3726; x_wconf 88' lang='lat' dir='ltr'><strong>paganismo.</strong></span> <span class='ocrx_word' id='word_1_262' title='bbox 1228 3635 1344 3708; x_wconf 82' lang='lat' dir='ltr'><strong>Etiam</strong></span> <span class='ocrx_word' id='word_1_263' title='bbox 1372 3657 1440 3707; x_wconf 93' lang='lat' dir='ltr'><strong>non</strong></span> <span class='ocrx_word' id='word_1_264' title='bbox 1468 3637 1510 3708; x_wconf 94' lang='lat' dir='ltr'><strong>ob</strong></span> <span class='ocrx_word' id='word_1_265' title='bbox 1539 3637 1636 3708; x_wconf 92' lang='lat' dir='ltr'><strong>aliud</strong></span> <span class='ocrx_word' id='word_1_266' title='bbox 1662 3643 1846 3728; x_wconf 90' lang='lat' dir='ltr'><strong>pugnant,</strong></span> <span class='ocrx_word' id='word_1_267' title='bbox 1875 3635 1941 3708; x_wconf 88' lang='lat' dir='ltr'><strong>nisi</strong></span> 
     </span>
     <span class='ocr_line' id='line_1_27' title="bbox 343 3735 1941 3847; baseline 0.001 -21"><span class='ocrx_word' id='word_1_268' title='bbox 343 3735 356 3764; x_wconf 84' lang='lat'><strong><em>‘</em></strong></span> <span class='ocrx_word' id='word_1_269' title='bbox 395 3759 457 3847; x_wconf 91' lang='grc'><strong>,61</strong></span> <span class='ocrx_word' id='word_1_270' title='bbox 485 3753 635 3828; x_wconf 84' lang='lat' dir='ltr'><strong>dilatent</strong></span> <span class='ocrx_word' id='word_1_271' title='bbox 662 3753 876 3846; x_wconf 89' lang='lat' dir='ltr'><strong>superbiam,</strong></span> <span class='ocrx_word' id='word_1_272' title='bbox 906 3757 941 3827; x_wconf 94' lang='grc'><strong>61</strong></span> <span class='ocrx_word' id='word_1_273' title='bbox 968 3761 1119 3847; x_wconf 90' lang='lat' dir='ltr'><strong>augeant</strong></span> <span class='ocrx_word' id='word_1_274' title='bbox 1146 3753 1375 3846; x_wconf 90' lang='lat' dir='ltr'><strong>cupiditatem</strong></span> <span class='ocrx_word' id='word_1_275' title='bbox 1404 3778 1513 3828; x_wconf 89' lang='lat' dir='ltr'><strong>snum.</strong></span> <span class='ocrx_word' id='word_1_276' title='bbox 1542 3757 1625 3829; x_wconf 90' lang='lat' dir='ltr'><strong>Ideo</strong></span> <span class='ocrx_word' id='word_1_277' title='bbox 1644 3755 1765 3829; x_wconf 84' lang='lat' dir='ltr'><strong>reniet</strong></span> <span class='ocrx_word' id='word_1_278' title='bbox 1784 3755 1840 3828; x_wconf 89' lang='lat' dir='ltr'><strong>eis</strong></span> <span class='ocrx_word' id='word_1_279' title='bbox 1860 3761 1941 3830; x_wconf 91' lang='grc'><strong>166-</strong></span> 
     </span>
     <span class='ocr_line' id='line_1_28' title="bbox 397 3873 1941 3968; baseline 0.001 -20"><span class='ocrx_word' id='word_1_280' title='bbox 397 3895 500 3968; x_wconf 88' lang='lat' dir='ltr'><strong>,pue,</strong></span> <span class='ocrx_word' id='word_1_281' title='bbox 522 3896 589 3967; x_wconf 83' lang='lat' dir='ltr'><strong>quo</strong></span> <span class='ocrx_word' id='word_1_282' title='bbox 608 3873 871 3966; x_wconf 84' lang='lat' dir='ltr'><strong>confringentur</strong></span> <span class='ocrx_word' id='word_1_283' title='bbox 889 3875 1010 3948; x_wconf 90' lang='grc'><strong>166166</strong></span> <span class='ocrx_word' id='word_1_284' title='bbox 1030 3895 1164 3962; x_wconf 91' lang='lat' dir='ltr'><strong>eorum,</strong></span> <span class='ocrx_word' id='word_1_285' title='bbox 1194 3897 1318 3948; x_wconf 88' lang='lat' dir='ltr'><strong>manus</strong></span> <span class='ocrx_word' id='word_1_286' title='bbox 1336 3876 1461 3950; x_wconf 91' lang='lat' dir='ltr'><strong>dextra</strong></span> <span class='ocrx_word' id='word_1_287' title='bbox 1475 3878 1506 3964; x_wconf 76' lang='grc'><strong>4)</strong></span> <span class='ocrx_word' id='word_1_288' title='bbox 1535 3876 1776 3964; x_wconf 88' lang='lat' dir='ltr'><strong>mutilabitur,</strong></span> <span class='ocrx_word' id='word_1_289' title='bbox 1809 3881 1847 3949; x_wconf 92' lang='lat' dir='ltr'><strong>et</strong></span> <span class='ocrx_word' id='word_1_290' title='bbox 1865 3878 1941 3949; x_wconf 86' lang='lat' dir='ltr'><strong>sub</strong></span> 
     </span>
     <span class='ocr_line' id='line_1_29' title="bbox 397 3994 1939 4088; baseline 0.001 -20"><span class='ocrx_word' id='word_1_291' title='bbox 397 3994 623 4087; x_wconf 86' lang='lat' dir='ltr'><strong>,narrabitur</strong></span> <span class='ocrx_word' id='word_1_292' title='bbox 650 3994 773 4068; x_wconf 87' lang='lat' dir='ltr'><strong>dexter</strong></span> <span class='ocrx_word' id='word_1_293' title='bbox 799 4016 861 4088; x_wconf 87' lang='lat' dir='ltr'><strong>pes</strong></span> <span class='ocrx_word' id='word_1_294' title='bbox 883 4015 1023 4083; x_wconf 89' lang='lat' dir='ltr'><strong>eorum,</strong></span> <span class='ocrx_word' id='word_1_295' title='bbox 1053 4000 1094 4066; x_wconf 93' lang='grc'><strong>61</strong></span> <span class='ocrx_word' id='word_1_296' title='bbox 1121 3995 1259 4083; x_wconf 78' lang='lat' dir='ltr'><strong>vivant,</strong></span> <span class='ocrx_word' id='word_1_297' title='bbox 1289 4000 1324 4069; x_wconf 90' lang='lat' dir='ltr'><strong>ot</strong></span> <span class='ocrx_word' id='word_1_298' title='bbox 1351 4019 1388 4068; x_wconf 91' lang='lat' dir='ltr'><strong>se</strong></span> <span class='ocrx_word' id='word_1_299' title='bbox 1416 3997 1512 4088; x_wconf 90' lang='lat' dir='ltr'><strong>ipsos</strong></span> <span class='ocrx_word' id='word_1_300' title='bbox 1536 4003 1764 4088; x_wconf 88' lang='lat' dir='ltr'><strong>cognoscant,</strong></span> <span class='ocrx_word' id='word_1_301' title='bbox 1794 3998 1939 4070; x_wconf 66' lang='lat' dir='ltr'><strong>limen.l</strong></span> 
     </span>
     <span class='ocr_line' id='line_1_30' title="bbox 393 4113 1943 4208; baseline 0.001 -19"><span class='ocrx_word' id='word_1_302' title='bbox 393 4116 450 4189; x_wconf 82' lang='lat' dir='ltr'><strong>Ad</strong></span> <span class='ocrx_word' id='word_1_303' title='bbox 475 4113 695 4208; x_wconf 87' lang='lat' dir='ltr'><strong>prophetiam</strong></span> <span class='ocrx_word' id='word_1_304' title='bbox 728 4119 845 4188; x_wconf 89' lang='lat' dir='ltr'><strong>autem</strong></span> <span class='ocrx_word' id='word_1_305' title='bbox 876 4115 998 4188; x_wconf 88' lang='lat' dir='ltr'><strong>beatae</strong></span> <span class='ocrx_word' id='word_1_306' title='bbox 1030 4115 1205 4208; x_wconf 89' lang='lat' dir='ltr'><strong>Brigittae</strong></span> <span class='ocrx_word' id='word_1_307' title='bbox 1237 4117 1343 4189; x_wconf 91' lang='lat' dir='ltr'><strong>etiam</strong></span> <span class='ocrx_word' id='word_1_308' title='bbox 1375 4117 1538 4190; x_wconf 90' lang='lat' dir='ltr'><strong>coelestis</strong></span> <span class='ocrx_word' id='word_1_309' title='bbox 1562 4117 1729 4190; x_wconf 87' lang='lat' dir='ltr'><strong>Numinis</strong></span> <span class='ocrx_word' id='word_1_310' title='bbox 1758 4117 1943 4191; x_wconf 83' lang='lat' dir='ltr'><strong>accedebat</strong></span> 
     </span>
     <span class='ocr_line' id='line_1_31' title="bbox 394 4235 1943 4330; baseline 0 -20"><span class='ocrx_word' id='word_1_311' title='bbox 394 4241 587 4310; x_wconf 89' lang='lat' dir='ltr'><strong>ostentum:</strong></span> <span class='ocrx_word' id='word_1_312' title='bbox 616 4235 721 4309; x_wconf 89' lang='lat' dir='ltr'><strong>stella</strong></span> <span class='ocrx_word' id='word_1_313' title='bbox 739 4235 831 4308; x_wconf 92' lang='lat' dir='ltr'><strong>enim</strong></span> <span class='ocrx_word' id='word_1_314' title='bbox 859 4239 916 4327; x_wconf 90' lang='lat' dir='ltr'><strong>(ut</strong></span> <span class='ocrx_word' id='word_1_315' title='bbox 933 4235 971 4308; x_wconf 91' lang='lat' dir='ltr'><strong>in</strong></span> <span class='ocrx_word' id='word_1_316' title='bbox 990 4235 1228 4328; x_wconf 90' lang='lat' dir='ltr'><strong>superioribus</strong></span> <span class='ocrx_word' id='word_1_317' title='bbox 1247 4237 1509 4328; x_wconf 88' lang='lat' dir='ltr'><strong>praemisimus)</strong></span> <span class='ocrx_word' id='word_1_318' title='bbox 1536 4237 1664 4310; x_wconf 88' lang='lat' dir='ltr'><strong>crinita</strong></span> <span class='ocrx_word' id='word_1_319' title='bbox 1683 4259 1746 4330; x_wconf 89' lang='lat' dir='ltr'><strong>per</strong></span> <span class='ocrx_word' id='word_1_320' title='bbox 1763 4238 1943 4311; x_wconf 88' lang='lat' dir='ltr'><strong>biennium</strong></span> 
     </span>
     <span class='ocr_line' id='line_1_32' title="bbox 395 4355 1942 4451; baseline 0.001 -22"><span class='ocrx_word' id='word_1_321' title='bbox 395 4359 532 4446; x_wconf 87' lang='lat' dir='ltr'><strong>exorta,</strong></span> <span class='ocrx_word' id='word_1_322' title='bbox 562 4377 650 4448; x_wconf 88' lang='lat' dir='ltr'><strong>quae</strong></span> <span class='ocrx_word' id='word_1_323' title='bbox 669 4360 704 4428; x_wconf 91' lang='lat' dir='ltr'><strong>et</strong></span> <span class='ocrx_word' id='word_1_324' title='bbox 722 4356 855 4429; x_wconf 88' lang='lat' dir='ltr'><strong>bellum</strong></span> <span class='ocrx_word' id='word_1_325' title='bbox 874 4359 976 4429; x_wconf 90' lang='lat' dir='ltr'><strong>atrox</strong></span> <span class='ocrx_word' id='word_1_326' title='bbox 995 4355 1286 4448; x_wconf 90' lang='lat' dir='ltr'><strong>diuturnumque,</strong></span> <span class='ocrx_word' id='word_1_327' title='bbox 1316 4363 1351 4430; x_wconf 91' lang='lat' dir='ltr'><strong>et</strong></span> <span class='ocrx_word' id='word_1_328' title='bbox 1378 4358 1631 4432; x_wconf 75' lang='lat' dir='ltr'><strong>(trucit&#39;erorum</strong></span> <span class='ocrx_word' id='word_1_329' title='bbox 1650 4379 1695 4432; x_wconf 87' lang='lat' dir='ltr'><strong>ex</strong></span> <span class='ocrx_word' id='word_1_330' title='bbox 1714 4360 1842 4447; x_wconf 86' lang='lat' dir='ltr'><strong>terris,</strong></span> <span class='ocrx_word' id='word_1_331' title='bbox 1862 4379 1942 4451; x_wconf 88' lang='lat' dir='ltr'><strong>quas</strong></span> 
     </span>
     <span class='ocr_line' id='line_1_33' title="bbox 395 4475 1175 4569; baseline -0.005 -17"><span class='ocrx_word' id='word_1_332' title='bbox 395 4481 666 4569; x_wconf 84' lang='lat' dir='ltr'><strong>occupauerant,</strong></span> <span class='ocrx_word' id='word_1_333' title='bbox 694 4475 925 4568; x_wconf 88' lang='lat' dir='ltr'><strong>portendebat</strong></span> <span class='ocrx_word' id='word_1_334' title='bbox 952 4476 1175 4550; x_wconf 90' lang='lat' dir='ltr'><strong>amotionem.</strong></span> 
     </span>
    </p>
   </div>
   <div class='ocr_carea' id='block_1_3' title="bbox 394 4781 1942 5182">
    <p class='ocr_par' dir='ltr' id='par_1_3' title="bbox 394 4781 1942 5182">
     <span class='ocr_line' id='line_1_34' title="bbox 505 4781 1941 4871; baseline 0.001 -23"><span class='ocrx_word' id='word_1_335' title='bbox 505 4784 530 4866; x_wconf 91' lang='lat'><strong>¹)</strong></span> <span class='ocrx_word' id='word_1_336' title='bbox 551 4785 826 4864; x_wconf 75' lang='lat' dir='ltr'><strong>drobiepiecopatui</strong></span> <span class='ocrx_word' id='word_1_337' title='bbox 848 4785 993 4862; x_wconf 86' lang='lat' dir='ltr'><strong>Prageusi</strong></span> <span class='ocrx_word' id='word_1_338' title='bbox 1015 4785 1201 4847; x_wconf 87' lang='lat' dir='ltr'><strong>abstraheret</strong></span> <span class='ocrx_word' id='word_1_339' title='bbox 1222 4781 1285 4847; x_wconf 82' lang='lat' dir='ltr'><strong>Ed.</strong></span> <span class='ocrx_word' id='word_1_340' title='bbox 1302 4783 1393 4868; x_wconf 80' lang='lat' dir='ltr'><strong>Lipr.</strong></span> <span class='ocrx_word' id='word_1_341' title='bbox 1417 4783 1443 4863; x_wconf 66' lang='grc' dir='ltr'><strong>Ἰ)</strong></span> <span class='ocrx_word' id='word_1_342' title='bbox 1460 4786 1603 4862; x_wconf 84' lang='lat' dir='ltr'><strong>Magister</strong></span> <span class='ocrx_word' id='word_1_343' title='bbox 1617 4787 1759 4848; x_wconf 76' lang='lat' dir='ltr'><strong>Pruesiae</strong></span> <span class='ocrx_word' id='word_1_344' title='bbox 1773 4783 1840 4847; x_wconf 70' lang='lat' dir='ltr'><strong>Ed</strong></span> <span class='ocrx_word' id='word_1_345' title='bbox 1857 4786 1941 4871; x_wconf 75' lang='lat' dir='ltr'><strong>Lipa</strong></span> 
     </span>
     <span class='ocr_line' id='line_1_35' title="bbox 399 4881 1942 4972; baseline 0.001 -21"><span class='ocrx_word' id='word_1_346' title='bbox 399 4889 425 4969; x_wconf 67' lang='grc' dir='ltr'><strong>θ)</strong></span> <span class='ocrx_word' id='word_1_347' title='bbox 448 4885 566 4952; x_wconf 84' lang='grc' dir='ltr'><strong>Ρ61166</strong></span> <span class='ocrx_word' id='word_1_348' title='bbox 595 4881 733 4951; x_wconf 81' lang='lat' dir='ltr'><strong>Sanctae</strong></span> <span class='ocrx_word' id='word_1_349' title='bbox 749 4889 895 4967; x_wconf 85' lang='lat' dir='ltr'><strong>Brigittae</strong></span> <span class='ocrx_word' id='word_1_350' title='bbox 921 4885 988 4950; x_wconf 81' lang='grc'><strong>6166</strong></span> <span class='ocrx_word' id='word_1_351' title='bbox 1002 4887 1147 4965; x_wconf 87' lang='lat' dir='ltr'><strong>Birglttae</strong></span> <span class='ocrx_word' id='word_1_352' title='bbox 1162 4888 1200 4948; x_wconf 91' lang='grc'><strong>16</strong></span> <span class='ocrx_word' id='word_1_353' title='bbox 1215 4889 1322 4950; x_wconf 76' lang='lat' dir='ltr'><strong>suecia</strong></span> <span class='ocrx_word' id='word_1_354' title='bbox 1343 4883 1476 4964; x_wconf 83' lang='grc'><strong>6161666,</strong></span> <span class='ocrx_word' id='word_1_355' title='bbox 1493 4886 1589 4969; x_wconf 81' lang='lat' dir='ltr'><strong>filiae</strong></span> <span class='ocrx_word' id='word_1_356' title='bbox 1610 4885 1746 4972; x_wconf 73' lang='lat' dir='ltr'><strong>Birgcra&#39;</strong></span> <span class='ocrx_word' id='word_1_357' title='bbox 1767 4886 1942 4952; x_wconf 72' lang='lat' dir='ltr'><strong>Peter-roasi</strong></span> 
     </span>
     <span class='ocr_line' id='line_1_36' title="bbox 399 4987 1940 5077; baseline -0.003 -19"><span class='ocrx_word' id='word_1_358' title='bbox 399 4989 585 5058; x_wconf 81' lang='grc' dir='ltr'><strong>66661116νί1</strong></span> <span class='ocrx_word' id='word_1_359' title='bbox 613 4990 713 5077; x_wconf 75' lang='grc'><strong>66911,</strong></span> <span class='ocrx_word' id='word_1_360' title='bbox 741 4999 886 5054; x_wconf 78' lang='lat' dir='ltr'><strong>mortuae</strong></span> <span class='ocrx_word' id='word_1_361' title='bbox 914 5012 946 5053; x_wconf 86' lang='grc'><strong>6.</strong></span> <span class='ocrx_word' id='word_1_362' title='bbox 970 4987 1071 5068; x_wconf 83' lang='grc'><strong>1373,</strong></span> <span class='ocrx_word' id='word_1_363' title='bbox 1101 4990 1195 5055; x_wconf 86' lang='grc'><strong>66166</strong></span> <span class='ocrx_word' id='word_1_364' title='bbox 1223 4992 1431 5054; x_wconf 87' lang='lat' dir='ltr'><strong>Revelationes</strong></span> <span class='ocrx_word' id='word_1_365' title='bbox 1461 4994 1618 5072; x_wconf 85' lang='lat' dir='ltr'><strong>coelestes,</strong></span> <span class='ocrx_word' id='word_1_366' title='bbox 1648 4993 1788 5055; x_wconf 77' lang='lat' dir='ltr'><strong>Lubecae</strong></span> <span class='ocrx_word' id='word_1_367' title='bbox 1811 5013 1841 5053; x_wconf 65' lang='lat' dir='ltr'><strong>a„</strong></span> <span class='ocrx_word' id='word_1_368' title='bbox 1864 4996 1940 5055; x_wconf 76' lang='grc'><strong>1191</strong></span> 
     </span>
     <span class='ocr_line' id='line_1_37' title="bbox 394 5091 1121 5182; baseline -0.007 -20"><span class='ocrx_word' id='word_1_369' title='bbox 394 5094 557 5182; x_wconf 67' lang='lat' dir='ltr'><strong>podera.</strong></span> <span class='ocrx_word' id='word_1_370' title='bbox 582 5091 903 5176; x_wconf 67' lang='grc' dir='ltr'><strong>4)1661τ61666116</strong></span> <span class='ocrx_word' id='word_1_371' title='bbox 931 5091 1006 5158; x_wconf 80' lang='lat' dir='ltr'><strong>Ood.</strong></span> <span class='ocrx_word' id='word_1_372' title='bbox 1032 5091 1121 5158; x_wconf 75' lang='lat' dir='ltr'><strong>Oula.</strong></span> 
     </span>
    </p>
   </div>
   <div class='ocr_carea' id='block_1_4' title="bbox 0 0 2039 6276">
    <p class='ocr_par' dir='ltr' id='par_1_4' title="bbox 0 0 2039 6276">
     <span class='ocr_line' id='line_1_38' title="bbox 0 0 2039 6276; baseline 0 0"><span class='ocrx_word' id='word_1_373' title='bbox 0 0 2039 6276; x_wconf 95' lang='lat' dir='ltr'><strong> </strong></span> 
     </span>
    </p>
   </div>
  </div>
 </body>
</html>
