4052 6286
86 539 157 642 (Α.
176 541 222 616 D.
242 541 369 644 itta)
602 565 716 620 amun
741 564 985 650 nueunomrus
1012 548 1129 636 (xm).
1560 543 1633 617 505

86 859 273 934 mrim
292 860 380 933 line
400 861 527 951 busli
548 861 822 934 mauseuli
841 863 1004 934 ιιιιιιιιι
1023 864 1115 952 grau
1129 863 1215 934 balle
1229 877 1371 948 ιιιιιι,
1393 862 1470 934 inl·
1485 861 1635 934 metam

85 981 124 1052 ιι
146 979 317 1054 nerlu
347 997 404 1071 ιιι
433 981 613 1055 exereitum
641 981 789 1054 Ιιιιοιιιι
818 982 1029 1054 merom
1058 981 1263 1072 hamtesir
1292 985 1328 1054 οι
1357 981 1509 1054 nnana
1541 981 1636 1054 eres

793 1101 931 1192 sagitt

195 1343 430 1420 Hebdomaiis
457 1345 593 1440 aliquot
626 1347 822 1436 Victorino,
854 1347 930 1420 filio
958 1347 1098 1440 Georgii
1128 1347 1439 1436 Posmlrebraenki,
1468 1346 1635 1420 Austriae

90 1464 224 1539 bellum
250 1483 357 1556 grass
389 1464 510 1555 (utin
536 1465 775 1558 superioribus
803 1467 1175 1556 eemmsmeravimus),
1202 1467 1287 1540 lieet
1312 1467 1400 1540 belli
1424 1487 1549 1542 eaesae
1567 1486 1636 1539 nen

92 1588 268 1671 extarent,
296 1583 475 1672 inferenti,
504 1591 539 1658 at
565 1605 609 1658 ax
637 1585 848 1658 monasterie
875 1585 1063 1678 Pulger1),
1091 1606 1135 1660 ax
1163 1607 1231 1677 que
1255 1586 1538 1660 senetimom'ales
1566 1585 1634 1658 eie·

91 1707 202 1791 aeret,
231 1709 266 1778 et
292 1703 383 1776 illud
410 1703 447 1776 in
475 1703 565 1776 areis
592 1703 731 1778 modum
758 1705 971 1793 muniverat,
1000 1725 1137 1778 omnem
1163 1726 1258 1778 oram
1277 1705 1442 1780 nustriae
1460 1725 1572 1797 usque
1590 1705 1636 1778 ad

91 1822 291 1896 Danubium
317 1822 473 1914 praedis,
502 1823 626 1915 spoliis
645 1829 680 1897 et
698 1823 795 1917 igne,
824 1823 875 1896 ita
892 1828 933 1896 ut
951 1824 1064 1896 omnis
1083 1825 1299 1917 agricultura
1317 1831 1351 1898 et
1370 1825 1534 1898 mornatio
1554 1845 1634 1897 sen·

92 1942 302 2034 quiesceret,
332 1942 494 2030 vexanti,
522 1942 709 2034 aliquande
738 1942 877 2016 landem
904 1942 1105 2016 Friderieus
1132 1943 1368 2017 Romanorum
1388 1945 1583 2036 Imperetur
1601 1949 1636 2016 et

93 2061 258 2136 nustriae
285 2062 383 2150 Dux,
412 2082 554 2136 suorum
581 2061 791 2136 elamoribus
818 2066 854 2134 et
882 2063 1034 2154 querelis
1067 2063 1350 2156 expergefaetus,
1379 2063 1564 2137 eoflsetum
1592 2082 1637 2136 ex

91 2181 316 2254 maresuariis
343 2181 518 2256 militibus
545 2181 755 2270 exereitum,
782 2201 845 2272 pro
872 2183 1104 2274 expugnando
1127 2189 1163 2256 st
1181 2181 1373 2257 deliciando
1400 2181 1581 2255 Viatorino
1599 2185 1637 2254 et

93 2298 169 2372 eins
195 2299 385 2392 praesidio,
413 2300 536 2374 mittit.
565 2300 664 2392 Quod
689 2299 892 2374 Victorinus
919 2301 1158 2391 praesentiens
1182 2307 1218 2374 et
1242 2301 1380 2374 tardum
1407 2299 1581 2374 auxilium
1599 2299 1637 2372 iu
1670 2387 1671 2392 Ν

91 2419 204 2511 partis
236 2419 388 2495 adventu
419 2440 567 2511 ponens,
600 2441 670 2494 une
703 2418 1013 2512 menumquam
1043 2419 1232 2494 caesareus
1259 2419 1435 2494 exereitus
1462 2419 1507 2492 ad
1533 2419 1636 2491 illum

90 2537 323 2632 pertingeret,
351 2539 477 2612 leuatis
504 2538 541 2612 in
567 2539 759 2630 praesidio,
787 2539 848 2631 qui
875 2539 966 2612 illud
984 2539 1027 2612 ab
1046 2539 1275 2612 Australibus
1294 2544 1510 2627 tutarentur,
1535 2537 1636 2630 quin·

91 2656 210 2749 gentis
237 2657 428 2746 militibus,
457 2658 554 2730 selus
581 2659 672 2750 ipse,
701 2658 877 2750 praesidio
902 2658 1041 2747 talieta,
1073 2658 1227 2732 Henrieo
1258 2679 1438 2751 germane,
1471 2657 1637 2750 quinum

92 2775 286 2868 abnuentis
304 2776 431 2867 sepiis,
455 2798 499 2852 na
517 2776 561 2849 ab
579 2777 681 2852 hoste
698 2778 879 2851 insecutus
898 2782 1094 2869 asperetur,
1123 2777 1192 2850 sibi
1211 2779 1348 2850 laturus
1366 2776 1573 2869 suffragium
1590 2774 1634 2866 ²),

91 2915 131 2968 se
158 2895 387 2988 coniungens,
416 2895 453 2968 in
479 2896 671 2970 librariam
698 2898 741 2970 ad
769 2903 921 2970 oestrum
950 2897 1128 2990 Spilberg,
1157 2897 1249 2988 qued
1277 2897 1441 2970 Brunnae
1465 2895 1635 2982 imminet,

90 3014 274 3102 semiana
302 3014 426 3106 giemi
454 3036 491 3088 ss
517 3015 673 3107 paritulo
701 3015 845 3089 evolvit.
874 3015 1051 3107 Captivari
1080 3022 1163 3088 tune
1190 3014 1392 3088 Victorinus
1417 3015 1460 3087 ab
1479 3014 1637 3087 exereitu

90 3133 267 3222 (laeseris,
295 3133 357 3225 qui
384 3155 543 3226 magnam
561 3141 696 3226 partem
715 3134 967 3208 Grueiiererum
985 3133 1151 3222 habebat,
1180 3139 1333 3225 paterna
1362 3135 1423 3208 sod
1441 3133 1551 3206 saluii
1569 3133 1638 3204 tuit

88 3251 265 3326 Kiereber
280 3251 311 3342 3)
338 3253 456 3342 miles,
484 3254 546 3346 qui
572 3253 673 3328 illius
699 3254 942 3328 liberationem
969 3254 1181 3344 praemovit.
1211 3253 1409 3327 Caesariani
1436 3257 1553 3326 autem
1572 3252 1636 3324 mi·

89 3371 196 3461 lites,
215 3393 361 3464 quorum
380 3372 605 3448 anennoeton
618 3373 662 3464 ⁴),
687 3373 824 3448 Suevos
840 3394 981 3466 genere,
1003 3373 1075 3448 dux
1093 3376 1183 3461 erat,
1208 3373 1252 3446 ad
1270 3371 1520 3446 monasterium
1539 3391 1637 3463 prae·

89 3493 207 3564 iatum
233 3492 453 3580 aecedentes,
488 3493 665 3584 quassatis
696 3513 759 3584 per
789 3492 996 3566 lombardas
1027 3492 1299 3585 propugnauulis
1330 3497 1365 3566 at
1392 3491 1518 3580 munis,
1547 3490 1638 3563 illud

88 3610 249 3684 animose
275 3610 500 3703 conquirunt,
530 3617 566 3684 et
591 3611 713 3704 paneis
732 3613 914 3700 Bohsmis,
942 3611 1111 3703 praesidii
1128 3611 1385 3699 defensoribus,
1414 3610 1509 3684 vitae
1526 3630 1637 3683 reser-

88 3728 206 3818 vatis,
234 3733 388 3804 eaeteres
415 3749 534 3804 omnes
561 3736 703 3819 noeant;
731 3752 795 3806 neo
821 3751 1022 3824 expugnare
1043 3730 1257 3824 praesidium
1276 3729 1448 3818 contenti,
1476 3728 1638 3804 traduete

88 3851 133 3922 in
160 3835 351 3920 Meuaniam
378 3848 552 3938 exereitu,
581 3849 728 3943 Georgia
757 3854 792 3924 st
820 3851 894 3924 suis
920 3850 1053 3924 bellum
1081 3849 1247 3924 inferunt.
1282 3848 1435 3941 Quorum
1461 3847 1639 3940 paneitnte

89 3967 299 4040 Victorinus
325 3959 522 4060 perspeota,
554 3969 719 4062 gentibus
746 3990 789 4044 ax
817 3969 986 4042 Behemia
1013 3973 1153 4057 euers,
1187 3968 1270 4041 illos
1296 3967 1500 4055 invasurus,
1534 3967 1636 4038 adve-

88 4087 166 4159 nit:
194 4105 385 4178 narumque
411 4086 542 4176 abfuit,
571 4087 657 4179 quin
684 4089 767 4162 illes
794 4093 1026 4179 oeoupnturos
1054 4087 1247 4175 videretur,
1280 4087 1351 4161 nisi
1377 4087 1459 4160 illos
1487 4085 1640 4175 Znoyma

89 4203 239 4298 civitas,
267 4210 388 4278 eontm
415 4205 695 4281 sufferentiamm
711 4207 741 4298 5)
769 4207 889 4280 foedus
918 4207 960 4280 ad
988 4227 1026 4280 se
1053 4207 1291 4296 intromissos,
1318 4209 1482 4280 tutasset

204 4479 380 4559 esum
401 4475 464 4543 ee.
486 4477 577 4563 ιιμ.
601 4477 767 4560 (nugam.
799 4477 825 4558 ¹)
847 4479 987 4540 sumum
1009 4475 1072 4539 mi.
1094 4475 1185 4561 espa.
1212 4475 1239 4558 ι)
1261 4476 1426 4554 symma
1445 4469 1525 4537 eoa.
1550 4468 1639 4536 aaa.

91 4580 121 4662 ⁴)
145 4581 345 4646 summm
367 4579 431 4646 Ed.
458 4578 548 4664 [λιιι.
572 4581 702 4664 (enimn
725 4581 762 4644 tle
785 4580 973 4659 armenem).
998 4575 1026 4664 ὅ)
1049 4567 1243 4642 indusiarium
1264 4574 1329 4644 Ed.
1352 4573 1441 4660 Lapa.

121 5567 146 5609 .ι.
162 5565 260 5616 nim.
274 5561 334 5606 urea
347 5563 427 5606 aaron
441 5564 467 5605 n.
480 5565 509 5604 v.
