4152 6270
128 560 194 660 (Α.
214 559 261 633 D.
282 559 397 658 1451.)
646 584 759 636 trans
786 583 1030 637 nuonnonrus
1059 566 1173 656 (xrrr).
1637 566 1682 639 97

126 769 294 842 Peleniae
325 768 567 861 possidebant,
600 769 800 856 referimus,
835 769 1051 843 liberalitate
1084 770 1250 844 videlicet
1283 775 1317 842 et
1344 771 1461 863 matie
1491 771 1685 845 Wladislai

126 891 250 982 Regis,
280 890 363 962 illes
392 889 633 962 Alexandrum
662 888 900 962 Withaudum
928 891 1093 982 Magnum
1122 892 1253 964 Ducem
1278 891 1489 965 Lithuaniae
1509 899 1681 985 tempera·

125 1011 209 1084 liter
235 1009 410 1084 tenuisse:
440 1009 540 1082 cuius
569 1013 680 1082 morte
708 1013 843 1098 secuta,
874 1010 917 1082 ad
944 1011 1193 1102 proprietatem
1221 1011 1336 1102 Regni
1363 1013 1530 1086 Peleniae
1554 1014 1679 1088 redire.

125 1131 176 1204 Ut
204 1136 322 1204 tamen
351 1130 481 1218 omnis,
511 1151 600 1222 quae
624 1129 772 1222 allegari
800 1130 914 1222 possit
940 1151 1003 1222 per
1026 1151 1106 1219 res,
1136 1132 1283 1204 tollatur
1302 1133 1532 1225 ambiguitas,
1558 1139 1683 1207 extant

122 1252 248 1324 literae
277 1250 496 1343 Sigismundi
524 1250 632 1323 Ducis
660 1249 779 1342 Magni
806 1250 1019 1323 Lithuaniae
1047 1251 1177 1322 restris
1211 1251 1344 1344 sigillis
1378 1253 1551 1343 munitae,
1587 1255 1680 1328 iure·

124 1376 241 1445 mente
269 1371 457 1462 corporali,
487 1371 580 1462 qued
607 1375 646 1442 tu
675 1370 855 1443 Vilnensis
890 1371 1051 1462 episcope
1083 1371 1121 1443 in
1153 1371 1316 1444 manibus
1344 1372 1431 1445 meis
1465 1375 1683 1464 praestabas,

123 1495 298 1580 firmatae,
327 1492 364 1563 in
392 1491 520 1583 quibus
540 1511 704 1582 expresso
725 1497 759 1563 et
778 1495 892 1570 terrae
911 1491 1092 1579 Peteliae,
1122 1495 1236 1564 terrae
1256 1493 1429 1565 Lucrensi
1453 1499 1488 1566 et
1511 1494 1680 1567 districti·

124 1613 192 1685 bus
220 1611 429 1704 praedictis,
458 1611 671 1684 renuntiatis
700 1616 735 1684 et
763 1611 903 1700 ceditis,
933 1611 1270 1704 recognoscitisque,
1299 1613 1416 1684 emnia
1443 1613 1506 1685 illa
1539 1613 1582 1686 ad
1610 1615 1677 1688 Re·

123 1755 233 1824 gnum
260 1731 428 1804 Pelopiae
455 1730 669 1822 pertinuisse
698 1735 733 1804 et
759 1731 935 1822 pertinere
963 1732 1098 1804 debere.
1138 1731 1380 1804 Menstrantur
1407 1731 1531 1805 deinde
1558 1738 1594 1805 et
1621 1754 1681 1806 ex·
1727 1823 1736 1839 ι

122 1852 292 1925 hibentur
318 1851 459 1940 literae,
487 1852 592 1924 fidem
619 1851 839 1943 responsioni
867 1857 902 1924 et
931 1851 1083 1924 sermoni
1102 1851 1280 1943 praesenti
1301 1851 1484 1940 facientes,
1515 1873 1602 1944 quas
1620 1854 1680 1927 Li·

123 1971 292 2045 thuaniae
332 1973 500 2061 barones,
545 1993 624 2044 cum
668 1972 786 2044 oeulos
829 1993 948 2044 eorum
980 1977 1016 2044 et
1047 1971 1253 2062 petitionem
1291 1977 1363 2044 tam
1400 1972 1683 2064 impertinentem

123 2093 264 2166 fortiter
290 2092 529 2179 verberarent,
559 2113 622 2164 nec
650 2091 768 2165 videre
796 2111 859 2163 nec
887 2091 1007 2164 audire
1040 2093 1244 2180 voluerunt,
1279 2093 1475 2182 eredentes,
1508 2093 1700 2167 Karimiri'

122 2212 233 2305 Regis
262 2214 380 2284 lavore
408 2212 578 2284 immense
607 2216 732 2284 cuneta
760 2233 797 2283 se
824 2231 886 2302 pre
915 2211 1017 2284 libito
1046 2217 1310 2286 consecuturos:
1340 2213 1433 2286 unde
1451 2234 1514 2286 nec
1534 2235 1680 2306 sequen·

122 2333 221 2405 tibus
249 2332 373 2406 diebus
410 2331 653 2424 quiescebant,
691 2332 854 2403 instando
891 2331 1127 2423 importunius
1166 2353 1272 2424 super
1305 2337 1418 2406 terrae
1451 2334 1618 2406 Pedeliae
1648 2340 1683 2408 et

122 2453 351 2526 districtuum
382 2453 624 2541 restitutione,
659 2451 911 2543 literarumque
940 2453 1147 2525 cassat-ione.
1177 2453 1227 2525 Ut
1255 2457 1372 2526 autem
1391 2458 1544 2527 cessaret
1562 2475 1681 2528 eorum

122 2573 374 2665 importunitas
403 2578 437 2646 et
465 2573 623 2664 querela,
653 2572 857 2644 obtulerunt
885 2572 1053 2645 Peleniae
1081 2572 1290 2663 consiliarii,
1319 2575 1411 2648 uelle
1439 2595 1518 2646 cum
1541 2573 1617 2646 illis
1637 2575 1681 2648 ad

121 2693 294 2767 indicium
310 2695 462 2786 Regum,
484 2692 706 2784 Principum,
727 2691 1044 2765 ecclesiasticorum
1059 2698 1121 2765 aut
1136 2694 1368 2767 saecularium
1387 2694 1558 2783 virerum,
1579 2695 1682 2768 fidem

122 2815 333 2887 catholicam
367 2814 579 2901 tenentium,
610 2835 715 2906 super
743 2812 904 2885 omnibns
932 2813 1141 2886 differentiis
1169 2814 1346 2887 devenire:
1375 2814 1622 2906 promittentes
1641 2815 1678 2887 in

122 2935 286 3007 omnibus
314 2934 484 3008 decisioni
511 2935 667 3008 iudicum
696 2934 933 3025 eligendorum
963 2955 999 3006 se
1026 2934 1221 3025 parituros3
1251 2939 1285 3006 et
1313 2935 1395 3006 dum
1419 2934 1536 3007 emnia
1559 2935 1681 3027 quieta

122 3061 159 3128 et
187 3055 325 3148 integra
352 3057 481 3142 ferent,
511 3055 629 3128 verbis
657 3053 792 3146 petius,
823 3054 913 3142 iure,
943 3055 1083 3126 iustitia
1111 3059 1146 3127 et
1166 3055 1326 3142 arbitrie,
1356 3055 1398 3128 de
1422 3055 1526 3127 terris
1545 3060 1582 3128 et
1599 3075 1678 3147 pre·

119 3176 274 3270 prietate
307 3196 424 3248 earum
457 3174 706 3267 disceptarent.
744 3175 875 3266 Quodsi
912 3175 1018 3247 etiam
1056 3175 1092 3246 id
1128 3195 1197 3246 nen
1229 3176 1433 3266 probarent,
1471 3175 1682 3248 decisionem

121 3295 342 3390 quaestionis
370 3295 552 3368 Kanimire
580 3295 748 3367 Peleniae
776 3294 866 3387 Regi
894 3300 929 3367 et
956 3296 1082 3388 Magne
1110 3295 1199 3368 Duci
1227 3295 1454 3384 Lithuaniae,
1489 3301 1678 3388 utrumque

120 3416 325 3489 Dominium
353 3415 513 3504 habenti,
543 3437 654 3506 aeque
682 3415 759 3487 inre
778 3436 839 3506 pro
858 3415 1019 3507 utrisque
1043 3415 1175 3487 iustam
1198 3417 1378 3506 prelature
1399 3417 1425 3506 ¹)
1455 3416 1679 3506 sententiam,

120 3537 383 3629 permitterent,
414 3557 517 3627 quam
545 3536 683 3608 foedere
711 3535 891 3607 societatis
920 3541 955 3606 et
982 3535 1123 3608 unionis
1151 3535 1328 3627 disrupto,
1357 3536 1541 3609 Peleniam
1565 3541 1600 3610 et
1618 3535 1678 3608 Li-

119 3657 306 3732 thuaniam
334 3658 473 3729 lunesto
500 3656 594 3728 belle
622 3656 854 3727 involverent.
885 3655 954 3728 Sed
983 3676 1061 3728 eum
1089 3656 1178 3728 hanc
1207 3677 1344 3748 queque
1367 3655 1602 3730 conditionem
1621 3677 1674 3730 re·

119 3782 305 3870 spuerent,
334 3796 377 3849 ne
403 3797 547 3868 prorsus
576 3775 779 3848 riderentur
805 3775 842 3846 in
870 3775 1044 3848 discordia
1072 3775 1268 3848 abinvicem
1300 3776 1522 3866 discessisse,
1550 3798 1606 3851 ros
1638 3777 1676 3849 in

117 3919 251 3972 annum
278 3897 454 3990 integrum
482 3895 775 3988 contemplatione
794 3896 903 3988 Regis
923 3896 1034 3969 dilata
1053 3901 1123 3984 est,
1153 3901 1193 3968 ut
1212 3896 1249 3968 in
1269 3897 1389 3970 eodem
1413 3899 1505 3987 leco,
1536 3899 1625 3971 leste
1641 3895 1677 3987 ²)

118 4019 246 4094 Sancti
265 4018 465 4106 Michaelis,
494 4022 657 4091 teneatur
685 4017 885 4105 conventio,
915 4017 958 4088 ad
987 4039 1090 4108 qnam
1117 4017 1230 4108 partis
1257 4018 1443 4110 utriusque
1467 4017 1623 4091 Praelati
1645 4021 1680 4091 et

117 4141 268 4214 barones
295 4139 456 4226 ueniant,
485 4138 527 4210 de
557 4143 648 4210 terra
676 4141 711 4210 et
739 4137 961 4210 districtibus
988 4136 1195 4229 praedictis,
1230 4159 1269 4210 ac
1296 4137 1478 4210 literarum
1514 4139 1677 4211 reforma·

115 4261 234 4349 tiene,
262 4281 371 4332 nevas
400 4258 689 4347 deliberationes,
717 4279 780 4349 per
807 4279 894 4348 quas
914 4257 1098 4330 concordia
1117 4258 1218 4349 sequi
1235 4263 1371 4349 posset,
1400 4257 1568 4331 habituri.
1598 4257 1675 4330 Tali

114 4384 191 4454 fine
224 4381 454 4453 conventione
482 4379 662 4470 expedita,
693 4377 897 4450 Karimirus
925 4379 1019 4466 Rex,
1048 4377 1109 4469 qui
1139 4399 1260 4450 versus
1288 4377 1510 4467 Valachiam,
1539 4398 1601 4469 pre
1620 4398 1673 4450 re·

114 4503 188 4575 hus
216 4501 416 4574 Valachicis
444 4499 690 4586 reformandis,
720 4498 872 4571 transire
899 4499 1080 4586 debuerat,
1114 4498 1276 4590 pluribus
1308 4497 1482 4571 Praelatis
1511 4502 1546 4570 at
1572 4497 1674 4570 bare·

114 4623 227 4694 nibus
254 4622 486 4714 nequicquam
515 4618 819 4707 dissuadentibus,
855 4639 899 4691 ex
926 4621 1087 4691 Parcnew
1107 4618 1144 4690 in
1162 4618 1391 4690 ¹Lithuaniam
1424 4618 1586 4706 secessit;
1615 4638 1678 4691 nee

114 4742 191 4816 sibi
219 4762 321 4815 curae
348 4741 417 4813 fuit
444 4763 537 4813 mers
564 4761 686 4814 reeens
714 4739 923 4812 notabilium
952 4739 1108 4812 militum
1124 4737 1167 4829 ³),
1201 4739 1391 4812 Clementis
1419 4739 1675 4831 Wyerusch⁴)‚

114 4861 263 4936 Nicolai
289 4861 503 4954 Kampinslri
520 4860 550 4950 ⁵)
579 4866 614 4934 et
642 4861 792 4933 aliorum
815 4859 1047 4951 plurimorum
1066 4860 1108 4932 de
1127 4865 1220 4932 terra
1239 4858 1472 4951 Wyelunensi
1489 4858 1676 4947 nobilium,

114 4983 183 5076 qui
211 5003 289 5055 cum
317 4984 474 5055 Iohanne
498 4981 602 5056 Gelon
634 4981 781 5074 praedas
805 4981 842 5053 in
861 4981 981 5072 Regno
1010 4979 1176 5053 Peleniae
1192 4979 1223 5070 6)
1251 4983 1391 5072 agento,
1420 5000 1527 5072 prope
1559 4978 1674 5052 Bicai·

228 5274 251 5353 1)
275 5294 329 5353 pro
351 5275 486 5351 utrisque
507 5275 585 5335 ferre
606 5273 715 5332 iustam
738 5267 800 5334 Ed.
823 5268 914 5353 Lipe.
946 5267 973 5348 ⁹)
996 5287 1051 5346 pre
1073 5269 1150 5330 sesto
1172 5265 1235 5331 Ec.
1258 5267 1348 5352 Lipe.
1381 5267 1568 5348 ³)militnm,
1595 5271 1677 5330 vide-

111 5382 189 5441 licet
210 5375 274 5439 Ea.
297 5375 388 5461 Lipe.
413 5375 438 5454 ⁴)
463 5377 623 5438 Clementis
644 5375 792 5435 Wierussi
814 5378 844 5434 et
865 5373 985 5434 Ioannis
1007 5373 1142 5434 Wieruss
1170 5371 1247 5436 ooo.
1270 5370 1339 5434 La.
1371 5368 1397 5450 ⁵)
1421 5373 1589 5450 Kapienslri
1612 5368 1674 5434 Ea.

110 5480 210 5565 Lipe.
235 5479 261 5561 ⁰)
285 5482 427 5541 Peleniae
450 5477 535 5542 deest
556 5479 593 5540 ire
618 5472 693 5540 Cod.
720 5471 808 5539 Cale.

140 5633 279 5684 aarum.
293 5630 488 5673 assererent.
502 5631 529 5670 v.
1467 5607 1501 5660 13
