4052 6286
401 491 476 566 454
909 514 1022 570 ursan
1047 514 1292 572 uuonacnrus
1318 499 1434 588 (uun).
1665 495 1736 596 (Α.
1758 496 1806 572 D.
1829 495 1957 595 lm)

441 809 891 886 murmuramus„
914 814 1085 886 multorom
1108 815 1334 906 indignatione
1356 815 1473 890 adduct
1496 835 1561 888 naa
1584 819 1711 906 patant,
1734 819 1778 889 nt
1799 815 1922 890 dodra

886 933 1070 1022 blopuioza
1091 935 1224 1024 positu
1246 936 1460 1008 comburatur.

504 1179 698 1271 Cbopnicaa
725 1179 859 1268 dedita,
888 1181 1081 1256 cruciferos
1100 1181 1193 1273 apud
1211 1181 1461 1272 Nyescbowam
1479 1181 1522 1254 de
1540 1203 1624 1274 paca
1643 1183 1870 1275 placitantes
1889 1205 1956 1254 ma-

400 1321 491 1393 gnus
519 1321 653 1372 moeror
679 1299 857 1388 affecerat,
887 1300 1255 1393 denuntiationemqne
1283 1301 1383 1374 illius
1410 1303 1592 1376 confictam
1619 1304 1725 1376 etad
1750 1303 1957 1376 terrendum

400 1441 438 1494 se
457 1421 673 1508 simulatam,
693 1420 802 1496 donec
820 1420 982 1514 Magistri
1000 1421 1115 1494 literis
1138 1421 1303 1495 certiores
1322 1421 1454 1508 effecti,
1474 1427 1670 1496 tenuerant.
1697 1424 1774 1498 Nec
1792 1423 1956 1510 dubiam,

401 1540 487 1632 quin
513 1545 653 1632 recepta
678 1540 888 1633 Ghoyniena,
921 1541 1056 1615 animos
1088 1542 1343 1616 cruciferorum
1375 1542 1419 1614 ad
1445 1542 1543 1633 pacis
1575 1543 1697 1635 aequis
1732 1542 1953 1616 conditioni·

399 1660 466 1732 bus
488 1660 688 1735 subeundae
709 1667 906 1753 respectum
933 1662 1147 1736 inclinatura
1174 1661 1369 1738 videbatur.
1404 1661 1617 1736 Stimulabat
1634 1667 1755 1738 autam
1777 1666 1920 1756 Regem
1934 1665 1957 1752 ¹)

400 1784 436 1852 et
462 1780 698 1870 consiliarios
734 1781 821 1855 uiris
852 1782 1018 1875 gravibus
1046 1787 1082 1854 et
1109 1782 1289 1856 nonnullis
1322 1781 1454 1857 exteris
1484 1782 1711 1874 Principibus
1744 1783 1784 1856 id
1813 1804 1956 1875 qnoque

400 1899 645 1989 suadentibus,
674 1899 769 1974 iusta
796 1901 832 1976 in
860 1902 1106 1995 Choynicnam,
1135 1907 1307 1995 quatenus
1335 1903 1526 1991 deleretur,
1555 1903 1624 1992 ira,
1653 1904 1690 1977 in
1717 1905 1868 1978 nnllam
1897 1925 1956 1976 nn·

400 2041 505 2112 quam
531 2019 727 2110 civitatem,
760 2042 822 2113 pro
850 2022 1057 2110 defectione,
1092 2021 1315 2115 hostiumque
1345 2022 1542 2114 receptione
1573 2029 1609 2096 et
1634 2024 1723 2098 belli
1761 2025 1802 2098 in
1844 2045 1955 2096 annos

400 2161 507 2232 prope
534 2140 699 2216 tredecim
729 2141 970 2233 productione,
1004 2141 1134 2216 iustius
1161 2142 1380 2233 deponenda3
1408 2140 1554 2234 eiusque
1569 2140 1600 2232 ²)
1627 2143 1869 2238 abrogatione
1898 2165 1954 2218 no

401 2264 472 2334 tam
500 2265 662 2352 acceptae
687 2262 798 2336 cladis
817 2263 996 2336 sublatum
1015 2262 1076 2350 iri,
1097 2267 1132 2335 ot
1151 2262 1225 2336 suis
1244 2262 1369 2336 occisis
1388 2266 1572 2353 parentare
1590 2264 1848 2357 suggerebant.
1880 2263 1957 2336 Non

399 2379 517 2473 potuit
543 2385 660 2454 tamen
687 2382 764 2455 Rex
791 2383 942 2458 clemens
975 2381 1110 2470 induci,
1143 2387 1184 2454 ut
1216 2381 1324 2456 etiam
1359 2381 1396 2455 in
1424 2382 1576 2458 maxime
1611 2383 1736 2457 noxios
1772 2388 1810 2458 ot
1842 2385 1954 2458 delac-

400 2500 508 2574 tionis
527 2501 691 2574 authores
709 2501 1017 2590 animadverteret,
1046 2506 1107 2576 out
1126 2501 1255 2589 ruinis,
1276 2501 1516 2595 incendiisque
1534 2502 1571 2578 in
1590 2507 1683 2578 tecta
1701 2503 1865 2577 innocua
1884 2525 1955 2578 sac

399 2619 507 2694 uiuet:
535 2620 758 2713 indignanter
784 2620 975 2696 ferentibus
1007 2621 1202 2715 plerisque,
1237 2622 1270 2696 ei
1298 2622 1437 2696 ciuitati
1467 2643 1610 2714 parsum
1637 2644 1730 2712 esse,
1765 2645 1866 2715 qnae
1895 2645 1955 2696 sua
2024 2627 2025 2640 '

399 2739 593 2814 delectione
620 2741 772 2833 amplius
789 2741 1002 2834 deliquerat,
1032 2763 1137 2834 quam
1156 2763 1235 2815 cum
1254 2742 1286 2816 ei
1305 2743 1452 2816 debebat
1466 2740 1497 2832 ³)
1526 2743 1713 2818 clementia
1731 2744 1836 2836 regia
1857 2744 1954 2836 igno

400 2859 468 2949 sci;
496 2859 660 2935 infestius
687 2861 780 2936 enim
807 2862 844 2936 in
871 2863 1001 2956 Regem
1029 2868 1065 2936 et
1091 2863 1251 2955 Regnum
1278 2861 1461 2952 Poloniae,
1495 2883 1599 2955 qnam
1626 2863 1799 2938 Grncilsri
1827 2864 1955 2937 debra-

400 2981 504 3056 chata
530 2985 596 3054 est.

508 3332 553 3404 bs
575 3349 655 3423 paco
676 3333 763 3406 lntar
785 3332 962 3406 cumeum
984 3336 1020 3404 ct
1040 3331 1177 3406 toleror
1199 3350 1297 3422 opera
1318 3332 1477 3422 budolpll
1500 3333 1641 3422 optrmpl
1664 3333 1847 3408 laruda!

895 3455 931 3524 at
952 3453 1124 3542 apostolici
1146 3453 1259 3543 legati
1282 3453 1447 3526 marcuit.

504 3699 672 3773 Lironiae
698 3700 891 3774 Marsalcus
920 3700 1136 3794 Molingrade
1155 3705 1190 3774 et
1209 3699 1265 3774 sni
1287 3699 1492 3792 complices,
1521 3699 1651 3772 auditis
1671 3700 1950 3790 conditionibus,

400 3843 489 3914 quae
515 3841 578 3912 per
603 3823 739 3912 partem
764 3819 897 3914 regiam
923 3841 986 3912 pro
1004 3820 1100 3912 pacis
1118 3824 1306 3913 perpetuae
1324 3819 1539 3892 confectione
1556 3819 1782 3910 petebantur,
1811 3821 1863 3892 ad
1883 3822 1949 3894 Lu-

400 3941 561 4016 dovicnm
587 3939 795 4032 Magistrum
822 3939 1005 4028 Prussiae,
1039 3961 1190 4032 suosque
1221 3939 1459 4027 consiliarios,
1493 3938 1529 4010 in
1557 3938 1677 4011 Obelm
1703 3939 1863 4028 reversi,
1893 3962 1949 4014 ox·

399 4059 526 4153 positis
544 4081 588 4134 ex
606 4059 727 4134 ordino
754 4059 905 4152 singulis
933 4059 1157 4150 tractatibus,
1186 4081 1274 4151 quae
1298 4059 1514 4134 conditiones
1534 4059 1783 4150 acceptandus,
1812 4081 1950 4151 quaere

399 4179 602 4254 refutamus
629 4181 758 4268 forent,
787 4179 1004 4268 consultant,
1032 4199 1221 4271 pacemque
1248 4179 1313 4252 snb
1341 4178 1608 4271 quibuscunque
1625 4177 1716 4271 Regi
1730 4178 1763 4268 4)
1792 4179 1951 4270 placeret

400 4299 675 4387 conditionibus,
704 4298 859 4391 accipere
885 4299 1114 4388 concludunt,
1149 4298 1242 4372 haud
1273 4297 1405 4391 ignari
1438 4301 1609 4389 quantum
1642 4297 1712 4372 sibi
1742 4297 1884 4372 virium
1911 4301 1950 4371 ad

401 4418 516 4492 omnia
542 4417 736 4511 Choynicua
762 4419 877 4494 euicta
903 4418 1122 4493 decessisset.
1155 4417 1269 4492 Veriti
1295 4417 1455 4510 insuper,
1489 4438 1532 4490 ne
1559 4417 1650 4492 circa
1677 4437 1714 4490 se
1741 4421 1949 4510 quoquein

400 4538 546 4612 Prnssia
572 4538 689 4611 omnia
714 4543 870 4627 ruerent,
900 4539 961 4630 qni
987 4538 1094 4630 probe
1121 4538 1251 4612 ciuium
1279 4558 1420 4611 suorum
1448 4536 1599 4625 animos,
1633 4541 1668 4609 et
1695 4537 1949 4628 stipendiarios

400 4679 483 4732 suos
510 4659 553 4731 ad
581 4658 746 4750 exiguum
774 4678 956 4731 numerum
983 4659 1157 4747 redactos,
1190 4659 1315 4732 ethos
1342 4657 1438 4749 ipsos
1470 4657 1507 4729 in
1535 4657 1740 4730 seditionem
1768 4663 1805 4729 et
1833 4659 1946 4732 rabol-

398 4779 528 4853 lionam
560 4782 681 4852 contra
713 4799 749 4850 se
781 4781 938 4869 spectare
966 4778 1009 4851 ob
1036 4799 1106 4850 non
1133 4777 1288 4851 solutum
1320 4777 1396 4849 illis
1428 4776 1529 4849 annis
1561 4776 1684 4849 multis
1712 4777 1946 4869 stipendium,

398 4903 556 4987 nossent,
585 4897 623 4971 in
650 4918 785 4970 omnem
812 4897 1019 4972 seditionem
1046 4897 1359 4989 deiectionemque,
1388 4895 1670 4991 quamprimum
1698 4897 1836 4970 occasio
1867 4899 1946 4972 sub-

397 5024 506 5109 esset,
536 5022 727 5110 serpturos.
755 5015 926 5092 Victricia
950 5017 1096 5112 iusuper
1113 5016 1325 5092 Polonorum
1344 5037 1440 5092 arma
1457 5016 1562 5092 veriti
1581 5017 1806 5092 cumulatiori
1822 5019 1946 5092 ordine

507 5291 530 5373 ¹)
554 5292 751 5355 summunt
778 5295 877 5353 nuum
907 5289 1082 5352 omimium
1110 5289 1252 5352 aaronis
1280 5289 1392 5366 negem
1421 5284 1484 5351 aa.
1507 5285 1601 5372 aspa.
1634 5285 1662 5369 ο)
1683 5289 1756 5352 nrm
1778 5289 1861 5351 nrm
1884 5285 1946 5351 aa

402 5393 493 5484 Lipa.
518 5393 544 5476 ⁸)
566 5400 600 5458 nt
621 5395 649 5458 ei
672 5394 780 5457 debeat
800 5389 863 5456 Ed.
878 5388 969 5476 Lipa.
994 5388 1021 5472 ⁴)
1044 5392 1188 5455 (lasimiro
1209 5391 1351 5455 Poloniae
1372 5391 1448 5470 Regi
1470 5386 1533 5454 Ed.
1555 5387 1646 5476 [ἅμ
