4090 6290
346 551 420 628 192
851 567 965 626 nmen
990 565 1234 624 ouonnonrus
1262 547 1375 640 (run).
1609 542 1676 646 (Α.
1697 543 1742 620 D.
1764 541 1890 644 14711.)

338 759 412 834 bris
432 757 459 851 ¹)
487 757 704 834 advenerunt
731 755 775 842 10Ι
795 757 931 833 Nouam
963 756 1148 832 Civitatem
1181 755 1350 846 Koronin,
1389 755 1589 848 Stephanus
1625 754 1796 830 rideMcet
1828 755 1888 828 Oo-

342 903 415 955 mss
444 880 707 973 Soaepusiensis
734 880 924 973 Fungarus
943 883 978 952 01
997 878 1225 952 Wenceslaus
1245 877 1469 978 Becalrouslri
1488 878 1530 950 de
1549 877 1759 971 Ouarnigrod
1779 877 1891 950 Bebe-

341 1023 431 1076 mus.
467 1002 513 1074 Ft
539 1000 755 1095 negligentia
788 1000 844 1073 sui
877 999 984 1092 Regis
1000 997 1044 1090 1),
1078 999 1170 1091 qnod
1200 999 1294 1071 bello
1321 998 1502 1070 barbarico
1529 1019 1607 1071 cum
1635 997 1761 1072 Fureis
1789 1019 1889 1070 econ·

342 1126 447 1216 patus
476 1125 586 1210 esset,
615 1121 763 1194 celerius
790 1119 891 1193 missi
917 1142 986 1192 non
1015 1124 1129 1208 erant,
1159 1122 1340 1208 excusata,
1378 1117 1501 1191 diebus
1535 1119 1651 1192 decem
1679 1140 1744 1210 pro
1772 1139 1891 1191 recon-

343 1241 522 1317 ciliatione
540 1241 703 1334 Magistri
721 1240 888 1314 Pruseiae
907 1245 942 1312 et
961 1239 1018 1312 sui
1036 1239 1194 1329 Ordinis,
1219 1239 1312 1331 apud
1337 1237 1556 1312 Karimirum
1575 1239 1743 1312 Poloniae
1762 1239 1893 1332 Regem

344 1370 380 1436 01
406 1362 625 1436 consiliarios
653 1383 752 1450 suos,
781 1361 818 1434 in
845 1360 1020 1453 frequenti
1039 1364 1123 1433 tunc
1141 1379 1285 1432 numero
1305 1362 1548 1452 congregatos,
1568 1359 1690 1433 fideles
1711 1379 1796 1432 snos
1814 1380 1894 1450 ope·

344 1505 402 1557 ras
429 1483 617 1557 navabant.
651 1482 852 1556 Fxbibebat
884 1483 975 1556 enim
1003 1501 1040 1555 ee
1068 1481 1235 1574 Magister
1266 1479 1432 1554 Prussiae
1459 1500 1537 1552 cum
1566 1479 1658 1568 suis,
1690 1483 1897 1573 0101101001

345 1603 525 1678 difficilem
562 1603 606 1676 ad
635 1602 882 1695 praestandum
914 1601 1094 1676 Kanimiro
1121 1601 1213 1694 Regi
1248 1598 1573 1694 101110ςο00001)
1610 1601 1751 1674 debitae
1784 1599 1895 1674 tideli-

345 1724 431 1798 tatis
459 1728 494 1797 01
522 1722 749 1796 subiectionis
776 1723 1027 1796 iuramentum:
1057 1727 1235 1811 astruens,
1265 1722 1357 1814 quod
1375 1722 1446 1794 Deo
1466 1726 1501 1794 et
1518 1721 1654 1794 homini
1673 1725 1820 1814 (001000
1839 1742 1899 1813 par

346 1843 521 1920 hominem
553 1845 686 1936 Regem
717 1843 920 1938 Hungariae
953 1842 1138 1932 Mathiam)
1176 1842 1385 1916 contrariam
1418 1841 1559 1916 lecisset
1589 1842 1898 1934 pollicitationem,

346 1987 410 2040 neo
437 1987 474 2040 se
501 1965 545 2038 ad
571 1964 815 2038 iusiurandum
841 1985 904 2056 per
930 1963 1013 2036 illos
1040 1963 1157 2037 decern
1189 1963 1264 2036 dies
1293 1963 1414 2036 induci
1444 1963 1660 2054 patiebatur3
1693 1963 1900 2038 reconcilia·

347 2085 455 2160 tionis
483 2105 620 2178 qnoque
648 2105 745 2177 spos,
773 2105 843 2157 non
863 2083 938 2158 sino
957 2084 1189 2158 amaritudine
1209 2089 1243 2158 01
1262 2084 1396 2172 doloro,
1421 2089 1456 2158 et
1475 2083 1624 2176 quadarn
1641 2083 1901 2176 desperatione,

349 2206 526 2281 recidebat
553 2206 590 2278 in
617 2205 769 2279 irritum.
798 2205 849 2278 De
877 2226 943 2296 quo
968 2203 1024 2276 sui
1043 2225 1178 2294 ornnes,
1207 2208 1243 2277 et
1268 2205 1412 2279 Fratres
1431 2203 1474 2278 de
1493 2203 1636 2293 Ordine,
1666 2209 1702 2278 et
1729 2204 1904 2278 militares

350 2332 386 2403 01
413 2327 524 2416 cives,
554 2325 615 2418 qui
634 2347 751 2400 seeum
769 2326 999 2414 advenerant,
1024 2324 1271 2417 multipliciter
1289 2325 1597 2399 excruciabantur:
1626 2326 1904 2400 destructionem

352 2469 451 2522 suam
479 2446 637 2521 videntes
664 2446 861 2536 imminere,
890 2446 934 2518 ad
952 2445 1271 2520 reconciliationem
1291 2446 1507 2520 efficiendam
1536 2465 1657 2537 operas
1688 2445 1799 2520 etiam
1823 2467 1905 2519 snas

353 2567 587 2643 intenderant.
615 2549 725 2640 Erant
747 2571 864 2640 autern
887 2565 942 2639 hi:
974 2565 1148 2640 Iohannes
1167 2567 1209 2640 de
1228 2567 1373 2659 Fupben
1388 2567 1420 2656 1)
1447 2586 1595 2659 magnus
1624 2566 1906 2655 commendator,

355 2689 556 2782 Stephanus
576 2685 844 2782 Sternberger5)
860 2685 1103 2761 Osterodensis
1122 2686 1402 2776 Oommendator,
1423 2688 1548 2760 Frater
1562 2687 1740 2761 Iohannes
1759 2689 1804 2762 de
1822 2688 1906 2760 Les·

356 2831 418 2884 sen
454 2807 684 2884 cancellarius
720 2806 899 2902 Magistri,
934 2807 1127 2882 Oanonicus
1159 2811 1194 2882 et
1226 2808 1359 2882 electus
1391 2808 1691 2899 Pomesaniensis,
1726 2809 1908 2884 Fabianus

354 2930 579 3004 Decretorum
614 2928 759 3018 Doctor,
793 2927 987 3003 Oanonicus
1019 2927 1326 3003 Wratislaviensis
1363 2933 1482 3022 (quem
1514 2930 1667 3004 Mathias
1701 2931 1908 3023 Hungariaa

354 3051 449 3140 Rex,
485 3053 527 3122 ut
563 3046 725 3142 Magistri
761 3052 796 3124 et
832 3047 973 3122 Ordinis
1008 3049 1104 3142 parti
1138 3048 1368 3124 consultando
1404 3050 1602 3141 prodesset,
1639 3051 1778 3144 peritus
1817 3049 1910 3124 enim

356 3170 446 3245 iuris
474 3175 509 3245 et
535 3168 712 3262 practicus
739 3167 907 3261 antiquus
934 3169 1145 3258 habebatur,
1179 3169 1253 3243 suis
1287 3170 1487 3261 sumptibus
1518 3173 1794 3262 transmiserat),
1824 3172 1910 3244 Fra·

358 3297 413 3366 ter
448 3291 600 3365 Mathias
642 3289 874 3383 Zebeburgar,
917 3291 1042 3365 Frater
1081 3291 1248 3364 Killanus
1289 3291 1543 3385 Gutenbcrger,
1584 3293 1711 3366 Frater
1752 3291 1911 3365 Frideri·

358 3433 420 3488 cus
458 3411 943 3501 (101000101011),Ι1100000
974 3411 1062 3485 alias
1091 3410 1267 3485 Adrianus
1299 3413 1457 3485 notarius
1485 3412 1663 3506 Magistri,
1701 3413 1789 3487 itanu
1824 3413 1911 3486 Oen·

357 3533 463 3607 radus
491 3533 532 3606 de
551 3531 713 3624 Fgelstin
729 3532 772 3621 ⁷),
800 3532 926 3604 Daniel
949 3533 991 3606 de
1010 3532 1185 3624 Kunhopn
1199 3531 1231 3622 8)
1259 3532 1364 3605 iudex
1392 3533 1736 3626 Brandsborgensis,
1761 3534 1912 3606 Ambro-

359 3654 433 3727 sius
452 3653 639 3726 Parwanth
653 3651 697 3742 1),
725 3651 895 3724 Nicotaus
913 3653 1096 3741 Kanthar,
1116 3654 1290 3726 Iohannes
1309 3653 1461 3744 Proplre,
1482 3654 1641 3726 Donatus
1662 3655 1837 3746 Woyther
1856 3655 1911 3742 ¹⁰),

358 3773 548 3861 militares,
569 3771 739 3864 Georgius
759 3772 894 3844 Malsalr
910 3773 966 3862 11),
994 3773 1128 3846 Ρο0100
1148 3774 1222 3845 Hor
1237 3771 1293 3861 11),
1322 3772 1490 3846 Nicotaus
1510 3772 1806 3865 Κο1001011011),
1826 3775 1912 3847 000·

360 3894 455 3967 sulse
486 3897 522 3966 01
553 3891 648 3966 cives
680 3892 722 3964 de
754 3891 943 3984 Kinsberg.
982 3893 1027 3965 Et
1064 3893 1225 3984 quamvis
1258 3893 1426 3986 Magister
1457 3893 1689 3984 Ρ100010011)
1722 3916 1806 3967 oum
1839 3894 1914 3966 suis

359 4011 507 4086 iniurias
535 4032 659 4103 graves
688 4015 722 4084 01
750 4031 906 4084 enormes
934 4033 954 4083 a
981 4013 1161 4085 Kanimiro
1188 4013 1356 4086 Poloniae
1383 4013 1479 4104 Rege
1506 4035 1543 4086 se
1562 4014 1739 4106 accepisse
1759 4015 1913 4106 allegas·

360 4136 454 4220 seut,
483 4135 626 4223 propter
652 4151 738 4224 quas
766 4131 904 4204 licitum
932 4132 1000 4205 sibi
1023 4133 1210 4224 putabant,
1240 4132 1361 4206 foedus
1388 4133 1485 4223 pacis
1508 4138 1698 4226 perpetuae
1721 4138 1913 4207 temerare:

362 4251 505 4329 articuli
532 4257 649 4324 tamen
680 4251 894 4344 gravaminis
921 4273 984 4343 per
1010 4273 1068 4326 eos
1096 4253 1134 4326 in
1162 4252 1305 4344 seriptis
1337 4252 1429 4342 dati,
1461 4258 1542 4344 post
1568 4255 1837 4345 responsionem
1863 4275 1914 4327 re

361 4374 472 4467 giam,
500 4371 544 4445 ad
571 4371 654 4444 illos
682 4372 826 4459 factam,
856 4371 893 4443 in
919 4393 1061 4466 gravem
1093 4373 1175 4446 illos
1208 4373 1447 4468 contusionem
1474 4379 1509 4447 01
1535 4374 1730 4447 ludibrium
1759 4375 1914 4446 adduxe·

363 4498 459 4582 rant,
498 4491 725 4584 palpantibus
753 4491 949 4565 oratoribus
976 4492 1085 4586 Regis
1112 4493 1330 4586 Hungariae,
1359 4493 1442 4565 illos
1470 4499 1593 4566 tenues
1620 4500 1656 4566 01
1683 4497 1808 4586 paleas
1828 4515 1914 4579 esse,

364 4612 671 4715 denuntiaverunt.
704 4611 830 4704 Itaque
867 4612 1014 4686 nuntius
1042 4613 1150 4706 Regis
1187 4613 1484 4704 1000011011111),
1518 4618 1553 4686 01
1580 4614 1762 4687 Fabianus
1789 4616 1917 4688 Ductor

474 4850 498 4934 ¹)
520 4853 631 4914 mensis
654 4851 791 4914 Octobris
812 4848 878 4915 Ed.
903 4847 993 4935 La'pa
1018 4848 1042 4932 ²)
1067 4851 1114 4913 sui
1135 4853 1226 4930 Regis
1248 4851 1378 4914 Mathiae
1400 4848 1465 4914 Ed.
1488 4848 1578 4937 Lipr.
1607 4850 1632 4931 11)
1655 4853 1765 4931 Regno
1789 4874 1846 4917 suo
1866 4856 1917 4916 Po

364 4957 463 5020 ionias
484 4953 548 5019 Ed.
571 4952 662 5039 Lipe.
686 4953 713 5034 ⁴)
736 4954 882 5032 'Fhapbcn
910 4951 986 5016 Ceut.
1010 4950 1118 5017 Przcz.
1142 4955 1281 5045 (Tisian).
1306 4953 1332 5036 ο)
1355 4957 1517 5034 Stherberg
1540 4951 1616 5020 Coc.
1640 4954 1754 5020 Przez.
1776 4960 1918 5037 Steyberg

366 5057 429 5123 Ea.
453 5055 546 5142 Lipo.
572 5058 769 5141 (Streitberg).
793 5055 819 5136 ⁶)
844 5056 1052 5119 Gabelsehatel
1076 5053 1154 5120 Coc.
1178 5054 1287 5121 Przez.
1310 5059 1499 5140 (Gcbsattcl).
1517 5057 1542 5135 ⁷)
1557 5061 1734 5138 Egyelsztin
1751 5059 1818 5125 Ed.
1834 5060 1916 5145 Lapa

367 5162 568 5244 (Egloistein).
602 5161 627 5242 8)
650 5163 801 5223 Knuthein
826 5157 902 5224 Ceo.
926 5158 1034 5223 Przcz.
1058 5161 1240 5240 (Kunheim).
1272 5161 1298 5240 1)
1322 5163 1472 5222 Peruanth
1500 5161 1575 5224 Ood.
1603 5161 1716 5226 Przeae.
1749 5165 1916 5244 (Perband).

372 5265 412 5346 ¹⁰)
436 5265 601 5343 Weythner
622 5258 686 5326 Ed.
710 5262 801 5355 lips.
829 5264 869 5344 ¹¹)
891 5267 1045 5326 Malaehalr
1068 5263 1132 5327 Ed.
1155 5263 1245 5348 Lipa.
1274 5263 1311 5343 ¹²)
1331 5267 1396 5326 Inor
1414 5261 1489 5327 Coc.
1506 5263 1615 5328 Perea.
1637 5265 1676 5346 ¹³)
1693 5269 1834 5329 Keiselm
1850 5264 1916 5330 Coc„

368 5367 478 5431 Przea.
500 5369 694 5448 Kieysohelin
716 5365 780 5430 Ed.
804 5364 893 5450 Lipr.
921 5365 959 5448 ¹⁴)
982 5370 1125 5446 Magister
1147 5369 1286 5430 Prussiae
1308 5368 1453 5430 Martinus
1475 5361 1539 5432 Ed.
1561 5367 1654 5451 Lipe.
1684 5369 1725 5450 15)
1749 5374 1856 5434 Nuntii
1869 5372 1916 5432 lla·

370 5473 417 5550 gis
439 5472 610 5550 Hungariae
633 5472 812 5533 denunciant
833 5468 888 5532 Ec
911 5468 1004 5554 Lipa.
