4264 6280
396 541 443 611 54
901 563 1014 616 arnna
1041 563 1286 617 1111111111
1314 546 1428 634 (x111).
1664 543 1729 642 (Α.
1749 541 1794 654 D,
1815 539 1943 640 1448.)

393 747 477 839 egit.
506 749 617 820 Tanta
644 753 761 820 autem
790 749 858 821 luit
885 751 1059 822 exultatio
1092 752 1245 824 omnium
1274 743 1386 823 terrae
1414 751 1579 824 Podoliac
1611 751 1782 822 nobilium
1809 757 1844 823 et
1871 761 1941 823 tcr-

393 868 590 960 rigomarum
619 869 661 941 de
688 869 783 962 regio
816 869 985 952 adventu,
1021 893 1081 962 per
1109 893 1210 964 quem
1244 873 1431 963 sperabant
1458 878 1587 944 terram
1616 872 1781 944 Podoliae
1809 871 1852 942 ad
1880 871 1941 942 bo·

392 1011 476 1060 nnm
504 989 658 1062 ordinem
685 995 721 1062 et
748 1009 867 1082 pacem
895 992 1028 1080 reduci,
1058 998 1098 1064 ut
1125 993 1320 1066 liberaliter
1347 993 1436 1085 Regi
1463 993 1505 1065 de
1532 991 1632 1064 villis
1661 993 1734 1064 suis
1767 991 1943 1082 duplicem

393 1115 613 1200 praestarent
645 1110 843 1183 stationem.
877 1111 1112 1186 Praemiserat
1145 1119 1261 1188 antem
1294 1115 1371 1187 Rex
1391 1115 1418 1202 ¹)
1447 1115 1489 1185 de
1517 1113 1740 1206 Iagyelnicna
1767 1113 1853 1183 duos
1881 1111 1941 1183 ha-

392 1251 510 1317 rones,
540 1230 705 1304 videlicet
724 1233 868 1304 Petrum
887 1233 1094 1306 Odrouansn
1113 1235 1309 1326 palatinum
1328 1235 1593 1326 Leopoliensom
1627 1239 1662 1306 et
1694 1231 1944 1305 Praedborium

393 1349 435 1422 de
463 1351 731 1444 Konyecapolye
756 1355 986 1426 castellanum
1007 1355 1339 1443 Sandomiriensem,
1365 1355 1408 1426 ad
1426 1356 1571 1428 Petrum
1591 1353 1835 1445 Wopenodam
1854 1353 1942 1423 1111-

393 1471 532 1559 111111,
561 1478 602 1544 11
629 1473 846 1564 praedictnm
879 1475 1023 1546 Petrum
1055 1477 1156 1548 bonis
1185 1481 1219 1547 ot
1246 1477 1405 1548 honestis
1438 1475 1561 1548 mediis
1594 1475 1798 1546 inducerent
1826 1478 1861 1545 ct
1887 1493 1941 1543 re-

393 1591 571 1682 quirerent
598 1594 642 1664 ad
669 1595 917 1684 praestandum
946 1598 1035 1688 Regi
1063 1597 1242 1669 Kanimiro
1270 1597 1482 1688 homagium,
1513 1599 1547 1668 et
1565 1603 1606 1668 ut
1630 1598 1759 1668 Ducem
1789 1593 1941 1665 Michae-

392 1711 478 1800 lem,
507 1713 619 1785 filium
648 1714 732 1786 olim
760 1715 977 1808 sigismundi
1005 1718 1123 1810 Magni
1151 1718 1258 1790 Ducis
1287 1717 1514 1805 lithuaniac,
1544 1739 1646 1809 quem
1675 1716 1767 1808 apud
1792 1735 1829 1786 sc
1847 1716 1942 1786 love-

392 1832 453 1905 bat
480 1837 515 1906 et
543 1836 781 1924 sustentabat,
816 1837 900 1926 sibi,
933 1843 1100 1930 tanquam
1132 1841 1284 1926 hostem,
1318 1843 1568 1930 praesentaret.
1602 1837 1648 1910 Rt
1676 1836 1837 1928 quamvis
1864 1835 1942 1927 ipse

392 1954 520 2026 Petrus
558 1953 765 2047 Wopeuoda
799 1959 995 2032 hloldariae
1028 1960 1267 2034 consentiebat
1298 1959 1499 2032 huiusmodi
1530 1959 1729 2051 homagium
1763 1960 1873 2029 lacere
1906 1961 1942 2028 ct

393 2095 528 2148 ornnem
555 2076 762 2149 fidelitatem
781 2078 949 2168 debitam,
980 2102 1072 2153 more
1096 2103 1237 2154 suorum
1256 2081 1576 2172 praedecessorum,
1606 2079 1785 2152 Karimiro
1804 2077 1894 2170 Regi
1910 2075 1942 2167 2)

392 2200 586 2286 praestare:
615 2197 734 2272 venire
762 2202 879 2272 tamen
907 2202 950 2272 ad
978 2202 1210 2291 praesentiam
1238 2203 1346 2294 Regis
1370 2201 1542 2273 Karimiri
1570 2200 1706 2287 timuit3
1735 2203 1942 2292 suggestum

392 2314 485 2388 enim
513 2316 582 2389 sibi
610 2318 678 2390 fuit
704 2340 765 2410 per
792 2322 989 2415 quempiam
1005 2321 1035 2412 3)
1063 2344 1107 2394 ex
1137 2323 1283 2396 consilio
1316 2322 1487 2394 Karimiri
1515 2322 1639 2414 Regis,
1674 2320 1765 2411 quod
1793 2319 1940 2411 captivi-

392 2436 477 2508 tatis
505 2437 643 2511 laturus
673 2446 781 2529 esset,
812 2443 842 2514 si
870 2443 1066 2530 adveniret,
1096 2443 1288 2515 molestias.
1317 2441 1433 2534 Igitur
1460 2441 1558 2512 misit
1576 2441 1620 2512 ad
1639 2441 1769 2533 Regem
1798 2439 1940 2510 nuntios

399 2577 480 2628 suos
513 2560 704 2650 notabileS,
738 2563 902 2636 videlicet
938 2565 1063 2657 Nagon
1089 2546 1254 2636 baronem
1286 2567 1321 2634 et
1349 2563 1554 2634 lliohcelem
1586 2560 1833 2634 cancellarium
1864 2579 1942 2631 cum

393 2676 475 2749 aliis
495 2679 629 2752 duobus
653 2682 858 2772 baronibuS,
880 2685 1100 2776 supplicans,
1129 2689 1169 2756 ut
1188 2686 1266 2757 Rex
1281 2684 1313 2772 4)
1342 2683 1410 2756 sibi
1429 2705 1497 2756 non
1516 2682 1708 2774 imputaret
1726 2681 1769 2753 ad
1789 2681 1939 2772 culpam,

393 2797 485 2888 quod
512 2800 631 2873 venire
659 2795 703 2874 ad
731 2823 830 2876 suam
858 2806 1091 2896 praesentiam
1124 2810 1267 2896 propter
1292 2809 1423 2876 metum
1450 2825 1519 2874 non
1546 2807 1699 2895 poterat,
1734 2801 1881 2874 offerens
1897 2800 1939 2890 5),

393 2917 578 2993 dummodo
607 2929 700 2996 essct
728 2945 887 3014 scaurus,
917 2931 951 2997 et
978 2925 1178 3016 homagium
1207 2930 1242 2997 et
1269 2924 1451 2997 fidelitatis
1483 2929 1661 3015 praestare
1692 2923 1939 2994 iuramentum.

392 3039 523 3112 Ducem
555 3039 637 3114 vero
670 3044 874 3117 Michaelem
906 3047 1110 3117 nullatenus
1139 3068 1176 3118 se
1203 3065 1306 3136 posse
1338 3033 1398 3116 ant
1431 3045 1523 3116 11111
1556 3044 1644 3135 Regi
1660 3043 1691 3132 6)
1718 3047 1942 3134 praesentare

393 3161 587 3249 astruebat,
617 3185 694 3235 cum
714 3185 876 3257 magnum
896 3165 1065 3238 incideret
1083 3165 1247 3252 dedecus,
1278 3165 1307 3236 si
1327 3163 1524 3255 Principem
1545 3163 1780 3250 innocentem,
1808 3163 1940 3255 regiam

392 3280 541 3370 gratiam
570 3288 605 3355 et
633 3283 808 3356 iustitiam
836 3287 1089 3376 postulantem,
1119 3282 1179 3376 qui
1208 3285 1251 3356 ad
1279 3285 1380 3355 illum
1408 3285 1620 3356 confidenter
1652 3285 1750 3356 uelut
1778 3283 1820 3354 ad
1853 3283 1938 3354 arni-

393 3417 470 3472 cnm
499 3407 657 3491 venerat,
687 3404 776 3496 Regi
804 3405 955 3477 dederet.
987 3405 1126 3478 Obtulit
1154 3411 1268 3477 tamen
1297 3425 1374 3477 enm
1393 3405 1422 3492 7)
1451 3405 1647 3476 decaetero
1675 3405 1711 3475 in
1740 3404 1938 3476 molestiam

393 3523 428 3591 ot
454 3541 619 3596 nauseam
647 3524 754 3617 Regis
769 3523 813 3614 Β),
844 3526 879 3597 in
908 3526 983 3597 suis
1011 3526 1184 3598 Dominiis
1211 3547 1280 3596 non
1309 3531 1437 3596 terrere.
1467 3525 1543 3596 Rex
1564 3529 1679 3596 autem
1696 3524 1738 3612 ¹),
1768 3525 1939 3596 delibera·

393 3638 488 3714 tione
515 3643 651 3732 habita,
681 3645 792 3717 mittit
816 3646 919 3718 Petro
941 3646 1168 3736 Woyewodae
1188 3645 1383 3717 Moldaviae
1403 3647 1540 3736 largum
1560 3646 1697 3716 salvum
1717 3645 1938 3731 conductum,

393 3779 598 3834 assecurare
627 3785 704 3837 eum
733 3766 775 3836 de
803 3765 895 3837 omni
924 3767 1059 3838 timore.
1096 3764 1184 3837 Dum
1217 3771 1332 3838 autem
1362 3766 1437 3856 ipse
1465 3765 1592 3836 Petrus
1620 3764 1844 3855 Woyeuoda,
1875 3765 1939 3836 hu·

393 3878 545 3953 iusmodi
582 3885 680 3956 salvo
718 3886 892 3958 conductu
929 3891 1167 3972 assecuratus,
1207 3885 1326 3958 uerrire
1359 3887 1401 3957 ad
1433 3885 1666 3976 praesentiam
1704 3883 1810 3977 Regis
1830 3886 1875 3974 1ο)
1903 3885 1940 3957 in

393 3998 626 4094 Kamienyecn
654 4003 870 4095 disponeret,
901 4011 935 4079 et
962 4007 1032 4078 iam
1060 4007 1097 4077 in
1124 4011 1277 4078 castrum
1306 4006 1466 4078 (lhocnim
1490 4007 1707 4094 aduenisset,
1736 4006 1940 4078 Kaaimirus

393 4119 471 4192 Rex
490 4120 546 4210 ¹¹),
576 4143 707 4196 moram
739 4126 907 4217 temporis
940 4128 1083 4199 sufferre
1119 4149 1188 4198 non
1220 4129 1341 4199 valens
1374 4133 1408 4197 et
1440 4127 1547 4197 nimio
1581 4132 1680 4199 aestu
1713 4127 1940 4198 Lithnaniam

391 4240 506 4314 redire
532 4238 749 4333 desiderans,
779 4267 821 4318 ne
849 4245 1113 4320 conventionem
1146 4269 1207 4338 pro
1236 4246 1291 4319 die
1319 4247 1530 4318 Natiuitatis
1568 4247 1716 4319 Sanctae
1746 4247 1876 4320 llariae
1895 4245 1940 4336 ¹²)

392 4360 429 4432 in
456 4361 842 4455 Nonagrodelx‚'iuxta
869 4368 1125 4440 conclusionem
1146 4389 1223 4439 cum
1243 4367 1431 4438 Lithnanis
1455 4365 1626 4455 habitam,
1656 4367 1866 4460 negligeret,
1896 4389 1940 4440 ex

395 4480 645 4575 Kamienpecn,
676 4487 780 4558 rebus
800 4488 977 4575 1111111,
1004 4511 1091 4579 quae
1110 4487 1400 4560 consummationi
1420 4494 1518 4559 erant
1545 4488 1739 4578 proximae,
1769 4488 1941 4580 neglectis

393 4605 429 4672 11
457 4603 611 4692 omissis,
641 4605 727 4677 feria
755 4613 879 4698 quarta
899 4615 979 4681 ante
1007 4611 1134 4681 festum
1163 4608 1284 4681 Sancti
1313 4608 1573 4680 Bartholomaei
1606 4608 1785 4696 discessit,
1820 4609 1940 4680 missis

394 4726 544 4812 quatuor
570 4723 758 4798 baronibus
787 4729 830 4798 ad
858 4727 1001 4801 Petrum
1030 4725 1273 4820 Wopeuodam
1293 4725 1348 4816 ¹³),
1378 4728 1543 4800 videlicet
1565 4729 1721 4801 Iohanne
1741 4730 1784 4817 ¹¹)
1813 4730 1940 4802 castel·

500 5050 523 5129 ¹)
547 5052 707 5114 Gasimirus
730 5054 870 5115 Poloniae
892 5055 955 5116 Rex
978 5052 1041 5115 Ec.
1064 5051 1155 5136 Lips.
1181 5053 1206 5132 ¹)
1230 5056 1305 5132 Regi
1328 5055 1469 5116 Polcniae
1491 5053 1553 5116 Ed.
1570 5051 1661 5137 Lipe.
1687 5055 1712 5134 ³)
1729 5075 1782 5133 per
1797 5057 1942 5132 quosdam

394 5149 470 5217 cod.
495 5152 560 5216 Lis.
585 5153 610 5231 ⁴)
633 5157 696 5216 Rex
720 5157 880 5217 Casimirus
903 5155 966 5218 Ed.
989 5155 1080 5240 Lipc.
1106 5156 1133 5235 ⁵)
1156 5157 1281 5218 offerens
1305 5177 1337 5218 sc
1360 5155 1422 5220 Ea.
1446 5155 1536 5240 Istps.
1561 5157 1587 5235 ⁶)
1611 5159 1686 5236 Regi
1710 5160 1854 5220 Gasimiro
1878 5156 1940 5221 Ed.

393 5255 482 5339 Lipc.
508 5256 533 5336 ⁷)
557 5259 682 5319 cundem
704 5257 766 5320 Ed.
791 5257 881 5342 Lapa.
908 5257 934 5341 ⁸)
958 5263 1048 5336 Regis
1072 5263 1208 5321 Gasimiri
1231 5257 1293 5323 Ed.
1319 5258 1407 5343 Lr'pa
1436 5260 1461 5338 ⁹)
1486 5261 1670 5323 chautem
1693 5259 1944 5324 0111111111Εᾶ.

393 5358 483 5443 Lipc.
511 5359 551 5439 ¹⁰)
574 5361 730 5422 Wladislai
752 5364 843 5438 Regis
866 5360 928 5422 Ed.
957 5361 1044 5444 Lips.
1083 5359 1122 5445 ¹¹)
1146 5365 1287 5424 Poloniac
1316 5365 1378 5425 Rex
1405 5363 1469 5425 Ed.
1493 5363 1583 5447 Lipa
1622 5365 1656 5442 ¹²)
1680 5367 1807 5426 Sanctae
1829 5367 1942 5427 Mariae

391 5464 524 5542 Virginis
545 5461 609 5528 Ed.
634 5461 724 5547 Lapa.
754 5463 789 5542 ¹³)
812 5466 979 5526 Moldaviac
1002 5467 1183 5527 Voieuodam
1198 5464 1261 5527 Eu.
1277 5464 1367 5550 Lips.
1397 5465 1435 5546 ¹¹)
1452 5470 1562 5529 Ioanne
1578 5469 1615 5530 dc
1631 5469 1746 5530 Onizow
1766 5466 1829 5530 Ed.
1845 5467 1941 5552 Lipr.
2073 5507 2082 5523 ·
