4152 6270
99 539 159 642 (Α.
177 539 224 614 Ι).
243 535 372 638 idid.)
605 561 718 614 amna
743 559 990 614 nuonaonnrue
1017 541 1131 632 (nm).
1566 485 1639 614 ree

99 861 272 936 ieainirus
293 861 378 948 tex,
406 861 612 945 ,6616611166
640 862 819 934 sententiis
841 861 1110 948 consiliariorum,
1141 861 1339 934 deditium
1362 865 1472 934 tenen
1494 861 1642 936 Pmssiee

99 985 257 1072 66666161.
287 983 401 1073 togati
431 983 663 1058 1661166666
693 983 905 1058 satieetienis
928 985 964 1055 et
986 983 1192 1056 obedientiae
1218 983 1392 1072 praestent
1413 984 1643 1070 iuramentum

99 1104 300 1195 quibusdan
323 1108 413 1178 certa
436 1107 624 1196 6666666166
645 1106 791 1194 6616661,
815 1108 850 1178 61
872 1105 1155 1195 perticipationem
1177 1106 1317 1178 666166
1339 1104 1527 1180 iitertetrn
1541 1105 1643 1195 tegni

788 1227 951 1300 attribuit.

198 1477 391 1569 Legatione
410 1476 614 1549 huiusmodi
630 1476 673 1550 ad
688 1475 874 1549 consilinm
888 1475 1033 1566 reiecta,
1053 1497 1133 1549 cnm
1153 1475 1348 1549 sententiae
1362 1473 1642 1550 consiliariorum

96 1597 308 1686 variassent3
342 1596 517 1690 Sbigneue
549 1596 642 1670 enirn
674 1595 870 1670 cardinalis
889 1599 929 1687 1),
962 1598 1000 1669 16
1027 1597 1127 1670 66166
1156 1596 1366 1670 6661661166
1399 1595 1502 1689 66661
1529 1597 1641 1687 ibent,

96 1738 312 1810 summopere
339 1717 582 1804 dissuadebat,
612 1721 732 1791 contra
757 1718 877 1791 foedus
897 1722 932 1792 et
950 1718 1211 1807 iusiurandum,
1239 1717 1452 1792 deditionem
1470 1717 1641 1810 accipien-

96 1839 172 1910 dam
201 1859 292 1911 esse:
321 1838 451 1912 caeteri
478 1859 597 1912 omnes
625 1839 859 1912 ecelesiastici
878 1843 912 1912 61
931 1841 1128 1913 6666616666
1152 1838 1434 1928 consentiebant,
1463 1857 1642 1912 6666616-

95 1959 227 2032 sionem
253 1958 481 2050 recuperandi
508 1964 620 2032 terras
648 1959 763 2052 Regni
790 1960 957 2033 Poloniae
989 1961 1184 2033 abstractas
1210 1959 1455 2052 negligendam
1482 1959 1642 2033 decerne·

94 2081 191 2152 bant.
219 2080 394 2152 Iohannes
421 2079 465 2152 (16
492 2079 643 2154 caisnov
671 2081 885 2153 castellanus
901 2079 932 2171 2)
960 2080 1216 2169 cracoviensis,
1244 2081 1476 2172 acceptandae
1495 2080 1641 2154 deditio·
1724 2064 1728 2069 ’

94 2200 148 2272 616
164 2198 196 2289 ³)
224 2200 413 2291 primarius
445 2201 571 2272 author
603 2200 687 2288 fuit,
721 2200 1002 2293 deditionemque
1034 2201 1147 2293 ipsam
1179 2221 1248 2273 non
1279 2201 1548 2292 aspernandam,
1582 2201 1643 2273 sed

95 2321 342 2413 acceptandam
370 2321 524 2394 censuit:
553 2321 745 2413 multiplici
776 2325 850 2400 tarn
876 2321 1028 2410 ratione,
1058 2343 1161 2414 quam
1184 2325 1362 2414 respectu,
1392 2321 1552 2414 iniquum
1572 2323 1644 2395 iore

94 2446 128 2514 et
155 2441 362 2514 damnosum
393 2441 634 2534 reipublicae
665 2441 849 2530 dictitans,
883 2443 935 2531 id,
970 2442 1062 2534 quod
1094 2441 1187 2514 votis
1220 2441 1381 2515 omnibus
1410 2442 1643 2534 expetendum

94 2566 183 2650 erat,
212 2563 308 2634 ultro
332 2562 512 2650 telletum,
541 2562 716 2652 fastidire,
736 2583 799 2638 nec
818 2583 953 2654 semper
970 2563 1093 2651 licere,
1113 2564 1206 2655 quod
1224 2584 1316 2635 nnnc
1335 2563 1434 2652 licet,
1459 2583 1523 2636 nec
1542 2583 1644 2655 saepe

92 2703 132 2754 66
149 2682 213 2754 (116
231 2683 340 2756 talem
372 2703 412 2756 ec
439 2687 573 2756 tantam
602 2682 816 2757 occasionem
840 2704 989 2757 mernere.
1019 2685 1127 2756 quta
1146 2684 1246 2756 ouius
1266 2682 1528 2776 persuasionem
1546 2705 1640 2756 mur·

92 2825 171 2876 mur
204 2803 365 2876 obortum
398 2804 503 2876 etiam
531 2803 742 2877 dissidentes
774 2803 818 2876 ad
850 2825 1057 2877 eonsensum
1089 2803 1280 2895 pertraxit,
1316 2807 1559 2896 statutumque
1590 2808 1646 2877 est

92 2924 127 2995 id
143 2923 188 3013 4),
220 2924 312 3015 quod
339 2924 459 3014 plures
487 2929 705 2998 censuerant.
735 2925 781 2996 Et
809 2924 970 3016 quamvis
995 2924 1168 3016 Sbignens
1188 2924 1384 2997 cardinalis
1399 2923 1442 3013 ⁵),
1471 2925 1645 2997 Iohannes

93 3043 406 3116 Wledislavionsis
426 3043 627 3136 episcopus,
655 3044 887 3136 nonnullique
906 3045 968 3117 alii
988 3044 1245 3133 dissuaderent,
1274 3043 1449 3117 Iohannes
1468 3045 1510 3118 de
1530 3046 1643 3116 Than-

91 3164 169 3238 cain
198 3163 378 3256 palatinus
402 3164 643 3238 cracoviensis
663 3177 698 3238 et
716 3165 845 3239 caeteri
863 3165 996 3238 differri
1014 3187 1087 3238 rem
1106 3169 1326 3257 expeterent:
1356 3166 1544 3238 secundum
1564 3187 1643 3238 oon-

90 3285 323 3358 snltationem
350 3289 467 3359 tamon
494 3286 664 3358 Iohannis
692 3287 733 3360 de
753 3286 904 3360 caisnovv
923 3286 1155 3376 castellenii)
1184 3271 1423 3359 cracoviensis
1442 3290 1477 3358 et
1496 3286 1644 3358 aliorum

90 3405 272 3478 decretum
299 3407 351 3478 11.
381 3405 585 3498 Quindecim
614 3412 649 3480 et
676 3407 829 3499 amplius
849 3408 923 3482 dies
942 3408 979 3480 in
998 3407 1227 3480 consultando
1256 3407 1449 3498 absumpti,
1478 3411 1519 3479 ut
1538 3407 1643 3480 etiarn

89 3525 250 3600 iuniores
269 3526 313 3598 ad
332 3526 518 3599 consilium
546 3528 808 3601 adhiberentur.
836 3527 978 3602 Placuit
1000 3528 1198 3616 nonnullis,
1227 3548 1300 3600 rem
1319 3528 1363 3599 ed
1381 3527 1645 3602 conventionem

87 3649 294 3738 generalem
323 3647 470 3736 differri,
500 3653 535 3720 et
562 3649 747 3742 praecipue
775 3649 925 3722 Iohanni
951 3649 994 3722 de
1020 3648 1196 3722 Theronis
1227 3648 1384 3740 palatino
1412 3642 1664 3737 cracoviensi,

88 3774 124 3841 et
152 3768 301 3841 interim
333 3766 544 3841 Lithuaniae
575 3770 722 3843 barones
764 3770 912 3842 consuli.
952 3771 1210 3843 Prutheuorum
1241 3768 1367 3861 legati,
1401 3769 1576 3842 mentione
1603 3770 1645 3843 de

87 3888 287 3962 differendo
315 3888 451 3977 andita,
480 3889 609 3962 iterum
632 3895 799 3964 venerant
827 3895 982 3980 oratum,
1009 3912 1053 3964 66
1080 3911 1149 3982 qua
1176 3889 1299 3962 dilatio
1327 3891 1442 3977 fieret;
1471 3889 1645 3962 siminus

87 4009 279 4082 crederent
310 4009 441 4102 Regem
469 4010 510 4084 de
537 4009 713 4084 deditione
743 4031 862 4083 eorum
886 4011 1064 4084 solicitum
1095 4032 1165 4082 non
1196 4031 1288 4099 esse,
1322 4032 1359 4084 se
1390 4011 1484 4082 omni
1510 4010 1586 4084 iure
1601 4009 1644 4100 ⁷),

85 4128 348 4222 honestateque
376 4130 413 4202 in
439 4130 669 4204 restituendis
701 4131 805 4204 terris
836 4131 909 4220 hie,
944 4153 1090 4224 quorum
1119 4135 1233 4218 eraut,
1267 4131 1356 4203 66116
1383 4131 1584 4224 6661666166
1599 4130 1644 4220 ⁸),

84 4249 279 4342 Principes
306 4249 476 4322 finitimos
505 4251 743 4342 quaesituros,
778 4251 839 4343 qui
871 4252 1086 4324 deditionem
1118 4271 1236 4324 eorum
1263 4251 1400 4344 gratius
1428 4251 1646 4344 celeriusque

84 4371 334 4463 susciperent3
363 4371 637 4463 apparebatque,
666 4393 724 4446 eos
753 4371 790 4444 in
818 4371 1023 4445 Bohemiam
1051 4372 1228 4464 externplo
1255 4371 1379 4444 ituros
1395 4373 1439 4444 ed
1458 4371 1647 4446 Bohemiae

84 4491 228 4584 Regem
255 4491 475 4580 ladislaum,
504 4513 566 4584 per
594 4512 696 4584 quem
724 4497 759 4565 61
786 4513 868 4565 6666
896 4493 939 4566 de
966 4492 1143 4566 deditione
1161 4513 1224 4583 per
1242 4513 1300 4565 eos
1319 4492 1547 4584 acceptanda,
1576 4492 1646 4565 iam

83 4632 169 4704 spes
201 4611 334 4705 legatis
361 4612 528 4686 Pressius
557 4614 649 4686 iacta
681 4614 805 4687 iuerat.
843 4614 881 4686 Is
908 4618 1088 4705 respectus
1121 4612 1278 4705 perpulit
1309 4613 1440 4706 Regem
1468 4613 1644 4686 6166661-

82 4732 218 4806 liarios
234 4733 277 4822 9),
305 4737 347 4805 61
374 4733 543 4807 dilatione
571 4734 729 4826 quelibet
757 4735 1039 4826 circumscripta,
1069 4734 1144 4808 sine
1163 4732 1386 4807 cunctatione
1406 4733 1538 4808 (1611116
1556 4733 1645 4808 ecci-

201 4952 228 5036 ¹)
254 4956 421 5018 cardinalis
437 4961 468 5018 ot
483 4957 649 5034 Episcopus
674 4959 881 5020 cracoviensis
904 4953 967 5020 Ed.
985 4955 1075 5041 1166.
1093 4953 1120 5042 1)
1137 4958 1324 5020 castellanus
1340 4961 1370 5018 et
1385 4957 1566 5034 Oapitsnens
1583 4949 1647 5019 Ed.

84 5057 188 5142 Lips.
217 5057 243 5138 ³)
267 5059 426 5120 deditionis
448 5065 593 5120 terrarum
615 5062 754 5122 Prussiae
777 5058 840 5122 Ec.
863 5058 957 5143 Lips.
976 5057 1002 5140 4)
1020 5080 1054 5122 eo
1073 5055 1148 5123 Coei.
1165 5058 1273 5123 Przez.
1292 5057 1317 5141 ὗ)
1335 5061 1501 5121 cardinalis
1517 5061 1647 5137 6111616-

82 5181 182 5241 copus
210 5162 418 5224 Oracoviensis
440 5160 503 5224 Ed.
526 5161 617 5246 Lips.
649 5161 677 5243 1)
702 5164 862 5225 castellani
892 5169 922 5224 61
952 5164 1106 5241 capitanei
1128 5161 1191 5226 Ed.
1215 5161 1306 5246 Lips.
1331 5161 1358 5244 11)
1380 5163 1514 5243 Alioqui,
1538 5165 1564 5224 61
1587 5181 1647 5224 cre·

81 5268 196 5328 (166661
220 5267 334 5342 Regem
357 5266 545 5346 casimirum,
569 5267 606 5327 de
621 5285 676 5328 sua
691 5267 802 5327 ditione
824 5268 920 5328 minus
942 5268 1090 5328 solicitum
1112 5286 1191 5347 esse,
1215 5267 1294 5343 quod
1317 5268 1375 5327 iam
1397 5268 1476 5327 omini
1499 5269 1562 5327 iure
1584 5263 1648 5328 Ed.

80 5366 180 5453 [Aps.
209 5367 239 5445 ⁸)
263 5371 336 5430 66116
355 5369 504 5446 6661666611
527 5376 627 5432 essent
648 5366 715 5433 Ed.
738 5367 830 5453 Lips.
862 5368 888 5451 9)
912 5370 1087 5432 casimirum
1109 5371 1220 5448 Regem
1243 5375 1273 5432 et
1295 5371 1486 5432 Conciliarios
1507 5370 1649 5431 Poloniae

80 5471 150 5534 Ed.
176 5469 276 5554 [ripe.
