4052 6286
381 531 457 602 474
888 553 1002 606 ursus
1028 553 1273 606 nuonsenrus
1301 534 1415 624 (xm).
1649 531 1716 629 (Α.
1734 529 1777 606 D.
1794 535 1891 638 lidi.)

382 737 526 826 delicet,
560 737 797 810 Lnbuorensis
830 742 865 810 et
898 739 1155 830 Kemyensnsis
1187 738 1401 827 consistunt,
1432 737 1533 810 reddi
1564 758 1702 830 quoque
1733 744 1767 812 et
1792 747 1893 818 redditi

382 857 503 950 Regno
522 856 687 930 Poloniae
714 877 777 948 per
803 857 1025 931 clementiam
1053 859 1224 948 diuinam,
1252 879 1307 931 me
1334 858 1570 950 inspectante,
1599 858 1820 950 contingeret:
1842 865 1893 938 lae

381 977 450 1048 tior
477 977 568 1050 enim
597 977 724 1050 exhinc
751 977 979 1067 discederem,
1009 982 1044 1052 et
1070 979 1108 1050 in
1136 999 1256 1051 somno
1289 999 1363 1052 meo
1391 978 1552 1067 suarius,
1591 978 1798 1071 molliusque
1821 985 1892 1073 quie·

383 1098 510 1171 scendo
537 1098 786 1172 accumberem.

528 1450 752 1540 sigismundus
773 1450 860 1521 llius
883 1450 1034 1522 [criniri
1058 1450 1157 1540 Regis
1178 1449 1328 1522 delenire
1349 1451 1384 1522 ir
1406 1450 1612 1540 [euenisse
1635 1452 1789 1524 metus.

486 1697 529 1768 In
565 1718 646 1769 rure
681 1698 788 1769 sillae
820 1697 1054 1790 Konyenicne,
1083 1699 1120 1770 in
1147 1697 1373 1771 Radomiensi
1401 1719 1507 1789 supra
1535 1699 1686 1771 Wislam
1715 1700 1896 1774 consistente

383 1818 565 1905 districtu,
594 1818 795 1890 Kenimirus
823 1818 989 1891 Poloniee
1017 1818 1094 1891 Rex
1123 1819 1228 1890 huius
1257 1819 1339 1890 anni
1368 1819 1563 1890 Salvatoris
1591 1821 1746 1891 natalem
1764 1841 1834 1892 cum
1850 1823 1899 1894 Ro·

383 1937 466 2029 gina
494 1938 677 2010 Elisabeth
695 1938 768 2027 egit
787 1938 895 2026 diem,
924 1944 1066 2030 propter
1085 1939 1271 2030 epidimiae
1290 1943 1424 2029 pestem
1444 1939 1584 2011 lucilius
1604 1940 1831 2012 devitandum.
1854 1943 1901 2014 llis

384 2063 500 2130 autem
528 2058 640 2146 Iouis,
670 2059 782 2149 prima
809 2060 940 2130 mensis
968 2059 1141 2147 Ianuarii,
1171 2061 1235 2131 sub
1263 2060 1376 2131 noctis
1404 2060 1533 2146 medio,
1563 2059 1600 2130 in
1627 2060 1721 2131 diem
1750 2061 1901 2134 succeda-

384 2184 473 2266 tem,
503 2178 649 2269 quintus
676 2179 788 2266 filius,
819 2180 879 2251 sed
907 2184 1030 2251 octava
1057 2181 1189 2271 proleS,
1225 2180 1404 2250 Karimiro
1433 2179 1538 2271 Regi,
1566 2201 1629 2270 per
1655 2180 1832 2252 Elisabeth
1853 2182 1901 2253 Re-

383 2299 501 2391 ginam
529 2297 621 2390 apud
649 2298 866 2390 Konyenicue
893 2300 1083 2391 productus
1102 2305 1171 2372 est:
1201 2302 1295 2371 fonte
1314 2299 1480 2390 baptismi
1499 2321 1520 2371 a
1538 2301 1696 2371 Iohanne
1716 2300 1904 2373 cracoviensi

384 2418 563 2510 episcopo,
593 2420 658 2490 sub
686 2419 886 2509 praesentia
913 2421 1163 2492 nonnullorum
1190 2421 1375 2508 baronum,
1404 2421 1441 2491 in
1469 2421 1545 2492 loco
1573 2421 1691 2494 eodem
1712 2427 1904 2513 regeneratus

385 2543 454 2624 est,
483 2539 653 2630 geminati
681 2540 754 2626 aui,
784 2540 1018 2612 Romanorum
1047 2539 1212 2612 uidelicet
1240 2540 1484 2630 Imperatoris,
1505 2545 1540 2612 ct
1557 2540 1708 2614 alterius
1727 2541 1837 2632 Magni
1852 2543 1903 2611 llu-

385 2659 435 2730 eis
463 2657 693 2747 Lithuaniae‚
724 2659 958 2751 sigismundi,
988 2660 1324 2752 cognominationem
1353 2660 1510 2732 sortitus.
1649 2635 1657 2652 ⁸

421 3011 574 3101 Georgius
597 3029 617 3082 u
639 3011 749 3100 Regno
772 3011 941 3083 rorantes
964 3030 1021 3101 per
1043 3013 1201 3084 Summum
1223 3013 1408 3084 lentilesn
1431 3013 1617 3102 depositus,
1639 3015 1743 3084 misso
1765 3013 1875 3099 nunde,

518 3132 647 3221 allega
670 3131 829 3203 llurimiro
853 3133 1010 3222 exquirit,
1034 3151 1076 3204 un
1099 3134 1230 3205 leaders
1253 3151 1362 3205 seeum
1385 3135 1469 3206 initu
1491 3135 1537 3204 sil
1559 3134 1804 3206 obseruatum

491 3378 671 3450 Kanimiro
700 3384 816 3450 autem
844 3380 939 3472 Rege
966 3380 1053 3452 feria
1072 3381 1195 3472 quinta
1214 3387 1294 3453 ante
1316 3381 1774 3470 festumPurilicationis1)
1801 3401 1840 3453 ex
1855 3380 1908 3451 Ko-

389 3500 548 3592 uyenione
568 3499 604 3570 in
620 3504 731 3572 terras
750 3500 962 3591 Lithuaniae
981 3521 1202 3592 processuro,
1223 3502 1356 3574 Paulus
1375 3501 1602 3592 Praepositae
1622 3501 1827 3574 monasterii
1844 3501 1907 3591 sup-

388 3619 563 3692 radiensis
575 3617 605 3708 2)
633 3619 670 3691 in
689 3620 818 3711 Frage,
848 3620 938 3691 sacri
961 3620 1093 3692 ordinis
1112 3621 1277 3692 dominici
1296 3620 1609 3711 Hierosolymitani
1628 3621 1670 3692 de
1688 3621 1800 3695 rubea
1817 3622 1908 3702 Grues,

390 3762 410 3812 a
429 3739 525 3832 Rege
544 3740 732 3812 Bohsmiae
760 3739 908 3831 Georgio
928 3740 1059 3812 missus
1079 3741 1237 3829 aduenit,
1266 3742 1302 3813 id
1319 3742 1357 3812 in
1377 3762 1512 3812 summa
1529 3739 1644 3813 literis
1665 3747 1702 3813 et
1722 3761 1807 3814 roeo
1824 3763 1842 3812 a
1857 3739 1909 3812 lis

389 3860 512 3931 nimiro
540 3860 636 3951 Rege
663 3864 800 3950 petens:
834 3865 875 3930 nt
902 3859 1046 3932 clericos
1075 3882 1158 3933 snae
1186 3860 1347 3949 ditionis,
1376 3881 1548 3948 rumores,
1578 3861 1709 3952 quibus
1738 3861 1911 3932 Karimims

388 3979 554 4051 Poloniae
582 3980 659 4050 Rex
686 3979 998 4052 Wratislsuienses
1025 3981 1062 4052 in
1090 4001 1187 4052 suam
1216 3981 1466 4072 protectionem
1500 3987 1732 4071 suscepturus
1766 3981 1911 4074 significa·

387 4101 508 4186 batur,
529 4097 741 4171 disserentes
758 4098 800 4188 3),
822 4100 1014 4188 cohiberet,
1035 4105 1167 4172 certum
1188 4122 1324 4192 quoqne
1340 4101 1371 4189 4)
1391 4101 1578 4193 Georgium
1597 4101 1792 4174 Bohsmiae
1809 4102 1912 4192 Reges

390 4223 533 4307 faceret,
563 4219 746 4291 obseruare
782 4220 914 4292 velitne
951 4242 996 4291 an
1031 4243 1099 4291 non
1136 4221 1273 4293 foedera
1305 4241 1420 4294 secum
1448 4221 1484 4292 in
1513 4220 1685 4312 (llogouia
1715 4222 1818 4295 inita.
1857 4221 1912 4292 lan

389 4339 562 4432 siquidem
590 4341 767 4431 praefatus
801 4339 971 4430 Georgius
1004 4346 1227 4432 cognouerat,
1262 4362 1298 4413 se
1325 4363 1346 4412 a
1373 4342 1515 4413 Summo
1544 4340 1723 4414 Pontifice·
1746 4341 1853 4414 Paulo
1875 4359 1911 4411 se·

389 4461 517 4548 cundo,
552 4460 687 4531 solenni
719 4480 883 4551 processu
916 4461 1128 4550 instaurato,
1162 4482 1182 4531 a
1214 4461 1334 4553 Regno
1368 4461 1556 4533 Bohsmiae
1588 4461 1807 4551 depositum,
1836 4465 1866 4533 et
1884 4464 1913 4528 ut

389 4581 603 4652 haereticum
622 4581 815 4671 relapsum,
837 4581 1037 4652 demnatum
1057 4586 1092 4653 et
1111 4581 1204 4652 omni
1223 4581 1400 4671 privatum
1421 4582 1549 4652 honore
1567 4580 1688 4654 habito
1710 4587 1748 4655 et
1767 4579 1912 4662 habenda

389 4702 457 4773 iam
487 4705 642 4773 senserat
670 4701 840 4792 Legatum
869 4701 1100 4792 apostolieum
1128 4700 1353 4790 Rudolphum
1380 4700 1582 4791 episcopum
1610 4701 1862 4788 Larentinam,
1884 4698 1912 4768 de

389 4820 611 4911 suscipiendo
631 4821 751 4912 Regno
772 4821 958 4892 Bohsmico
978 4820 1196 4892 Karimirum
1216 4820 1346 4912 Regem
1366 4841 1491 4912 magna
1509 4841 1592 4892 cura
1604 4826 1647 4914 et
1661 4827 1793 4894 conatu
1808 4817 1913 4894 Summi

389 4940 573 5013 Pontificio
593 4940 732 5012 nomine
757 4941 969 5029 solicitasse,
998 4947 1033 5013 et
1052 4941 1205 5012 omnium
1225 4941 1497 5028 Catholicorum,
1527 4946 1599 5012 tam
1617 4941 1808 5031 baronum,
1836 4959 1913 5032 quan

390 5061 520 5133 civium
554 5065 588 5132 et
616 5059 823 5152 agrestium,
853 5061 890 5132 in
917 5062 1036 5154 Regno
1066 5061 1254 5134 Bohsmiae
1281 5060 1567 5150 consistentium,
1601 5083 1753 5154 quorum
1782 5057 1913 5151 Zdenped

391 5242 681 5251 ---—----—-—--—-—
691 5242 802 5248 -ς--α-

499 5335 522 5414 1)
545 5337 762 5397 Purificationis
792 5336 919 5395 Sanctus
948 5337 1060 5394 Mariae
1089 5333 1221 5410 Virginis
1251 5331 1313 5396 Ed.
1347 5331 1436 5415 Lipr.
1470 5333 1495 5410 ⁹)
1526 5335 1742 5396 Scheruderrsis
1765 5333 1827 5398 Ed
1847 5331 1914 5413 lips

393 5439 419 5521 ³)
444 5441 670 5500 disseminantes
693 5436 756 5500 Ed.
779 5436 869 5520 Lips.
894 5437 920 5513 ⁴)
945 5439 1155 5513 certioremque
1177 5435 1241 5502 Ed.
1260 5434 1350 5519 Lips.

1975 5323 1977 5418 l

1975 5419 1977 5520 l
