4052 6286
373 540 472 626 '456
846 587 847 590 κ
901 573 1015 628 arens
1040 555 1428 648 nuonnourus(x111).
1662 552 1729 654 (Α.
1749 553 1795 627 l).
1816 551 1942 651 1460.)

395 755 580 830 molestius
607 757 774 846 ferentes,
804 777 907 849 quam
936 763 992 831 sat
1019 762 1108 847 erat,
1137 758 1303 833 Prussiae
1330 759 1539 852 Magistrum
1567 763 1603 834 ot
1626 758 1791 834 Ordinem
1816 759 1856 832 in
1873 780 1941 831 cm·

395 896 474 948 nem
503 876 573 949 lere
601 875 815 949 dominatum
844 880 955 950 terrae
982 877 1163 966 Prussiae,
1192 899 1213 950 a
1241 899 1310 970 qua
1338 879 1455 968 facile,
1485 879 1516 952 si
1543 879 1638 968 Rex,
1666 883 1747 970 poet
1765 879 1942 972 conquisi-

396 1000 469 1068 tam
496 994 726 1088 thpuicaam
760 995 900 1068 enixius
926 996 1019 1069 ballo
1047 996 1226 1086 instando,
1263 998 1441 1092 Kinsberg
1472 998 1652 1072 obsidione
1674 1000 1863 1086 vallasset,
1892 1019 1943 1072 re

394 1114 579 1206 pellendus
606 1115 736 1204 iuerat,
766 1115 973 1188 admissum:
1001 1116 1124 1189 durius
1152 1120 1269 1190 tamen
1293 1119 1335 1191 ob
1359 1119 1395 1191 id
1414 1139 1434 1190 a
1453 1118 1695 1210 pontificibus,
1725 1118 1944 1208 caeterisque

396 1232 608 1308 consiliariis
637 1233 802 1307 Poloniae
830 1235 988 1328 coarguti
1020 1241 1119 1322 sunt,
1146 1236 1423 1325 disserentibus,
1452 1258 1512 1326 ue,
1542 1238 1633 1330 quod
1661 1238 1824 1310 omnibus
1852 1237 1945 1310 rotis

396 1354 628 1445 expetendum
647 1355 759 1426 iuerat
782 1357 816 1426 et
834 1355 927 1426 ultro
955 1354 1113 1443 offertur,
1142 1355 1359 1444 fastidirent,
1387 1377 1450 1430 neo
1482 1355 1714 1446 occasionem,
1743 1377 1836 1448 quae
1861 1357 1944 1428 sub·

398 1477 490 1559 erat,
526 1473 760 1566 negligerent3
787 1494 857 1546 non
884 1474 1173 1566 quemadmodum
1201 1495 1336 1566 semper
1361 1475 1482 1562 licere,
1512 1475 1604 1566 quod
1634 1496 1727 1548 nuuc
1753 1475 1858 1563 licet;
1891 1495 1943 1547 ac

397 1593 686 1684 mutandamque,
715 1613 785 1664 nou
811 1594 1081 1684 aspernandam,
1115 1599 1187 1666 tam
1221 1593 1424 1668 favorabilis
1456 1596 1616 1668 fortunae
1650 1595 1883 1682 oblationem,
1911 1594 1945 1666 iu

397 1713 585 1784 stultorum
613 1713 837 1804 computandi
864 1713 1000 1800 ordino,
1030 1713 1180 1804 siquod
1208 1713 1379 1805 superiori
1406 1719 1561 1806 tempore
1588 1734 1774 1805 perarma
1802 1719 1839 1787 et
1867 1733 1945 1786 san·

396 1832 552 1925 guinem,
581 1852 791 1925 maremque
817 1838 963 1905 mortem
988 1833 1138 1924 petitum
1157 1837 1229 1921 est,
1255 1833 1411 1909 oblatum
1429 1833 1625 1925 impediant
1643 1834 1839 1925 suscipere:
1871 1839 1946 1906 tan·

396 1952 474 2026 dem
501 1953 632 2044 stipsi
660 1951 809 2025 sanioris
837 1951 1048 2043 maiorisque
1079 1952 1191 2044 partis
1219 1954 1428 2028 seutentiam
1455 1953 1640 2040 aemulati,
1673 1953 1711 2026 in
1736 1953 1839 2044 pacis
1867 1973 1946 2026 con·

397 2071 564 2160 ditiones,
593 2070 708 2144 studio
736 2072 917 2164 Rudolphi
946 2072 1071 2164 Legati
1097 2071 1282 2163 apostolici
1309 2077 1344 2146 et
1371 2073 1512 2146 limatae
1540 2077 1576 2144 et
1593 2072 1769 2165 digestas,
1800 2092 1947 2145 consen·

397 2191 503 2264 tiunt.
542 2191 608 2283 Qui
636 2163 734 2264 caste
767 2192 970 2283 sincereque
1005 2190 1043 2262 iu
1073 2195 1208 2282 partem
1239 2195 1424 2283 utramque
1456 2192 1592 2266 duobus
1623 2213 1732 2284 prope
1764 2192 1950 2265 mensibus

397 2313 574 2400 uersatus,
603 2311 754 2382 fructum
783 2315 837 2384 est
863 2309 1120 2402 amplissimum
1140 2329 1223 2382 suae
1241 2309 1420 2384 missionis
1447 2317 1672 2384 consecutus:
1702 2332 1845 2384 summa
1872 2310 1950 2398 fide,

396 2428 587 2522 probitate,
616 2429 847 2518 continentia,
867 2429 1038 2520 puritate,
1059 2429 1329 2503 modestissimis
1348 2429 1520 2520 moribus,
1548 2430 1661 2523 partis
1680 2431 1876 2522 utriusque
1894 2431 1950 2504 be-

396 2548 632 2622 nerolentiam
664 2553 699 2622 et
725 2547 988 2622 extimationem
1022 2552 1229 2622 consecutus
1249 2549 1289 2638 ¹),
1324 2551 1431 2624 talem
1463 2570 1501 2622 se
1532 2550 1570 2623 in
1601 2570 1687 2642 paca
1718 2550 1950 2638 conficienda,

396 2670 503 2743 talem
530 2668 568 2740 in
595 2667 800 2742 dirimendis
827 2666 1113 2756 difficultatibus,
1144 2668 1251 2742 talam
1280 2669 1317 2742 iu
1344 2669 1579 2743 dissolvendis
1607 2669 1752 2743 nodosis
1772 2670 1951 2761 discepta-

396 2788 568 2876 tionibus,
599 2789 704 2864 talem
731 2787 875 2878 iusuper
902 2786 938 2859 in
966 2787 1179 2860 admonendo
1208 2793 1243 2862 et
1269 2789 1509 2880 persuadendo
1540 2789 1652 2882 gessit
1681 2789 1778 2881 parti
1808 2789 1952 2880 utrique

397 2907 599 3000 integritate
626 2905 842 3000 gratissima,
871 2911 912 2978 ut
939 2906 982 2978 ad
1001 2927 1073 2980 rem
1092 2907 1204 2998 ipsam
1228 2907 1359 2999 optimo
1383 2910 1452 2982 fine
1472 2909 1761 3000 componendam,
1793 2908 1951 2982 divinam

397 3026 454 3098 illi
481 3026 657 3100 affulsisse
683 3025 848 3118 gratiam,
876 3046 946 3098 nou
973 3045 1073 3099 secus
1106 3047 1210 3118 quam
1237 3027 1335 3118 pacis
1363 3029 1502 3120 angelo,
1531 3029 1744 3100 mirarentur
1776 3029 1950 3115 universi,

397 3144 529 3238 gratias
547 3145 603 3218 illi
621 3145 794 3218 reddendo
814 3145 990 3236 ingentes,
1019 3145 1111 3236 quod
1138 3147 1271 3218 bellum
1298 3151 1415 3235 atrox,
1443 3147 1652 3220 horrendum
1672 3151 1707 3220 et
1725 3147 1949 3236 diuturnum,

397 3264 543 3339 oonsilio
572 3265 818 3354 saluberrimo,
851 3263 1055 3356 integritate
1087 3265 1290 3338 admiranda
1317 3271 1351 3340 et
1379 3266 1512 3340 virtute
1539 3266 1686 3354 eximia,
1720 3267 1893 3340 incendia
1919 3273 1951 3340 et

399 3385 581 3478 sanguinis
607 3384 751 3456 humani
782 3384 955 3476 profluvia
985 3383 1226 3474 restrinxerit,
1260 3385 1625 3478 disiunctissimosqus
1658 3387 1832 3478 populos,
1863 3387 1950 3460 odiis

397 3505 720 3599 propensioribus
747 3509 937 3594 certantes,
967 3525 1071 3596 quam
1100 3504 1250 3594 viribus,
1280 3506 1323 3578 ad
1346 3505 1617 3597 pulcherrimam
1637 3510 1672 3577 et
1690 3504 1949 3594 uniformem2)

401 3625 660 3718 idemptitatem
674 3624 870 3712 reduxerit,
887 3628 922 3698 et
936 3623 1047 3697 solido
1059 3622 1089 3714 3)
1109 3623 1361 3698 consociarerit
1376 3625 1511 3699 foedere
1528 3628 1633 3716 atque
1650 3624 1821 3717 glutinio.
1843 3625 1950 3717 Quem

401 3745 485 3818 dum
517 3743 785 3838 gradficatiouis
818 3743 974 3816 studium
1005 3749 1123 3835 partes
1154 3743 1333 3817 abdicasse
1359 3764 1502 3835 prorsus
1529 3743 1707 3832 viderant,
1737 3744 1887 3817 facilius
1908 3745 1948 3817 il-

397 3866 469 3938 lius
487 3863 749 3958 persuasionem
776 3862 1015 3955 acceptabant.
1044 3862 1114 3936 Sed
1141 3867 1176 3936 et
1202 3882 1272 3953 pax
1295 3863 1373 3956 ipsa
1391 3863 1611 3936 Kaaimirum
1629 3863 1801 3938 Poloniae
1820 3865 1947 3958 Regem

398 3986 588 4073 mulcebat,
622 3983 683 4076 qui
711 3983 778 4056 etsi
805 4003 843 4055 se
870 3981 1100 4056 arbitraretur
1126 3987 1161 4056 ot
1190 3982 1266 4056 iure
1293 3987 1328 4056 et
1354 3982 1513 4058 victoriis
1546 3983 1779 4074 superiorem,
1816 3984 1854 4056 iu
1883 4005 1947 4058 me·

397 4104 477 4178 liori
504 4107 620 4178 tamen
635 4102 666 4191 ⁴)
695 4122 758 4174 sua
786 4102 924 4175 fortuna
952 4102 1075 4175 ridens
1099 4101 1141 4175 de
1160 4123 1246 4194 pace
1273 4103 1347 4196 agi,
1376 4107 1481 4194 atque
1499 4102 1537 4175 in
1556 4102 1722 4176 secundis
1740 4102 1869 4192 rebus,
1897 4125 1944 4176 sa·

396 4225 468 4297 tius
497 4244 601 4315 quam
633 4221 669 4294 iu
697 4221 871 4310 adversis,
906 4242 1026 4315 sapere
1059 4221 1331 4295 solertissimum
1364 4222 1511 4310 ducens,
1547 4243 1669 4313 pacem
1702 4227 1885 4314 acceptat:
1912 4245 1945 4296 eo

397 4344 540 4435 ache
568 4345 603 4416 et
629 4340 841 4414 consiliariis
868 4341 1000 4414 credita
1028 4341 1189 4430 solidior,
1223 4363 1291 4433 quo
1319 4341 1543 4434 aequioribus
1571 4341 1856 4430 conditionibus,
1886 4343 1942 4416 Le

396 4466 477 4555 gato
505 4461 696 4554 apostolico
723 4458 895 4550 dictante,
924 4459 1117 4552 composita
1133 4461 1180 4550 5);
1210 4481 1250 4534 eo
1277 4462 1422 4552 iusuper
1440 4461 1483 4533 ad
1502 4460 1777 4551 componendum
1808 4468 1943 4535 notatus

398 4583 529 4656 fervere
561 4580 698 4669 ardore,
732 4583 773 4652 ut
804 4579 964 4670 quamvis
995 4579 1107 4671 pestis
1140 4581 1326 4671 epidimica
1359 4579 1466 4652 etiam
1493 4579 1531 4651 in
1559 4579 1703 4651 Thoruu
1734 4580 1941 4674 irrepsisset,

398 4707 433 4778 et
458 4701 579 4793 plures
606 4721 648 4774 ex
676 4698 851 4772 militibus
879 4699 953 4770 suis
981 4703 1016 4772 et
1043 4699 1269 4772 interioribus
1285 4699 1316 4788 ⁰)
1350 4698 1577 4786 consiliariis,
1612 4699 1834 4793 caeterisque
1860 4723 1941 4774 mor·

398 4821 550 4909 talibus,
579 4818 731 4911 singulis
759 4817 882 4891 diebus
915 4819 1093 4906 caderent,
1123 4817 1356 4910 Sandirogius
1388 4818 1533 4909 insuper
1558 4818 1601 4891 de
1623 4819 1863 4894 Laneuanicre
1889 4841 1940 4912 pa

400 4940 532 5014 latinus
570 4937 797 5026 Siradiensis,
835 4942 1062 5030 posteaquam
1091 4960 1111 5010 a
1137 4943 1236 5029 peste
1262 4938 1425 5026 invasus,
1454 4936 1559 5012 tortia
1586 4937 1643 5010 die
1675 4939 1865 5028 ceciderat,
1892 4935 1939 5011 Io'

394 5063 528 5135 hannes
555 5056 770 5132 Gnesnensis
797 5057 1079 5150 archiepiscopus
1106 5056 1326 5149 periclitatus
1354 5076 1455 5149 aegre
1477 5061 1655 5130 eraserat:
1685 5079 1754 5130 non
1774 5079 1815 5131 sa
1832 5063 1940 5130 taum

505 5335 529 5418 ¹)
551 5337 678 5398 obtinuit
699 5330 763 5396 Ed.
786 5329 880 5413 Lipa.
911 5328 935 5410 ¹)
958 5328 1136 5392 maiomam
1158 5323 1222 5390 Ed.
1246 5323 1337 5410 Dipo.
1366 5325 1393 5407 ⁸)
1416 5327 1502 5389 solito
1524 5323 1589 5390 Ed.
1612 5323 1704 5410 Dipo.
1729 5325 1756 5408 ⁴)
1781 5334 1879 5392 nmen
1895 5327 1928 5391 de

398 5448 444 5506 ea
464 5439 503 5507 ia
526 5433 602 5504 coc.
627 5433 716 5501 Cala.
741 5433 769 5518 l)
792 5435 955 5513 composita
976 5438 1022 5496 est
1042 5429 1105 5496 Ed.
1130 5429 1224 5514 Ltpc.
1249 5428 1277 5512 ⁸)
1300 5431 1487 5493 interioribus
1509 5427 1573 5492 Ed.
1597 5426 1690 5513 la'pa.
