4090 6290
384 544 459 619 630
818 505 821 510 ¹
888 567 1000 622 nunna
1025 566 1269 620 nnonuenrus
1297 549 1411 638 (xm).
1644 543 1712 644 (A
1732 543 1779 617 m
1799 541 1929 642 1475.)

380 772 493 840 arces,
523 752 683 842 quemvis
711 751 905 824 altissimae
933 755 967 825 et
994 751 1266 840 munitissimae,
1296 752 1447 842 quaein
1475 750 1625 826 circuitu
1651 751 1767 826 Saliae
1786 754 1928 829 11101111

380 874 414 945 et
441 871 484 943 ad
511 871 639 944 Osffam
666 871 903 962 pertinebant,
933 876 1034 962 capta
1061 871 1155 945 delia
1181 872 1218 944 in
1244 871 1455 945 deditionem
1483 872 1586 944 Γ111101
1615 893 1749 964 uenere,
1782 875 1927 968 Singuli

378 991 495 1064 nuntii
522 995 558 1066 et
585 993 822 1084 exploratores
851 992 1020 1083 Stephani
1053 993 1295 1084 Woyewodae,
1323 996 1358 1066 et
1384 993 1541 1065 universi
1571 998 1784 1067 mercatores
1818 994 1925 1067 Vala-

379 1109 493 1198 chiae‚
522 1133 664 1184 numero
692 1117 831 1184 centum
859 1113 1057 1204 sexaginta,
1087 1113 1180 1203 apud
1207 1112 1335 1185 Gaffam
1357 1111 1503 1204 reperti,
1532 1112 1632 1184 iussn
1652 1114 1773 1200 Turci,
1803 1114 1926 1207 gladio

378 1230 535 1322 percussi
558 1232 600 1320 1);
639 1232 755 1305 clades
792 1231 944 1303 maxime·
979 1235 1014 1304 et
1049 1237 1215 1304 cruentus
1246 1231 1385 1324 gladius
1420 1232 1458 1304 in
1494 1231 1677 1305 universos
1714 1233 1859 1306 ordines
1890 1241 1926 1307 et

379 1354 512 1423 aetates
539 1350 771 1424 desaeviebat.
799 1349 873 1422 Nec
901 1350 987 1422 satie
1015 1348 1144 1422 virium
1161 1350 1199 1422 in
1217 1372 1271 1423 me
1290 1356 1358 1437 est,
1387 1355 1428 1422 ut
1455 1351 1679 1424 crudelitates
1702 1351 1922 1442 innumeras,

379 1490 466 1561 quae
492 1470 640 1544 ultionis
667 1470 806 1544 divinae
833 1470 962 1543 vindex
994 1470 1149 1562 gladius,
1183 1472 1225 1542 ob
1253 1470 1505 1543 immanissima
1536 1471 1746 1545 (lobiensium
1776 1474 1923 1562 scelera,

377 1589 583 1662 abarbaris
608 1591 673 1663 illa
699 1591 756 1664 die
782 1591 858 1668 fieri
885 1589 1063 1681 permisit,
1091 1611 1229 1681 possem
1256 1591 1299 1662 ad
1326 1591 1467 1681 plenum
1495 1590 1700 1664 describere.
1729 1593 1925 1665 'lurcorum

377 1708 502 1781 Saessr
528 1716 599 1783 tam
626 1710 757 1803 insigni
784 1710 930 1783 victoria
958 1712 1087 1797 elatus,
1118 1715 1153 1782 et
1180 1709 1293 1783 Oaffae
1321 1731 1424 1802 quam
1451 1711 1640 1802 plurimum
1666 1711 1798 1800 matus,
1829 1714 1924 1805 quod

377 1827 414 1900 in
442 1849 482 1901 ea
508 1851 529 1902 a
556 1829 805 1904 catholicorum
837 1831 972 1923 Regum
1004 1837 1039 1904 et
1070 1831 1273 1923 Principum
1305 1830 1440 1903 nuntiis
1471 1831 1515 1902 ad
1545 1833 1739 1922 parandum
1769 1835 1806 1905 et
1832 1834 1923 1914 iufe-

376 1949 523 2022 rendnm
551 1949 619 2024 sibi
646 1951 778 2024 bellum
809 1950 912 2038 liben'
938 1951 1068 2024 fiebant
1099 1955 1307 2039 conuentus,
1345 1950 1458 2042 ipsam
1485 1955 1520 2023 et
1546 1951 1682 2024 moenia
1709 1952 1789 2026 eius
1817 1954 1923 2047 longo

375 2072 531 2160 tempore
557 2071 725 2158 munirit;
754 2075 879 2163 erpost
894 2070 924 2161 2)
952 2093 1033 2145 vero
1052 2072 1269 2163 Byalogrode
1288 2070 1493 2159 Valentino,
1526 2070 1629 2144 terris
1656 2077 1693 2145 et
1710 2072 1835 2161 nudis,
1866 2094 1922 2146 ac-

375 2189 529 2262 cessione
555 2191 834 2264 Thestoricarnm
862 2192 990 2263 virium
1018 2195 1158 2279 auctus,
1187 2191 1367 2264 imminere
1393 2191 1517 2282 coepit.
1547 2192 1634 2263 Tum
1661 2191 1817 2282 primum
1847 2193 1920 2265 Ka·

374 2308 518 2382 aiminus
550 2311 717 2384 Poloniae
749 2313 827 2384 Rex
855 2311 1111 2385 denuntiationi
1144 2311 1240 2384 fideli
1273 2311 1442 2402 Stephani
1469 2311 1699 2402 Woyewodae
1726 2312 1922 2386 Valachiae

373 2429 543 2504 creditum
570 2431 682 2520 dedit,
712 2436 747 2504 et
766 2435 915 2524 quatuor
933 2431 1055 2505 diebus
1074 2432 1166 2523 apud
1185 2431 1438 2505 Sandomiriam
1457 2431 1681 2520 immoratus,
1712 2431 1752 2502 in
1780 2432 1919 2504 Noram

373 2545 567 2623 Civitatem
594 2551 747 2624 Koreain
774 2550 886 2638 venit,
915 2551 1059 2642 illicque
1085 2573 1149 2642 pro
1175 2551 1231 2624 die
1250 2551 1401 2624 secunda
1427 2549 1514 2622 Iulii
1531 2548 1573 2639 3),
1602 2571 1681 2622 0111
1699 2551 1919 2642 primoribus

371 2668 599 2758 consiliariis,
634 2677 704 2743 tam
737 2670 1003 2760 ecclesiasticis,
1037 2691 1140 2761 quam
1173 2670 1426 2758 saecularibus,
1460 2675 1684 2758 conventum,
1713 2670 1920 2745 tardissime

373 2793 488 2862 tamen
503 2791 546 2878 4),
575 2790 706 2862 tenuit:
735 2813 804 2862 non
831 2797 902 2863 tarn
930 2790 1000 2862 iam
1028 2791 1204 2882 Stephano
1223 2790 1452 2882 Woyewodae
1469 2795 1504 2862 et
1522 2789 1681 2878 1011105)
1709 2789 1915 2878 Valachiae,

372 2929 475 2998 qnam
503 2909 606 2982 terris
620 2910 652 2998 6)
679 2910 847 2983 Podoliae
864 2916 899 2983 et
916 2909 1066 2983 Russiae
1098 2931 1338 2983 succursurus.
1369 2911 1568 3002 Stephanus
1592 2909 1685 2983 enim
1703 2909 1918 3000 Woyewoda

371 3026 574 3118 Valachiae,
602 3029 685 3102 dum
712 3051 823 3121 neque
849 3051 870 3101 a
896 3029 1074 3103 Kauimiro
1102 3031 1268 3103 Poloniee
1291 3031 1386 3123 Rege
1417 3030 1658 3121 frequentibus
1690 3030 1832 3102 nuntiis
1861 3051 1915 3102 so

370 3146 521 3236 licitato,
550 3169 662 3240 neque
690 3171 710 3220 a
737 3149 870 3221 Mathia
897 3149 991 3242 Rege
1023 3150 1241 3242 Hungeriae,
1276 3171 1377 3240 quem
1405 3149 1654 3222 adferendum
1683 3149 1754 3221 sibi
1781 3151 1914 3240 praesi-

370 3265 465 3338 dium
492 3288 552 3358 per
580 3269 847 3341 Stancuulonem
879 3269 1132 3358 solicitaverat,
1166 3278 1305 3360 sperata
1336 3269 1463 3342 solatia
1478 3269 1508 3358 ⁷)
1540 3268 1750 3359 accepisset,
1786 3274 1824 3341 et
1850 3270 1914 3342 irn-

368 3406 486 3476 parem
514 3407 551 3458 se
578 3408 654 3459 cnm
683 3389 793 3460 anco
817 3387 860 3459 ad
879 3388 1113 3460 dimicandum
1140 3394 1274 3460 nosset:
1303 3388 1468 3480 prudenti
1486 3387 1633 3460 consilio
1652 3408 1755 3476 usus,
1787 3391 1915 3461 eastris
2042 3421 2043 3428 ¹

369 3505 443 3577 suis
470 3511 647 3599 utcunque
674 3509 824 3599 provisis
853 3514 888 3581 et
915 3508 1055 3596 locatis,
1088 3509 1124 3580 in
1153 3513 1302 3596 montes,
1337 3508 1447 3582 siluas
1474 3513 1509 3579 et
1535 3527 1718 3594 cavernas,
1749 3511 1786 3580 et
1814 3528 1853 3580 se
1880 3514 1915 3580 et
2041 3531 2042 3548 ³

366 3627 535 3716 populum
568 3649 670 3699 suum
701 3627 872 3700 condidit:
910 3627 1058 3718 tempori
1090 3627 1328 3714 commodiori,
1361 3627 1399 3699 11
1434 3647 1518 3718 qno,
1554 3627 1665 3698 Turco
1697 3625 1912 3716 discedente,
2041 3689 2043 3698 ,

366 3745 518 3835 patriam
532 3745 563 3835 8)
596 3767 798 3838 recuperare
829 3753 963 3840 posset,
998 3769 1035 3818 se
1062 3752 1097 3819 et
1122 3752 1260 3839 gentem
1293 3767 1392 3819 snam
1424 3751 1637 3819 seruaturus.
1672 3746 1911 3838 Septuaginta

366 3886 568 3958 magnarum
596 3867 739 3939 nerium
771 3869 882 3939 classe
915 3866 1145 3938 maximarum
1172 3887 1276 3957 opum
1304 3867 1428 3954 moles,
1463 3865 1679 3956 captiuorum
1708 3883 1850 3957 quoque
1878 3875 1912 3938 et

364 3985 570 4074 praesertim
597 3986 804 4059 traditorum
832 3988 994 4076 frequens
1021 4007 1201 4073 nnmerue,
1230 3985 1267 4058 in
1294 3984 1631 4076 Constantinopolim
1655 3986 1769 4056 Tereo
1788 3987 1909 4056 madu-

364 4103 516 4176 rebatur.
545 4105 630 4176 Erat
657 4105 748 4178 inter
775 4106 858 4177 illas
885 4126 992 4178 nares
1019 4126 1104 4193 una,
1134 4110 1273 4177 centum
1301 4105 1556 4197 quinquaginta
1582 4105 1796 4194 epheborum
1825 4106 1906 4175 ado·
2041 4143 2043 4218 p

364 4223 570 4312 lescentum,
596 4245 640 4296 ex
659 4226 752 4297 omni
770 4245 893 4317 genere
913 4224 1041 4296 civium
1060 4223 1188 4312 Gaffae,
1217 4228 1400 4297 venustate
1418 4223 1689 4314 praestantium,
1716 4224 1905 4311 cohortem,
2041 4221 2043 4246 '

362 4361 425 4432 pro
442 4343 644 4435 gratissimo
662 4364 819 4431 munere,
848 4344 889 4415 ad
914 4342 1225 4432 eunuchandum0)
1255 4344 1310 4415 vel
1337 4342 1565 4429 abutendum,
1594 4341 1736 4413 vehens.
1765 4343 1810 4412 ln
1836 4363 1905 4432 qus
2041 4371 2042 4416 1

363 4483 441 4534 0111
460 4463 504 4534 ed
521 4463 709 4556 regendum
735 4463 888 4536 Graecus
913 4462 1054 4553 quidem
1078 4461 1292 4534 substitutus
1316 4461 1476 4546 1010110),
1510 4460 1631 4533 Turcis
1663 4461 1700 4532 id
1728 4482 1799 4533 non
1829 4485 1902 4533 sen·
2041 4493 2042 4496 ¹

362 4581 548 4669 t-ientibus,
577 4601 597 4653 a
624 4581 759 4673 reliqua
790 4583 902 4653 classe
935 4603 972 4654 se
1004 4583 1227 4668 abstrahens,
1261 4581 1440 4653 duedecim
1473 4580 1610 4668 Tureis,
1643 4580 1708 4670 qui
1741 4585 1844 4652 erunt
1869 4580 1904 4652 in

361 4702 460 4788 navi,
489 4702 634 4774 subdole
660 4722 722 4792 pro
750 4723 841 4794 aqua
865 4701 960 4774 dulci
979 4701 1132 4788 emissis,
1161 4699 1311 4786 residuis
1330 4700 1511 4772 duodecim
1530 4699 1669 4784 0001010,
1700 4701 1744 4770 ed
1764 4707 1902 4790 portum

361 4821 480 4894 Kiliae
506 4842 630 4894 navem
657 4822 811 4913 appulit,
840 4827 874 4895 et
901 4827 972 4894 tarn
1000 4825 1139 4894 centum
1167 4819 1422 4912 quinquaginta
1439 4820 1600 4906 iuvenes,
1620 4823 1684 4890 aut
1702 4821 1901 4892 eunuchan·
2005 4811 2008 4815 ’
2041 4865 2043 4924 t

467 5111 492 5192 ¹)
513 5113 647 5192 percussi
669 5118 737 5173 sunt
759 5107 821 5173 Ed.
846 5109 937 5192 Lips.
962 5107 988 5191 ²)
1010 5111 1118 5172 Postea
1140 5107 1203 5172 Ea.
1226 5107 1319 5192 Lipa.
1344 5108 1369 5188 Ω)
1392 5111 1503 5170 mensis
1517 5110 1584 5170 lulii
1600 5105 1900 5192 0011000οω1

310 5285 313 5292 ,
359 5211 424 5280 Ed.
447 5212 541 5296 Lipa.
572 5206 1079 5295 Β)101100010111100111111100.
1111 5211 1137 5290 ⁶)
1160 5217 1303 5274 terrarum
1330 5209 1393 5273 Ed.
1417 5207 1506 5292 Lips.
1539 5209 1564 5289 l)
1589 5213 1702 5274 auxilia
1723 5209 1789 5274 Ed.
1814 5210 1898 5294 La‘pe.

360 5317 387 5398 8)
409 5319 557 5398 propriam
579 5313 641 5382 Ed.-
665 5315 755 5403 Lips.
779 5315 805 5398 ⁹)
828 5317 866 5400 pd
889 5317 1075 5378 castrandum
1098 5308 1162 5380 Ed.
1186 5313 1279 5398 Lipc.
1308 5313 1346 5392 ¹⁰)
1369 5319 1448 5375 esset
1470 5311 1532 5375 Ed.
1555 5311 1649 5396 Lips.
