4082 6284
393 555 467 628 314
902 575 1015 630 menn
1041 577 1285 630 nnonnonrus
1310 531 1426 648 (xm).
1673 555 1740 658 (Α.
1759 557 1806 634 D.
1827 532 1973 660 1461.)

391 785 454 838 nes
472 765 514 836 de
533 762 734 854 Rithvvyani
753 761 1049 835 Sandomiriensis
1073 762 1276 854 capitaneus
1301 770 1454 836 castrum
1474 765 1565 854 llna,
1596 767 1686 858 quod
1712 772 1796 841 tuuc
1816 769 1950 842 Iacobo

393 883 615 972 crocholshi,
636 883 731 974 Rege
750 883 951 971 mandante,
973 883 1143 955 destituto
1162 906 1183 954 a
1201 884 1356 957 Iohanne
1376 884 1569 976 Woyschilc
1585 887 1624 976 ¹),
1650 887 1801 961 custode
1822 890 1949 962 craco-

392 1005 506 1078 viensi
538 999 737 1091 tenebatur',
772 1009 933 1094 occupet,
971 1007 1006 1075 et
1041 1008 1248 1095 occupatum
1282 1003 1473 1077 factoribus
1505 1007 1660 1099 episcopi
1681 1007 1712 1098 2)
1749 1009 1950 1082 Wladisla·

319 1167 321 1169 ·
393 1125 525 1200 niensis
554 1125 679 1214 tradit,
707 1123 894 1216 burgrabio
922 1123 1029 1196 castri
1058 1124 1213 1196 eiusdem
1236 1125 1474 1198 Raonslavvshi
1506 1127 1575 1200 sibi
1602 1127 1702 1200 illius
1729 1129 1950 1202 deditionem

392 1253 581 1340 spontanee
608 1247 771 1320 faciente:
800 1245 844 1317 ad
871 1244 963 1336 quod
990 1243 1158 1316 Iohannis
1186 1245 1227 1317 de
1254 1246 1384 1336 Pnyovr
1407 1246 1642 1320 archidiaconi
1661 1253 1696 1321 et
1715 1249 1948 1322 administra·

390 1369 479 1441 toris
507 1367 761 1455 cracoviensis,
797 1365 904 1438 etiam
937 1368 1020 1436 tunc
1047 1365 1259 1455 praesentis,
1288 1364 1522 1440 intervenisse
1548 1387 1755 1442 consensum
1784 1377 1822 1442 et
1850 1392 1950 1442 man-

392 1490 529 1578 datum,
557 1489 717 1578 gravium
745 1485 899 1559 virorum
932 1484 1056 1557 relatio
1090 1485 1308 1576 vulgaverat.
1343 1483 1398 1559 nb
1427 1508 1465 1559 eo
1493 1487 1612 1580 itaque
1640 1494 1796 1581 tempore
1827 1495 1863 1562 et
1893 1511 1949 1562 ca·

392 1617 505 1682 strum
533 1611 685 1696 Ilnense,
716 1614 751 1681 et
770 1607 903 1680 ‘claves
931 1605 1172 1678 Kunoviensis
1197 1612 1231 1678 et
1250 1607 1467 1692 Zlolhensis,
1498 1629 1575 1679 cum
1604 1609 1703 1681 villis
1730 1615 1768 1683 et
1786 1610 1951 1699 decimis,

391 1751 454 1821 per
473 1731 615 1802 Petrum
635 1735 670 1801 et
690 1727 906 1800 Stanislaum
925 1727 968 1799 de
987 1727 1240 1815 Kuroavanhi,
1268 1727 1409 1800 nomine
1436 1729 1592 1820 episcopi
1608 1727 1637 1818 3)
1666 1729 1951 1803 wladislavien-

392 1851 443 1922 sis
470 1849 717 1922 detinebantur
744 1855 927 1939 occupata,
956 1868 1025 1919 non
1054 1848 1130 1920 sine
1157 1848 1336 1920 hominnm
1357 1869 1546 1940 pauperum
1568 1851 1794 1941 oppressione
1814 1856 1850 1923 et
1869 1872 1950 1942 gra·

392 1970 488 2042 vium
516 1969 697 2042 exactione
725 1969 949 2041 tributorum.

392 2325 543 2397 hithroai
565 2326 684 2413 potunt
705 2324 740 2394 in
763 2324 980 2396 conventione
1003 2323 1164 2410 lilnoml,
1186 2327 1225 2395 ut
1247 2324 1316 2394 hex
1338 2325 1373 2395 in
1396 2325 1569 2396 lithsoria
1591 2326 1752 2413 resideat,
1776 2329 1838 2398 art
1853 2327 1951 2398 sin

392 2465 465 2517 nen
488 2445 680 2517 clelhovrior
703 2461 759 2533 pro
783 2444 866 2515 buce
889 2444 1003 2534 lagno
1033 2445 1101 2515 illie
1131 2445 1290 2534 assignet.
1323 2445 1504 2515 harinirnr
1525 2445 1595 2516 llox
1617 2446 1764 2535 cognito,
1789 2448 1880 2536 qnod
1903 2451 1951 2518 Ia·-

392 2568 492 2637 cchur
513 2565 741 2655 cpennpenshi
764 2565 798 2634 in
822 2565 1005 2654 episcopum
1028 2565 1273 2636 cracoviensem
1299 2565 1482 2636 concenturi
1505 2581 1543 2635 ro
1566 2567 1769 2654 procuravit,
1800 2567 1953 2657 relegato

392 2686 597 2775 ruffiagmeo
624 2685 828 2756 cracoviensi
850 2685 884 2756 in
908 2685 1056 2772 exilium,
1086 2685 1221 2757 nuntior
1244 2685 1285 2756 ad
1310 2685 1467 2755 Semnum
1497 2685 1683 2758 Pontificem
1705 2706 1764 2776 pro
1785 2688 1952 2760 irritam

667 2807 851 2896 provisione
873 2805 978 2878 lcoohi
1001 2807 1230 2895 Spennpenrhi
1255 2824 1325 2876 cum
1348 2807 1533 2876 muneribus
1555 2808 1670 2880 mittit.

498 3055 552 3127 Ex
589 3053 721 3127 Radom
754 3054 956 3127 Karimirus
989 3055 1067 3128 Rex
1088 3055 1119 3144 4)
1152 3055 1188 3126 in
1221 3053 1447 3126 Lithuaniam
1481 3075 1559 3127 cnm
1591 3053 1777 3127 Elisabeth
1811 3056 1952 3148 Regina

394 3175 540 3268 coniuge
576 3196 640 3246 sua
671 3174 831 3247 divertit:
868 3173 929 3247 uhi
958 3175 1257 3267 Quadragesimali
1294 3185 1448 3265 tempore
1486 3179 1625 3262 exacto,
1665 3195 1727 3266 pro
1762 3175 1821 3248 die
1858 3178 1953 3249 festo

393 3296 548 3368 Paschae
576 3295 702 3367 Vilnae
729 3300 938 3368 conventum
967 3302 1137 3368 terrerum
1157 3295 1368 3366 Lithucniae
1388 3300 1422 3366 et
1440 3293 1591 3367 Russiae
1606 3293 1636 3384 ⁵)
1665 3295 1793 3368 tonuit.
1825 3296 1953 3388 Aque

393 3415 560 3488 uniformi
588 3415 762 3487 sententia
788 3423 948 3508 rogatus,
978 3421 1151 3508 quatenus
1179 3417 1236 3488 vel
1264 3415 1300 3487 in
1328 3413 1520 3487 Lithuania
1545 3415 1779 3507 personaliter
1803 3422 1841 3489 et
1858 3418 1953 3488 assi-

394 3537 460 3609 due
477 3535 660 3624 resideret,
684 3537 742 3608 vel
762 3536 937 3610 Simonem
958 3536 1168 3609 Olellrovioe
1182 3537 1214 3624 θ)
1242 3537 1373 3607 Ducem
1393 3534 1646 3625 Kyoviensem,
1672 3536 1749 3607 illis
1768 3557 1832 3627 pro
1852 3539 1955 3610 Duce

393 3657 518 3748 Magno
546 3655 756 3728 Lithnaniae
775 3656 1020 3729 constitueret:
1049 3656 1219 3747 petitione
1238 3677 1278 3727 oa
1296 3655 1332 3726 in
1352 3655 1448 3726 aliud
1475 3661 1630 3746 tempus,
1660 3657 1760 3727 velut
1780 3657 1850 3730 sihi
1871 3677 1952 3748 per-

394 3777 527 3848 niciosa
555 3781 589 3848 et
612 3777 776 3864 molesta,
805 3797 991 3867 suspensa,
1020 3777 1057 3848 in
1085 3777 1245 3869 Regnum
1275 3775 1441 3848 Poloniae
1468 3773 1746 3867 ingrediebatur,
1777 3783 1814 3848 et
1841 3777 1951 3850 intel·

393 3896 507 3988 ligans
540 3895 706 3968 Iacobum
740 3897 1001 3988 Spennyenshi,
1035 3897 1213 3988 provisum
1247 3896 1498 3987 apostolicum,
1537 3893 1733 3968 omnimoda
1770 3901 1953 3986 potestate

396 4017 591 4108 pontificali
622 4017 784 4089 fulcitum
817 4038 910 4104 esse,
944 4016 1030 4089 feria
1062 4017 1185 4108 quinta
1218 4022 1299 4089 ante
1328 4019 1455 4089 festum
1483 4016 1726 4100 Pentecostes,
1761 4038 1852 4108 qnae
1882 4017 1952 4089 fnit

394 4137 701 4229 vicesimaprima
729 4137 813 4212 hlaii
831 4137 871 4226 7),
902 4135 1157 4209 candemiriam
1185 4137 1382 4228 ingressus,
1411 4141 1621 4209 conventum
1649 4137 1726 4208 illic
1753 4137 1798 4208 ad
1828 4138 1948 4228 provi-

393 4257 544 4330 dendum
572 4257 614 4329 de
642 4257 839 4345 obstaculo,
873 4278 974 4350 agere
1006 4253 1180 4347 instituit,
1214 4255 1428 4329 consiliariis
1456 4277 1553 4345 vero,
1588 4256 1650 4348 qui
1678 4256 1840 4330 accersiti
1871 4259 1950 4331 fne-

393 4383 489 4468 rant,
517 4377 633 4450 varias
662 4378 905 4450 excusationes
934 4397 1017 4450 suae
1046 4378 1225 4452 absentiae
1253 4377 1503 4469 allegantibus.
1532 4375 1668 4466 Rex⁸)‚
1698 4379 1789 4450 laste
1819 4379 1949 4451 Pente·

394 4503 508 4570 costes
536 4499 628 4589 apud
661 4497 914 4570 Sandomiriam
948 4503 1087 4586 exacto,
1123 4497 1209 4571 foria
1237 4505 1377 4590 quarta,
1412 4498 1580 4570 vicesima
1607 4497 1759 4588 septima
1786 4498 1876 4570 Maii
1903 4517 1949 4570 ex

395 4618 615 4691 Sandomiria
642 4617 838 4706 discedens,
868 4619 904 4689 in
932 4619 1132 4691 cracoviam
1160 4619 1210 4691 ire
1238 4618 1367 4710 coepit,
1398 4623 1432 4690 et
1459 4617 1572 4690 futuri
1589 4616 1676 4689 belli
1696 4622 1820 4689 contra
1838 4617 1948 4690 Prus-

394 4739 482 4810 siam
515 4737 658 4831 gerendi
673 4738 704 4828 9)
737 4759 958 4832 progressum
992 4744 1027 4811 et
1060 4739 1230 4824 ordinem,
1263 4744 1301 4811 et
1331 4759 1471 4810 oausam
1504 4737 1671 4811 ecelesiae
1704 4737 1951 4811 ctacoviensis

393 4859 585 4951 multiplici
613 4859 814 4933 differentia
831 4864 867 4932 et
884 4859 1118 4948 dissensione,
1146 4864 1288 4966 propter
1314 4859 1421 4931 trium
1440 4857 1724 4934 contendentium
1743 4857 1858 4949 rixas,
1885 4879 1949 4931 ve·

503 5169 528 5249 1)
549 5170 665 5249 ,Ψςὶγίι
690 5166 765 5233 Coei.
789 5168 898 5232 Praea.
922 5167 1064 5248 Woyssilr
1088 5168 1150 5234 Ed.
1176 5165 1268 5255 Lips.
1294 5167 1320 5249 Ω)
1343 5169 1462 5232 Ioannis
1484 5171 1625 5248 Episcopi
1648 5163 1711 5232 ha.
1736 5162 1830 5252 La'pa.
1853 5169 1880 5248 ⁸)
1900 5169 1950 5231 lc

394 5275 480 5336 annis
502 5271 643 5351 Episcopi
659 5271 720 5336 Ed.
740 5273 830 5356 La'ps.
856 5271 882 5352 ⁴)
904 5275 1045 5336 Poloniae
1068 5277 1131 5337 Rex
1155 5273 1217 5336 Ed.
1242 5273 1334 5357 Lips.
1362 5273 1388 5354 ὓ)
1411 5276 1550 5334 Prassise
1573 5263 1635 5333 Ed.
1662 5271 1753 5356 Lc'ps.
1777 5271 1805 5353 ⁶)
1821 5273 1950 5334 Oleskc

394 5381 467 5438 vica
499 5373 575 5440 Coe.
607 5374 714 5440 Prccz.
748 5376 776 5457 7)
803 5377 913 5438 mensis
944 5379 1015 5438 Maii
1044 5375 1108 5448 Eo.
1139 5375 1231 5461 Ldpc.
1264 5377 1290 5456 8)
1313 5378 1473 5438 casimirus
1496 5377 1560 5437 Rex
1582 5373 1643 5438 Ed.
1668 5373 1762 5459 Lapa.
1786 5374 1814 5455 Ι)
1835 5378 1951 5451 much

375 5479 457 5544 Ed.
481 5479 572 5563 Dipo.
