4126 6280
90 531 147 632 (A.
165 529 208 611 D.
229 527 355 630 1454)
514 533 516 538 ’
587 553 699 606 mama
716 534 968 608 ‘oeconomus
996 535 1108 625 (6666).
1542 538 1615 610 179

88 762 142 816 eus
167 759 244 814 cum
272 740 439 832 Magistro
467 739 718 814 cruciferorum
747 744 781 812 61
808 740 954 813 66616616
974 740 1016 814 16
1035 739 1180 830 061166,
1208 743 1393 816 conclusus
1412 744 1449 816 16
1468 743 1618 818 Μ66166-

86 865 166 954 burg
184 860 361 934 obsidione
388 861 598 950 tenebatur),
626 861 711 934 item
740 861 931 934 aStiborie
955 861 1128 953 palatino,
1157 863 1404 957 nobilibusque
1435 865 1619 940 districtus

82 982 317 1074 ,Rlbingeusis
347 981 430 1055 item
457 1003 477 1054 6
504 982 639 1056 6161166
667 982 956 1074 Elbingensibus,
985 983 1154 1075 praestito
1183 984 1225 1056 de
1252 985 1479 1060 custodienda
1502 986 1539 1058 in
1557 1008 1617 1079 po-

86 1111 209 1178 sterum
239 1103 307 1176 fido
330 1107 365 1176 et
383 1103 595 1192 obedientia,
629 1103 801 1196 corporali
833 1103 1043 1194 iuramento,
1077 1104 1243 1196 suscepit.
1278 1105 1364 1179 Post
1391 1107 1491 1180 cuius
1518 1129 1617 1200 prae·

85 1225 255 1300 stitionem
278 1224 426 1316 praefati
451 1223 621 1316 episcopi,
656 1225 866 1314 dulmensis,
901 1225 1182 1298 Pomesaniensis
1215 1231 1249 1300 61
1278 1227 1511 1318 Sambiensis,
1540 1249 1618 1302 cum

84 1347 151 1422 suis
177 1345 369 1440 Capitulis,
403 1344 463 1438 qui
490 1347 533 1418 61
560 1345 653 1418 illud
677 1367 788 1438 usqua
824 1350 962 1443 tempus
999 1345 1139 1420 Ordinis
1172 1347 1427 1422 cruciferorum
1458 1349 1619 1424 16111666

84 1467 291 1555 1616661661,
321 1472 426 1540 exuto
454 1470 488 1540 et
515 1467 648 1540 deiecto
679 1467 819 1556 habitu,
855 1489 1070 1548 communem
1102 1469 1423 1558 16166666661666,
1456 1475 1618 1564 petentes

83 1612 116 1664 se
139 1610 200 1682 per
226 1589 356 1681 Regem
383 1588 601 1660 Keximirum
629 1589 672 1661 ad
700 1589 956 1662 observantiam
981 1590 1113 1662 ordinis
1133 1595 1168 1663 61
1186 1591 1327 1664 1611166
1356 1591 1477 1664 Sancti
1496 1593 1616 1685 Augu-

83 1711 162 1786 stini
196 1709 446 1784 Canonicerum
481 1710 694 1802 regularium
735 1710 892 1800 restitui,
936 1732 1039 1803 quam
1071 1711 1238 1804 Magistro
1271 1711 1473 1803 impellente
1500 1716 1535 1786 et
1562 1703 1617 1792 ce·

81 1837 191 1928 gente,
221 1835 360 1924 sumpte
388 1831 595 1904 Crucilerico
622 1832 747 1904 habitu
775 1836 852 1924 (666
881 1831 972 1905 enim
1000 1832 1130 1924 aliquis
1158 1832 1262 1906 aliter
1280 1832 1317 1905 in
1337 1833 1536 1926 episcopum
1557 1837 1619 1906 661

82 1953 284 2028 canonicum
311 1956 489 2046 promotus
517 1953 657 2042 1616661)
685 1953 886 2027 reiecerunt.
920 1953 976 2024 Ad
1003 1953 1183 2026 6161161666
1215 1975 1296 2026 6666
1323 1953 1502 2048 Kinsherg
1528 1955 1617 2028 alias

81 2075 317 2170 Krolowgrod,
347 2096 447 2146 suum
475 2075 662 2148 adventum
691 2075 946 2148 ferventissime
965 2074 1218 2148 desiderantem
1238 2081 1272 2148 et
1291 2079 1527 2167 expetentem,
1557 2076 1614 2149 16-
1733 2108 1736 2114 ·

81 2197 236 2273 66661666
263 2217 331 2267 666
359 2196 495 2282 661666,
524 2197 714 2269 Iohannem
742 2197 783 2269 16
810 2197 1078 2289 Konyecnpolpe
1105 2197 1220 2288 Regni
1247 2197 1414 2269 Poloniae
1443 2197 1614 2270 66666116-

26 2401 32 2416 ,
78 2319 163 2392 rium
194 2316 417 2390 transmittit.
451 2317 513 2390 Oui
541 2318 578 2390 in
605 2319 783 2411 Kinsberg
814 2319 985 2406 venienti,
1020 2318 1193 2390 maximus
1227 2319 1352 2407 16666,
1392 2339 1462 2390 666
1498 2318 1616 2391 minus

79 2463 175 2534 quam
201 2439 274 2531 ipsi
300 2438 390 2532 Regi
417 2439 554 2511 delatus
583 2444 651 2522 est,
681 2445 716 2512 61
743 2439 942 2532 homagium
969 2439 1004 2512 in
1035 2441 1122 2512 66116
1157 2439 1201 2512 61
1227 2439 1508 2532 idpraeparato,
1538 2460 1617 2512 6666

78 2561 277 2635 1666666116
305 2560 541 2652 corporalibus
568 2561 786 2652 praestitum.
816 2562 894 2634 Rex
913 2562 940 2651 ¹)
969 2582 1013 2633 66
1041 2561 1170 2654 Rlbing
1202 2561 1393 2633 honoratus
1429 2564 1464 2632 et
1495 2581 1614 2633 muue-

77 2688 168 2758 ratus
194 2681 404 2770 multifarie,
432 2703 494 2774 per
521 2688 636 2756 666166
664 2688 698 2756 61
726 2682 888 2756 616116166
909 2705 990 2755 6666
1009 2682 1046 2756 16
1065 2683 1205 2778 Theren
1232 2681 1352 2756 rediit:
1381 2680 1443 2755 611
1475 2681 1613 2755 6161166

79 2803 331 2891 aconensibus,
352 2803 652 2892 Therunensibus,
673 2804 962 2898 Rlbingensibus,
988 2801 1327 2896 Kinsbergensibus,
1348 2803 1615 2878 liberalissimas

80 2926 277 2998 donationes
305 2925 487 3014 uillarum,
525 2925 802 3004 molendinorum
831 2926 1040 3000 6161166666
1077 2925 1284 2998 introituum
1321 2925 1421 3013 16611,
1455 2925 1614 2998 (6116666-

78 3048 162 3120 sium
188 3046 375 3139 praecipue
403 3045 554 3132 61611611,
584 3047 641 3119 661
669 3053 703 3119 61
730 3068 872 3120 censum
900 3047 1200 3140 septingentarum
1233 3067 1426 3118 marcarum
1454 3067 1498 3120 ex
1526 3046 1612 3120 civi·

77 3174 143 3242 tate
177 3167 439 3260 provenientem
475 3167 639 3257 indulsit,
669 3174 704 3241 et
731 3168 846 3240 emnia
879 3167 1078 3240 molendina
1111 3167 1283 3255 civitatis,
1322 3188 1400 3239 cum
1432 3167 1614 3242 16661661

77 3291 166 3364 villis
195 3289 373 3379 omuibus,
401 3289 438 3362 in
458 3311 497 3362 66
515 3291 805 3380 66661616611166,
835 3289 1001 3363 tredecim
1029 3290 1201 3362 duntaxat
1219 3288 1319 3360 611116
1339 3293 1373 3360 61
1393 3288 1527 3360 166166
1554 3309 1612 3362 66-

76 3412 132 3484 6116
158 3433 221 3504 pro
251 3432 288 3484 se
314 3411 517 3499 6666666116,
552 3412 711 3500 1666611,
745 3433 784 3484 66
812 3420 927 3484 temen
960 3410 1157 3502 conditione
1185 3410 1361 3502 apposita,
1395 3414 1435 3482 ut
1462 3409 1614 3502 singulis

77 3533 170 3606 annis
198 3533 315 3606 661661
342 3531 468 3604 6161166
495 3532 584 3623 Regi
620 3533 687 3607 166
723 3533 930 3605 florenorum
958 3531 1088 3619 millia,
1126 3535 1160 3603 61
1183 3536 1332 3622 quatuor
1356 3531 1478 3604 diebus
1497 3529 1613 3622 ipsum

75 3660 106 3728 61
130 3654 262 3728 curiam
290 3675 388 3726 suam
416 3653 574 3729 omnibus
602 3653 807 3729 necessariis
834 3659 1011 3745 procuret,
1040 3673 1079 3724 66
1106 3652 1276 3724 inlesum
1296 3652 1403 3724 666161
1434 3673 1496 3744 per
1534 3673 1610 3726 6666

75 3775 246 3864 demoliti,
276 3774 406 3849 curiam
433 3775 564 3866 regiam
599 3774 641 3847 16
676 3774 848 3846 161661166
876 3775 999 3862 666116,
1029 3779 1172 3866 sumptu
1199 3773 1347 3846 notabili
1376 3779 1410 3846 et
1429 3773 1611 3866 magnifico

74 3897 238 3970 66111661.
268 3895 324 3971 Ad
351 3895 542 3968 faciendam
570 3901 686 3968 autem
713 3901 785 3968 tam
813 3896 992 3968 liberalem
1021 3895 1242 3968 donationem
1270 3893 1407 3966 61611611
1436 3893 1613 3970 (11666661

74 4017 288 4090 Kaeimirum
307 4017 437 4108 Regem
456 4038 524 4090 non
544 4017 656 4088 selum
676 4016 924 4089 liberalissima
951 4017 1123 4110 impensa,
1154 4037 1258 4107 quam
1277 4015 1314 4088 in
1333 4014 1608 4088 administrando

72 4137 157 4212 bello
185 4144 221 4212 et
250 4137 409 4211 tenendis
437 4137 675 4229 stipendiariis
694 4143 815 4211 666166
833 4138 1039 4230 Magistrum
1072 4141 1106 4211 et
1136 4137 1328 4210 Cruciferos
1361 4135 1525 4224 16616161,
1555 4135 1609 4208 in-

74 4258 184 4348 duxit,
216 4259 277 4332 sed
305 4263 339 4332 61
366 4257 489 4331 literae
515 4259 690 4331 Mestwini
718 4264 751 4332 61
779 4260 952 4332 Samborii
979 4261 1114 4331 Ducum
1133 4258 1300 4331 Poloniae
1319 4261 1353 4332 et
1371 4257 1609 4346 Remoramne,

74 4381 194 4471 quibus
213 4379 413 4452 molendina
432 4384 466 4452 et
484 4380 636 4452 insulam
655 4381 766 4473 ipsam
786 4381 924 4454 61611611
943 4381 1119 4454 (11666661
1138 4380 1328 4468 16661661,
1348 4398 1549 4470 permovere
1564 4376 1608 4468 2).

74 4500 190 4573 Stabat
218 4506 335 4572 autem
358 4499 559 4573 Karimirus
578 4501 656 4574 Rex
676 4501 888 4590 ludheren,
918 4501 1194 4573 administrando
1221 4521 1277 4573 res
1306 4499 1481 4592 singulas,
1510 4483 1609 4590 prae·

74 4620 187 4693 sertim
224 4643 313 4713 quae
350 4626 448 4694 66661
485 4644 546 4713 pre
575 4623 820 4695 continuandis
857 4622 1096 4696 obsidionibus
1125 4625 1336 4711 castrorum,
1374 4620 1610 4712 Marianburg,

75 4741 213 4814 Sethum
242 4747 276 4814 61
303 4741 422 4834 oppidi
449 4741 658 4836 Cheynicna‚
688 4743 918 4832 necessariae,
948 4748 982 4816 et
1009 4743 1051 4816 de
1080 4742 1230 4836 singulis
1258 4742 1465 4816 necessariis
1492 4741 1609 4834 provi·

74 4861 189 4935 dende.
219 4863 351 4935 Ambae
379 4884 460 4936 6666
480 4865 650 4957 Reginae,
679 4875 789 4938 mater
813 4870 847 4938 61
866 4865 1018 4938 coniunx
1034 4864 1077 4954 3),
1107 4864 1247 4936 6161661
1265 4863 1303 4936 16
1321 4862 1535 4956 Nyesohowe
1554 4883 1608 4934 66-

74 4986 154 5074 6166,
184 4990 220 5058 61
248 4984 376 5057 6661616
405 4985 541 5058 6161166
569 4987 612 5059 61
640 4986 868 5060 solennitates
897 4988 1099 5060 chorearum
1118 4985 1155 5057 16
1174 4986 1314 5057 Γ116666
1341 4983 1608 5057 166666161661.

74 5101 135 5176 Sed
162 5111 196 5179 et
223 5103 441 5178 Karimirum
469 5107 599 5200 Regem
627 5108 806 5199 occupatio
835 5112 869 5181 61
896 5112 1084 5199 apparatus
1116 5106 1278 5178 ludorum
1306 5108 1467 5198 ceperat,
1496 5125 1514 5177 6
1549 5124 1611 5195 per

173 5379 196 5460 ¹)
218 5382 283 5442 Rex
305 5383 445 5444 Poloniae
467 5383 627 5446 casimirus
649 5379 713 5444 Ed.
737 5379 827 5466 Lips.
854 5380 880 5462 ²)
903 5382 1055 5460 permovit.
1082 5375 1157 5444 Coe.
1186 5377 1274 5444 Oete.
1299 5378 1323 5460 ³)
1345 5377 1460 5457 Zophia
1473 5382 1567 5439 mater
1582 5382 1613 5442 et

73 5483 218 5547 Elisabeth
242 5487 369 5547 coniunx
390 5485 454 5549 Ee.
477 5483 568 5570 Lips.
1388 5479 1391 5483 ⁸
