4052 6286
108 527 179 628 (A,
196 527 241 603 D.
262 525 389 628 1487.)
622 553 736 607 umen
762 553 1009 607 nuonnonnus
1036 537 1150 640 (nnn).
1583 533 1656 608 481

107 740 210 810 uatus
236 741 306 826 ost,
335 736 464 810 erasit:
494 737 610 830 etqui
627 759 697 812 uno
724 737 781 812 die
808 739 903 832 eapti
935 740 1088 828 fuerant,
1123 760 1192 813 uno
1220 739 1276 814 dio
1295 741 1323 829 ¹)
1349 741 1574 832 pertulerunt
1600 741 1659 813 de-

106 855 240 930 stinata
267 857 338 932 sibi
365 879 385 930 a
412 859 485 932 Deo
513 858 706 952 stipendia,
734 881 826 932 unus
853 859 1088 948 liberationis,
1119 861 1210 934 alter
1236 860 1481 935 truncationis.

143 1211 314 1284 minim
335 1213 406 1284 lter
428 1213 582 1303 tuorum
604 1215 676 1304 egit
698 1231 769 1286 ou
791 1215 878 1304 flego
900 1214 1061 1287 [animm
1084 1215 1125 1288 da
1147 1215 1278 1288 foedus
1300 1216 1477 1302 remmio,
1500 1217 1621 1289 tinem

751 1334 812 1407 sibi
836 1353 856 1406 n
878 1334 1017 1408 felonis.

209 1583 411 1657 Advenerat
439 1588 474 1656 et
501 1582 538 1655 in
565 1583 717 1656 diaetam
744 1582 856 1674 ipsam
872 1581 904 1673 ²)
932 1583 1073 1677 Georgii
1101 1583 1143 1657 de
1161 1583 1434 1671 Posndnebrath,
1463 1604 1526 1676 pro
1544 1585 1657 1658 Bohe·

102 1701 196 1773 miae
219 1702 315 1795 Rege
333 1723 371 1776 se
388 1702 561 1795 gerentis,
595 1703 759 1791 nuntiae,
794 1703 970 1777 Iohannes
1002 1703 1195 1798 Hioninslry
1223 1705 1265 1777 de
1293 1704 1512 1797 Sohumborg
1527 1701 1557 1794 ³)
1585 1705 1657 1776 lio·

100 1821 223 1896 rariae
249 1822 345 1896 baro.
375 1822 442 1915 Qui
467 1823 610 1896 obtenta
628 1823 826 1910 audientia,
856 1823 994 1896 orabat:
1021 1829 1062 1896 ut
1081 1823 1285 1897 Karimirus
1304 1823 1471 1896 Poloniae
1489 1825 1568 1898 Rex
1588 1825 1658 1898 foe·

92 1941 189 2015 dora
215 1942 308 2035 apud
336 1941 543 2037 (diogeniam
571 1943 678 2033 inita,
707 1943 873 2018 Bohemis
901 1950 937 2019 et
965 1945 1055 2038 Regi
1083 1965 1201 2018 eorum
1229 1948 1401 2033 servaret,
1430 1965 1543 2037 neque
1561 1945 1658 2017 faro·

96 2083 177 2136 rem
208 2062 463 2137 rebellantibus
496 2064 565 2138 sibi
596 2063 785 2139 baronibus
819 2069 854 2139 et
887 2064 1242 2139 Wratislariensibus
1278 2065 1511 2157 impenderet,
1545 2085 1588 2137 ne
1622 2085 1660 2138 se

96 2181 210 2256 bellis
237 2204 373 2272 eornm,
402 2184 576 2278 fastisque
603 2185 778 2260 miseeret.
808 2185 847 2258 Si
875 2185 1003 2278 quibus
1030 2185 1188 2275 iniuriis,
1217 2185 1354 2258 damnis
1378 2191 1414 2259 et
1431 2185 1572 2277 praedis
1591 2186 1657 2257 Po-

97 2303 221 2378 loniao
246 2304 324 2378 Rex
355 2325 399 2378 er
426 2306 599 2379 Dominiis
632 2306 707 2379 suis
735 2305 922 2380 laoessitus
952 2307 1015 2395 sit,
1050 2327 1171 2380 aurare
1200 2307 1307 2396 uelle,
1336 2307 1377 2378 ut
1404 2307 1489 2380 haee
1516 2306 1657 2399 singula

96 2425 305 2518 propediem
338 2430 410 2498 tam
437 2425 716 2516 restitutionem,
737 2444 849 2520 ¹quam
875 2428 1158 2502 reformationem
1191 2427 1380 2520 arripiant,
1402 2433 1436 2500 et
1454 2426 1568 2500 omnis
1585 2430 1658 2499 tam

95 2545 332 2634 hostilitatis,
361 2567 465 2639 qnam
492 2546 688 2620 invasionis
707 2546 909 2621 suoaidatur
927 2553 1117 2641 respeotus.
1147 2549 1240 2622 Huio
1257 2569 1464 2640 responsum
1484 2553 1554 2622 est:
1583 2547 1655 2620 Ka-

96 2662 264 2740 zimirnm
290 2667 458 2741 Poloniae
486 2668 617 2762 Regem
646 2667 783 2742 foedera
809 2668 903 2761 apud
930 2668 1139 2762 Glogoviam
1163 2669 1234 2742 iota
1262 2669 1396 2742 sineere
1414 2668 1451 2741 in
1470 2689 1545 2742 eam
1564 2667 1657 2741 diem
1760 2657 1761 2661 ‘

95 2807 278 2876 sonasse,
299 2810 320 2860 a
338 2789 458 2882 Regno
469 2789 501 2877 ⁴)
521 2788 709 2862 Bohemiae
728 2793 763 2861 et
783 2787 857 2861 suis
877 2789 1096 2882 frequentius
1115 2789 1248 2862 violata
1267 2791 1356 2876 fore;
1375 2811 1444 2862 nou
1463 2787 1657 2878 abnuere⁵)

93 2907 270 2981 Poloniee
301 2909 449 3001 Regem,
483 2914 577 2982 stare
608 2909 821 2997 foederibus,
858 2909 888 2982 si
916 2931 937 2982 a
965 2909 1129 2984 Bohemis
1162 2930 1299 3002 quoque
1337 2915 1522 2984 eteorum
1560 2909 1657 3001 Rege

95 3027 233 3102 inerint
260 3027 452 3116 eustodita,
482 3034 517 3103 et
544 3028 708 3122 spoliatis
736 3034 841 3122 atque
869 3029 975 3104 laesis
1004 3031 1123 3104 debita
1150 3030 1345 3104 satisfactio
1371 3031 1540 3122 impensa.
1569 3029 1655 3102 Lae·

93 3153 162 3221 tus
189 3150 254 3222 hoo
279 3164 446 3244 responso
473 3151 648 3223 Iohannes
685 3149 879 3243 Hioninsky
908 3151 951 3224 ad
979 3150 1158 3224 dominum
1196 3172 1298 3225 suum
1327 3151 1514 3244 Georgium
1542 3151 1654 3223 Bohe·

93 3269 193 3342 miae
219 3269 350 3360 Regem
364 3271 396 3358 ⁶)
423 3270 530 3344 redit:
560 3269 736 3362 frequenti
762 3271 1019 3363 pollioitatione
1046 3273 1242 3362 affirmans,
1272 3293 1308 3346 se
1333 3272 1475 3365 singula
1492 3291 1556 3364 pro
1575 3275 1655 3343 voto

95 3389 210 3483 Regis
237 3390 404 3465 Poloniae
430 3392 675 3484 impleturum,
704 3397 740 3464 et
767 3391 950 3467 universas
971 3393 1266 3486 transgressiones
1285 3393 1463 3484 extemplo
1482 3396 1654 3465 eorreotu·

95 3531 192 3584 rum.
219 3511 344 3584 Multis
373 3511 547 3605 siquidem
575 3517 610 3586 et
636 3511 744 3584 uariis
773 3512 1009 3587 eireumdatus
1037 3513 1158 3601 bellis,
1188 3520 1223 3587 et
1242 3512 1432 3586 maioribus
1452 3533 1489 3585 se
1507 3511 1654 3598 ,eircum-

96 3630 252 3702 dandum
283 3631 435 3722 veritus,
467 3650 629 3725 guerram
646 3633 677 3721 7)
710 3632 779 3706 sibi
812 3655 832 3705 a
858 3632 1027 3707 Poloniae
1059 3634 1155 3726 Rege
1196 3634 1418 3721 movendam,
1453 3653 1523 3704 non
1556 3652 1656 3705 aeuus

96 3771 206 3842 quam
234 3754 425 3826 extremam
452 3755 568 3825 status
596 3752 654 3825 sui
680 3752 885 3844 pernitiem,
924 3753 1149 3843 exhorrebat,
1184 3753 1287 3827 faoile
1320 3773 1551 3846 oppressurus
1579 3772 1653 3825 eae·

97 3876 212 3960 teres,
241 3870 273 3944 si
300 3871 474 3946 duntaxat
500 3873 557 3946 illi
585 3873 753 3947 Poloniae
781 3875 858 3949 Rex
887 3874 1028 3967 quietus
1056 3875 1155 3948 foret.

93 4225 274 4300 lielenire
302 4228 443 4300 barones
472 4228 625 4300 oatlobti
655 4227 850 4300 [nimirum
879 4229 1030 4300 roloniae
1059 4228 1178 4317 regen
1203 4227 1654 4316 sollempnitatum

90 4347 272 4420 mosomio
293 4347 355 4420 uti
371 4350 407 4420 ot
421 4347 511 4420 nnus
533 4349 603 4420 ruis
623 4349 695 4420 iuro
716 4347 842 4434 debito,
870 4349 1038 4439 desidum
1059 4347 1332 4421 forrdretrrerki
1354 4347 1554 4420 heeretionn
1570 4347 1654 4437 prin·

735 4471 835 4560 ripert
857 4470 1014 4560 patietur.

205 4715 444 4790 Gonrentione
458 4714 491 4806 ⁸)
518 4715 708 4806 dissoluta,
737 4715 949 4790 consiliariis
978 4737 1115 4810 quoque
1133 4717 1170 4790 in
1189 4716 1291 4790 aedos
1317 4715 1477 4808 proprias
1504 4716 1650 4790 redeun-

89 4835 214 4924 tibus,
242 4835 325 4909 dum
348 4835 551 4910 Kaaimirus
570 4837 649 4912 Rex
663 4837 695 4927 ⁹)
723 4836 940 4930 expeditioni
958 4836 1266 4930 stipendiariorum
1286 4836 1330 4926 ¹⁰)
1353 4836 1534 4924 intentus,
1559 4835 1652 4927 apud

209 5145 233 5223 ¹)
257 5165 316 5208 uno
339 5147 387 5208 die
410 5147 499 5208 etiarn
521 5137 585 5208 lid.
609 5144 702 5229 Lips.
726 5143 753 5225 ¹)
776 5145 872 5222 ipsam
894 5144 1155 5223 Pyotreovionsem
1177 5140 1240 5205 Ed.
1264 5140 1356 5225 Lipa.
1382 5141 1574 5222 ⁸)Sumberg
1588 5140 1651 5204 Ed.

90 5249 194 5334 Lipe.
222 5249 397 5330 (Olmburgl.
428 5246 455 5323 4)
479 5269 498 5310 a
518 5249 622 5326 Regno
652 5265 722 5309 vero
752 5244 815 5310 Ed.
848 5245 941 5330 Ltpu
974 5245 1000 5327 ⁵)
1022 5249 1091 5310 Non
1113 5248 1244 5309 abnuere
1269 5252 1367 5308 tamen
1390 5245 1565 5307 casimirum
1588 5243 1651 5307 [fd.

90 5352 191 5438 Lapa.
222 5351 417 5434 paramum
446 5353 605 5414 Bohemiae
635 5352 747 5428 Regem
778 5346 842 5412 Ed.
876 5347 968 5434 [lips.
1001 5349 1158 5431 ⁷)bellum
1188 5347 1252 5412 Ed.
1277 5347 1367 5432 Lips.
1399 5346 1652 5427 ⁸)Oonventione

88 5457 324 5536 Pyouoorionsi
338 5453 401 5520 nd.
418 5451 509 5538 Dipo.
530 5451 559 5539 ⁹)
573 5455 715 5516 Poloniae
729 5455 793 5518 Rex
808 5450 872 5518 Ee.
889 5451 983 5538 Ilipa
1012 5452 1051 5534 ¹⁰)
1067 5453 1326 5533 stipendiariorum
1334 5453 1465 5513 militum
1479 5447 1543 5512 Ed.
1559 5448 1651 5534 Liposs

120 5605 538 5658 murmurmurmur.
1427 5587 1476 5678 Ι61
