4126 6280
378 567 462 653 238'
884 541 995 652 orsas
1022 586 1265 654 oeconomus
1293 579 1407 670 (rtur).
1640 573 1707 677 (Α.
1727 567 1771 650 tt.
1791 563 1933 672 Μεθ’.)

377 787 581 881 pullorum,
601 797 679 860 eunt
708 786 777 860 iant
797 791 934 860 'annum
962 785 1056 859 ritus
1084 781 1380 879 septuagesimum
1408 797 1532 874 unum,
1565 783 1601 857 in
1630 785 1748 858 ordine
1775 789 1811 858 et
1838 800 1932 864 eort-

377 907 493 996 tiuua,
518 904 859 1001 diligentissimamque
879 903 974 980 verbi
994 905 1059 980 Dei
1077 903 1363 980 disseminatione
1382 905 1704 1000 quadragesimum,
1732 905 1934 1001 exegisset.

377 1029 508 1122 Corpus
537 1041 638 1102 suum
672 1034 752 1121 post
783 1030 928 1100 mortem
961 1021 1045 1102 adso
1078 1023 1284 1116 iucundum,
1318 1027 1519 1120 clarumque
1551 1029 1755 1120 apparebat,
1784 1035 1934 1111 utnon

378 1149 555 1238 exanimo,
570 1150 646 1223 'sed
673 1148 792 1223 riuum
812 1149 1005 1242 putaretur.
1035 1147 1141 1222 Multi
1160 1167 1296 1242 qnoque
1319 1149 1483 1223 mortales
1503 1157 1587 1222 sunt
1605 1147 1742 1237 testati,
1771 1166 1834 1241 per
1851 1171 1935 1227 nne-

378 1271 447 1346 rita
475 1271 587 1364 ipsius
616 1279 700 1343 tnnc
728 1271 897 1344 beneficia
930 1268 1120 1343 sanitatum
1148 1287 1168 1344 a
1195 1268 1303 1343 uariis
1337 1269 1565 1362 languoribus
1591 1269 1778 1362 accepisse.
1816 1269 1937 1354 Prius

379 1395 494 1465 antem
531 1405 634 1485 qnam
662 1390 827 1484 spiritum
854 1391 1001 1464 Domino
1028 1387 1202 1481 redderet,
1231 1391 1287 1465 die
1314 1391 1449 1484 integro
1478 1389 1576 1464 risns
1604 1399 1674 1478 est,
1706 1409 1843 1464 amaras
1871 1391 1935 1471 la-

379 1513 505 1587 crimas
533 1511 683 1587 ubertim
708 1511 884 1586 effudisse.
914 1513 1072 1605 Rogatus
1100 1517 1217 1584 autem
1241 1511 1431 1584 instantius
1455 1533 1475 1584 a
1495 1513 1638 1584 fratrum
1659 1524 1816 1600 suorum,
1837 1527 1936 1608 qno-

378 1648 456 1708 rum
484 1631 621 1727 aliquos
650 1644 693 1709 ert
720 1633 859 1708 nomine
886 1639 1030 1708 mortem
1059 1653 1157 1706 suam
1184 1648 1444 1726 praecessuros,
1473 1633 1610 1725 aliquos
1633 1646 1714 1706 sero
1742 1631 1937 1725 (sneund-

380 1757 519 1829 modum
538 1755 723 1848 impletum
742 1759 812 1845 est)
833 1753 1097 1844 subsecuturos,
1117 1754 1333 1849 signaverat,
1354 1755 1537 1828 comitatu:
1568 1753 1729 1847 quidnam
1755 1761 1826 1827 tarn
1845 1765 1938 1866 pro-

382 1875 511 1950 fundus
540 1876 642 1951 lletus
670 1892 755 1950 suus
773 1876 843 1950 sibi
863 1877 1005 1951 haberet
1024 1877 1064 1967 ¹),
1093 1875 1287 1969 respondit:
1316 1875 1399 1950 Tam
1427 1875 1584 1971 ingentia
1611 1877 1703 1948 mala
1722 1897 1758 1949 se
1776 1873 1937 1961 uidisse,

382 2010 470 2092 quoe
496 1997 687 2072 Catholicis
715 1999 757 2072 ob
781 2013 899 2073 eorum
927 1998 1059 2073 scelera
1085 2007 1226 2072 neccsse
1253 2001 1307 2071 est
1334 1997 1549 2091 corttingere,
1581 2018 1669 2090 quae
1696 1998 1739 2071 ob
1768 1997 1825 2072 sui
1853 2015 1940 2070 ma·

380 2119 598 2214 gnitndinern
627 2141 726 2194 nemo
754 2120 976 2194 librariorum
1004 2123 1122 2214 posset
1150 2121 1186 2192 iu
1214 2125 1294 2193 cute
1321 2119 1449 2193 bovina
1477 2131 1629 2193 exarare.

382 2477 550 2552 ladislaus
570 2471 657 2551 lllrr
680 2473 832 2552 ltlrnnir
846 2479 887 2552 da
903 2472 1027 2552 lrnlrd
1049 2479 1275 2570 gubernatoris
1289 2477 1485 2570 burgense,
1500 2477 1635 2552 mutu
1651 2479 1802 2560 bamttm
1818 2477 1935 2550 unu

887 2603 1060 2691 anaunia
1082 2600 1169 2691 baga
1190 2618 1265 2688 ruo,
1288 2600 1417 2684 oceidit,

486 2853 576 2924 Dum
604 2859 719 2924 antem
748 2841 948 2944 Hunguriae
977 2843 1054 2924 Rex
1082 2839 1268 2924 Iradlslaus
1287 2861 1409 2924 sersus
1439 2843 1566 2924 Albam
1584 2851 1750 2944 Regulam
1769 2871 1852 2924 cnm
1875 2852 1939 2924 in-

384 2971 477 3066 signi
504 2971 678 3062 exercitu,
707 2972 749 3046 de
775 2971 914 3065 proprio
941 2971 1056 3047 milite
1083 2978 1118 3045 et
1146 2972 1253 3046 Oruee
1289 2971 1438 3066 signatis
1466 2976 1679 3064 comparato,
1716 2972 1947 3066 procederet,

385 3093 561 3186 quoslibet
579 3095 712 3181 motus,
741 3092 772 3166 si
800 3091 862 3185 qui
884 3104 946 3186 por
974 3094 1103 3166 Tereos
1136 3110 1178 3168 ex
1207 3099 1316 3167 morte
1346 3092 1589 3186 gubernatoris
1603 3091 1635 3184 ¹)
1663 3093 1836 3176 animatos
1874 3095 1944 3167 lie-

385 3217 477 3304 rent,
511 3224 789 3307 compressurus:
823 3214 963 3287 interim
995 3215 1196 3288 nuntiatum
1225 3223 1294 3302 est,
1327 3215 1458 3287 Tereos
1490 3213 1629 3306 quietos
1656 3213 1867 3302 consistere,
1904 3219 1947 3287 et

385 3323 476 3410 nibil
503 3337 544 3409 de
572 3329 749 3409 inferendo
781 3335 874 3408 bullo
909 3337 1001 3428 apud
1033 3335 1115 3408 lllos
1146 3335 1305 3430 cogitari.
1340 3336 1417 3409 Rex
1445 3343 1561 3409 tumen
1589 3335 1775 3419 Ladislans'
1802 3349 1945 3408 versus

385 3458 512 3532 Album
541 3457 707 3550 Regulam
735 3456 802 3530 iter
828 3473 896 3530 non
928 3457 1094 3546 remittit,
1128 3458 1255 3530 Albam
1280 3458 1470 3552 Regulum,
1503 3456 1673 3530 destituto
1700 3457 1773 3530 lilio
1798 3457 1944 3550 gnber-

387 3578 518 3652 natoris
545 3578 726 3666 ,Ladislao
757 3577 973 3668 efficientes
1003 3577 1123 3652 Ulrico
1150 3578 1284 3653 Gemite
1309 3578 1419 3651 (lilius
1450 3577 1527 3670 (qni
1555 3579 1592 3650 in
1619 3577 1701 3652 aliis
1732 3584 1945 3651 castrorum

386 3699 587 3794 Hungeriac
613 3696 828 3774 cessionibus
856 3699 1102 3793 Hungarorum
1135 3701 1253 3789 corda,
1285 3699 1533 3773 committendo
1566 3695 1629 3772 illa
1657 3699 1843 3772 Almannis
1873 3701 1945 3773 vel

387 3821 599 3910 forensibus,
628 3840 731 3914 quum
758 3821 909 3896 maxims
936 3823 1209 3911 vulneraverat),
1238 3820 1319 3893 allis
1348 3821 1384 3894 in
1413 3827 1587 3909 tenutam,
1617 3825 1658 3898 rt·
1684 3821 1840 3912 potentia
1862 3820 1947 3894 mlii

387 3941 645 4036 grubernamris,
665 3939 838 4030 ladislai,
860 3950 1025 4036 tanquam
1045 3941 1134 4036 Regi
1152 3948 1187 4016 et
1204 3941 1331 4016 bomin
1351 3947 1529 4035 suspecta,
1549 3941 1816 4029 diminueretur,
1838 3959 1946 4014 eorn-

387 4064 572 4137 missums.
601 4063 788 4137 Ladislaus
817 4070 931 4138 artem
961 4063 1056 4137 illius
1082 4064 1342 4158 gubemetoris,
1366 4065 1489 4136 horum
1509 4062 1680 4149 emulum,
1701 4083 1789 4155 quus
1806 4071 1946 4136 contra

388 4185 489 4259 illum
518 4187 742 4279 gerebantur,
771 4205 839 4259 non
867 4186 1026 4280 ignarus,
1056 4185 1230 4279 simulque
1248 4186 1291 4259 ds
1308 4200 1392 4258 neco
1420 4184 1563 4258 Comitis
1590 4181 1714 4273 Giliae,
1744 4201 1832 4276 quae
1859 4186 1947 4259 isra

388 4306 541 4380 omnium
568 4292 736 4380 baronum
763 4307 964 4400 Hungariae
992 4305 1139 4381 consilio
1166 4314 1201 4381 et
1228 4326 1375 4380 assensu
1400 4305 1532 4380 dudum
1556 4305 1762 4397 composita,
1792 4304 1947 4398 sibique

389 4429 668 4517 mandatumst,
697 4428 850 4522 qualiter
876 4413 973 4502 illam
1001 4431 1168 4504 conficere
1195 4433 1330 4522 posset,
1359 4429 1461 4521 plura
1488 4444 1606 4504 secum
1634 4426 1793 4513 volvens,
1823 4427 1943 4517 perli-

390 4548 439 4621 cit
466 4549 596 4642 Regem
624 4554 660 4623 et
678 4548 892 4640 neminen
920 4550 956 4623 in
983 4551 1080 4639 dolo,
1109 4555 1149 4622 ut
1176 4549 1333 4624 exercitu
1360 4549 1540 4634 universo,
1573 4547 1635 4639 qui
1661 4547 1727 4620 sub
1754 4547 1889 4620 ducatu
1905 4548 1945 4637 θ)
2026 4625 2034 4640 ,

389 4669 533 4743 (inmitis
561 4669 674 4744 Ulrici
701 4669 893 4759 militabat,
932 4671 1121 4745 consistere
1157 4671 1269 4760 iusso,
1307 4690 1386 4744 curn
1417 4669 1539 4762 paucis
1571 4657 1690 4742 nauali
1718 4665 1842 4741 itincre
1868 4685 1945 4760 per

389 4788 587 4865 Danubium
616 4791 742 4864 Album
761 4792 926 4885 Regulam
946 4790 1186 4882 descenderet,
1216 4797 1377 4866 astruens
1404 4798 1522 4864 tantae
1542 4775 1765 4863 multitudini
1782 4789 1818 4861 in
1838 4795 1943 4864 terre

388 4911 574 5006 a'proprlo
601 4900 714 4985 milite
743 4919 777 4985 et
804 4913 847 4987 ab
874 4915 974 4987 hoste
1002 4919 1144 5002 uexata,
1173 4913 1344 4987 victualis
1370 4914 1573 4986 nullatenus
1602 4910 1799 4984 suffectura.
1840 4913 1942 4986 Dum

387 5039 504 5107 autem
532 5033 658 5106 Albam
686 5031 852 5128 Regaler'n
879 5041 1084 5128 peruentum
1112 5041 1219 5124 esset,
1249 5036 1359 5108 altero
1385 5033 1443 5108 die
1469 5033 1565 5106 filins
1591 5032 1835 5126 gubernatoris
1862 5033 1941 5106 La-

494 5327 519 5408 ‘l
541 5330 628 5391 nans
647 5326 835 5391 necessarius
857 5335 936 5389 asset
959 5325 1021 5388 Ed.
1046 5325 1138 5412 Lipa.
1163 5325 1189 5405 ῃ)
1211 5321 1331 5388 loannis
1353 5327 1391 5387 de
1413 5315 1542 5403 llunyad
1564 5325 1736 5401 Huugarise
1755 5324 1941 5403 gubernem

389 5435 432 5496 ris
453 5431 516 5495 Erd-
543 5417 635 5518 [ipa.
659 5432 685 5514 ⁸)
708 5430 739 5494 ld
760 5430 905 5498 efficiente
928 5426 989 5496 Ed.
1013 5429 1103 5516 laps.
1127 5429 1155 5514 ⁴)
1170 5434 1281 5510 Regem
1303 5431 1474 5492 Iudislbum
1497 5430 1690 5492 cruentum
1712 5429 1842 5490 Ulrloum
1864 5417 1940 5494 Ed.

389 5535 482 5630 Lina.
507 5533 535 5628 ⁵)
558 5539 613 5608 sub
636 5537 725 5607 ducib
751 5533 812 5603 Ed
837 5533 926 5626 Isa'pa
