4082 6284
916 571 1029 630 omna
1055 573 1300 630 oeconomus
1327 559 1441 648 (xm).
1675 553 1743 657 (Α.
1763 553 1808 630 n
1829 549 1953 654 1402.)
1979 547 1983 552 ’

855 991 1067 1108 ANNUS
1103 991 1334 1106 DOMINI
1370 993 1508 1107 1462.

656 1233 701 1304 ba
723 1235 919 1308 vodwdbu
940 1235 1086 1308 nnuma
1108 1235 1323 1308 muccinvki
1346 1237 1536 1327 apphaim
1558 1239 1707 1311 miluc.

514 1479 634 1552 Natali
664 1479 861 1570 Dominioo‚
890 1481 1092 1556 KanImirus
1119 1481 1196 1555 Rex
1223 1483 1451 1571 Polonorum,
1485 1483 1576 1575 apud
1609 1484 1874 1557 cracoviensem
1905 1505 1953 1556 ec-

411 1597 554 1672 clesiam
586 1600 777 1688 celebrato,
809 1621 1010 1693 processum
1042 1600 1266 1676 iudiciarinm
1299 1605 1419 1674 contra
1450 1603 1617 1676 dousules
1644 1609 1680 1677 et
1707 1604 1802 1677 cives
1835 1604 1953 1676 draco

412 1717 566 1805 vieuses,
594 1719 750 1793 Iohanne
777 1721 821 1793 de
846 1721 1022 1794 Thanculn
1049 1722 1241 1796 castellano
1273 1721 1508 1810 cracoviensi,
1540 1723 1694 1796 maxima
1721 1743 1862 1816 quoque
1891 1723 1951 1795 mi·

411 1837 570 1910 litarium
602 1840 704 1913 turba
735 1839 905 1928 instante,
939 1841 1098 1916 resumit.
1133 1841 1309 1933 Quidum
1338 1841 1443 1914 tertIa
1474 1842 1640 1915 citatione
1667 1843 1800 1930 vocati,
1838 1843 1876 1914 iu
1905 1863 1953 1914 ca

412 1960 525 2030 strum
557 1958 782 2032 cracoviense
815 1961 880 2034 sub
912 1962 1010 2034 salvo
1041 1961 1150 2054 Regis
1177 1961 1351 2034 conductu
1377 1962 1421 2034 ad
1449 1961 1635 2035 terminum
1668 1963 1756 2036 feria
1787 1961 1955 2034 tertiain

413 2077 538 2170 vigilia
563 2079 797 2171 Epiphaniae,
830 2081 1025 2169 venissent,
1058 2081 1224 2172 petebant
1250 2101 1288 2154 se
1315 2081 1352 2153 in
1380 2102 1498 2154 eorum
1531 2081 1667 2154 iuribus
1694 2086 1730 2154 ot
1756 2080 1954 2174 privilegiis

412 2198 561 2286 servari,
590 2203 625 2272 et
652 2199 820 2272 indicium
847 2198 890 2272 de
917 2219 956 2274 ee
983 2221 1052 2272 non
1078 2201 1115 2272 in
1143 2219 1236 2288 arce,
1266 2199 1327 2273 sed
1354 2200 1391 2272 in
1410 2201 1511 2288 urbe,
1540 2223 1609 2272 nou
1627 2221 1741 2273 coram
1762 2202 1879 2292 Rege,
1901 2221 1952 2274 ne

412 2338 479 2408 que
507 2317 582 2391 iure
609 2319 790 2406 Polonico,
828 2319 889 2392 sed
920 2341 1035 2393 coram
1067 2321 1246 2393 Advocato
1273 2325 1308 2394 et
1335 2320 1410 2393 iure
1443 2321 1732 2414 blagdeburgeusi
1766 2321 1859 2393 lieri.
1893 2321 1955 2394 Sed

412 2457 490 2510 cum
527 2459 589 2529 per
620 2439 751 2532 Regem
783 2443 819 2516 et
848 2439 994 2516 barones
1026 2441 1063 2513 iu
1095 2440 1224 2514 iudicio
1256 2439 1495 2532 praesidentes
1530 2441 1782 2514 interlocutum
1820 2439 1954 2525 luisset,

411 2577 470 2631 eos
497 2558 586 2631 banc
612 2557 845 2634 conditionem
872 2559 1047 2653 inprime
1075 2560 1195 2633 Norae
1223 2559 1387 2633 divitatis
1414 2560 1563 2632 momine
1590 2559 1810 2652 neglexisse,
1851 2558 1953 2650 priri-

411 2676 573 2770 legiaqne
598 2699 717 2752 eornm
743 2683 828 2753 tunc
850 2681 956 2766 lecte,
977 2701 1051 2756 eam
1070 2679 1145 2753 illis
1163 2680 1440 2773 praerogativam
1458 2697 1528 2754 non
1545 2681 1702 2753 conferre
1720 2679 1767 2768 ι);
1796 2679 1953 2752 condem·

411 2801 542 2870 nantur
567 2799 611 2870 ad
634 2799 774 2872 radium
793 2805 829 2874 et
846 2801 891 2873 ad
908 2800 1035 2894 cepitis
1062 2819 1224 2892 poenam3
1253 2799 1329 2872 illis
1347 2820 1484 2891 quoque
1503 2817 1546 2872 ex
1565 2804 1680 2872 castro
1699 2799 1954 2884 recedentibus,

411 2915 610 3010 pignoratio
636 2921 671 2992 et
698 2919 858 2992 executio
886 2919 1080 2994 sententiae
1098 2919 1248 2993 decreta.
1276 2917 1428 2992 Sabbato
1446 2918 1571 2991 deiude
1590 2919 1682 2991 intra
1699 2919 1857 2991 Octavas
1875 2919 1953 3008 Idpi·

410 3036 635 3129 phaniarum,
673 3037 841 3112 Nicotaus
877 3039 988 3114 Shora
1018 3039 1061 3112 de
1094 3039 1167 3131 day
1204 3039 1418 3112 castellanus
1455 3037 1679 3112 Galissleneis
1715 3043 1752 3112 et
1788 3037 1955 3110 Nicolaus

411 3157 660 3250 Pyenpansaek
674 3156 706 3246 ²)
733 3159 1007 3232 succamerarius
1034 3165 1069 3232 et
1095 3157 1299 3250 cupiteneus
1330 3157 1586 3246 cracoviensis,
1619 3159 1764 3250 allego
1779 3155 1813 3246 3)
1846 3157 1953 3244 missi,

411 3276 449 3350 in
479 3277 707 3369 praetorium,
740 3279 949 3352 senteutiam
981 3278 1178 3367 executuri,
1214 3277 1424 3352 adveniunt:
1464 3283 1499 3350 et
1529 3277 1699 3351 consules
1730 3295 1773 3350 ac
1804 3297 1953 3349 commu·

410 3396 558 3470 nitatem
589 3397 696 3471 simul
726 3403 970 3492 congregatos,
1001 3397 1232 3490 reperientes,
1266 3403 1416 3490 quatuor
1448 3418 1492 3470 ex
1523 3396 1752 3485 Oousuhbus,
1791 3397 1954 3469 videlicet

410 3515 603 3599 douradum
631 3517 745 3611 Lang,
779 3518 996 3592 Stanislcum
1028 3517 1246 3610 Lepmither,
1278 3518 1473 3590 Iaroslaum
1505 3516 1673 3608 Scharley
1701 3520 1737 3588 et
1766 3516 1953 3587 Nartinnm

411 3635 550 3726 Belsne,
578 3636 663 3710 item
682 3655 726 3710 ex
744 3638 992 3711 communitate
1019 3639 1210 3710 Iohannem
1233 3631 1450 3724 Theschnar,
1479 3635 1670 3708 Iohannem
1689 3633 1866 3708 Woliram
1884 3636 1952 3726 pel·

411 3754 556 3846 lihccm,
576 3757 762 3830 eilbertum
780 3757 969 3846 Pictorem,
989 3757 1174 3832 Nicolaum
1194 3757 1386 3851 Scherlaug
1400 3757 1432 3846 ⁴)
1459 3755 1689 3830 calcarihcem
1714 3760 1750 3828 et
1769 3755 1951 3828 Nicolaum

411 3874 619 3968 magistrum
645 3875 841 3964 Lictorum,
869 3877 913 3950 ad
940 3895 1086 3970 poenam
1112 3877 1317 3969 deposcunt.
1347 3875 1430 3969 Qui,
1458 3879 1499 3948 ut
1525 3875 1702 3967 reliquum
1721 3895 1853 3966 corpus
1870 3874 1950 3946 civi·

411 3995 496 4068 tatis
529 3996 666 4072 salvum
699 3997 812 4085 fleret,
846 3997 956 4070 dediti
987 4003 1086 4084 sunt,
1121 4003 1156 4069 et
1183 4015 1225 4069 ec
1251 3995 1391 4088 quidem
1418 3996 1475 4069 die
1502 3995 1539 4067 in
1566 3993 1743 4087 praetorio
1771 3992 1951 4078 asservati,

410 4115 520 4188 altera
547 4135 628 4188 vero
655 4135 756 4188 mane
782 4116 820 4188 iu
847 4121 1000 4189 castrum
1028 4115 1169 4189 deducti
1197 4120 1233 4188 et
1258 4115 1296 4187 in
1323 4115 1432 4188 turris
1451 4119 1585 4207 partem
1604 4113 1849 4188 demissiorem
1868 4111 1952 4184 trud

410 4239 505 4307 sunt.
533 4233 605 4308 Ubi
631 4234 786 4326 quinque
812 4234 936 4308 diebus
964 4234 1182 4322 commorati,
1211 4255 1310 4307 sacra
1336 4234 1568 4322 confessione,
1594 4253 1765 4324 sacroque
1782 4231 1952 4324 peruncti

410 4353 555 4442 viatico,
585 4354 641 4428 die
667 4354 830 4441 Veneris,
863 4354 1084 4446 quindecima
1110 4353 1267 4428 Ianucrii
1282 4353 1325 4443 5),
1355 4353 1400 4426 ad
1426 4353 1545 4427 eedem
1573 4352 1734 4426 Andreae
1764 4351 1950 4424 Thencain·

411 4473 482 4561 shi,
512 4495 600 4566 qnae
628 4473 748 4548 Sancti
784 4475 967 4550 Michaelis
993 4473 1161 4551 basilicae
1187 4473 1348 4566 proxima
1374 4477 1444 4561 est,
1473 4471 1649 4565 perducti,
1676 4471 1785 4544 Petro
1812 4471 1856 4544 de
1873 4469 1950 4542 We·

410 4594 676 4666 schumunthov
711 4593 825 4668 iudice
852 4593 1127 4670 Seudomiriensi
1154 4593 1376 4680 decernente,
1406 4613 1469 4666 sex
1492 4591 1731 4664 tantummodo
1751 4612 1797 4664 ex
1817 4587 1948 4676 deditio

410 4713 576 4786 videlicet
603 4712 779 4786 conradus
806 4715 920 4808 hang,
950 4714 1149 4788 Stanislans
1176 4712 1394 4805 heymither,
1423 4713 1602 4786 Ianoslaus
1621 4711 1804 4802 Scharley,
1833 4709 1948 4782 hlbsr·

411 4837 469 4905 tus
502 4831 636 4922 Pictor,
672 4832 841 4906 Nicotaus
873 4834 1066 4926 Scherlang
1096 4837 1131 4906 et
1162 4831 1331 4904 Nicolaus
1363 4830 1544 4905 hictorum
1576 4829 1763 4923 magister,
1801 4831 1948 4903 Iohanne

411 4951 660 5040 Rabsthinshi,
681 4951 756 5025 filio
774 4952 934 5026 Andreae
952 4949 1203 5038 Thencuinelri,
1231 4971 1293 5042 per
1319 4949 1554 5022 iuramentum
1573 4950 1751 5041 corporale
1771 4955 1808 5022 et
1827 4946 1947 5021 iudicio

410 5073 521 5167 regali
548 5073 719 5162 delatum,
748 5072 791 5145 de
818 5071 990 5146 occisione
1016 5070 1186 5165 genitoris
1214 5069 1270 5144 sui
1297 5069 1379 5143 illos
1406 5069 1650 5158 convincente,
1676 5068 1822 5162 publico
1840 5065 1946 5161 gladio

520 5347 542 5426 ¹)
565 5367 624 5410 nou
647 5348 853 5412 conservabant
880 5342 944 5408 hd.
967 5341 1059 5428 Dipo.
1090 5342 1115 5422 ²)
1137 5341 1307 5420 Pyenianclr
1329 5341 1367 5402 de
1388 5341 1545 5402 VithouIce
1573 5337 1636 5402 hd
1660 5337 1753 5422 Lips.
1785 5338 1812 5418 ¹)
1835 5338 1948 5416 :Rege

413 5451 556 5516 Oasiariro
577 5447 641 5518 Ed.
662 5447 753 5540 [ἄρα.
777 5448 803 5530 ⁴)
826 5449 991 5528 Sobarlang
1013 5443 1078 5508 Ed.
1103 5443 1196 5530 Lipa.
1220 5443 1246 5526 ⁵)
1268 5445 1378 5508 mensis
1399 5444 1532 5508 mouent
1552 5439 1617 5506 Ec.
1638 5440 1731 5528 Lipa.
