4126 6280
90 542 156 644 (Α
173 541 220 618 D.
241 537 368 638 1457.)
603 564 717 618 nmen
742 563 988 672 nuoononnre
1015 544 1130 636 (xm).
1303 477 1306 483 Ι
1565 538 1638 618 att

90 771 208 824 omnes
241 750 407 824 continuo
438 751 622 840 advolant,
655 755 691 826 et
718 751 865 826 Bohemi
898 749 1055 844 quidem,
1090 750 1173 844 quia
1198 756 1301 844 porta
1326 766 1396 826 nou
1425 751 1638 828 intromitto·

88 874 232 960 bantus,
261 870 414 965 nauigiis
442 872 486 944 ad
513 876 666 945 castrum
694 872 828 946 intrant
860 876 1095 946 strumonem
1124 873 1260 946 sedant.
1288 866 1489 946 Oairwoulra
1520 894 1640 968 accep·

88 993 135 1066 tis
162 1016 186 1068 a
211 993 307 1086 Rege
333 993 453 1066 docem
480 997 516 1066 et
542 997 619 1066 octo
647 993 855 1068 florenorum
883 993 1060 1082 millibus,
1096 993 1243 1068 liberius
1271 993 1309 1066 iu
1336 986 1560 1088 Marieuburg
1587 994 1640 1068 in

87 1114 257 1208 graditur.
286 1113 333 1188 Et
359 1112 529 1204 correptis
556 1113 703 1188 Nicolao
731 1113 914 1186 Wolsdorl
930 1115 969 1204 ¹),
997 1113 1187 1188 Fridmano
1214 1114 1388 1188 Panccara
1405 1112 1448 1204 ²),
1477 1114 1579 1188 brian
1607 1117 1643 1190 et

88 1235 249 1324 Wisaelr,
269 1256 357 1327 qnos
371 1239 517 1307 noverat
531 1234 631 1307 illius
650 1235 862 1308 turbationis
882 1236 992 1308 luisse
1006 1235 1170 1308 authores
1182 1232 1225 1324 ³),
1246 1235 1298 1308 eis
1316 1228 1469 1327 primum
1483 1235 1640 1312 debiturn

88 1356 276 1448 persolvit,
296 1361 331 1430 et
345 1355 388 1428 dc
402 1359 516 1428 castro
531 1355 667 1444 altiori,
687 1356 847 1448 impensa
862 1356 1054 1444 solutione,
1077 1356 1235 1430 secedere
1254 1349 1384 1450 coegit,
1404 1377 1564 1430 asserens
1584 1377 1643 1430 eoa

89 1478 208 1570 inique
231 1497 333 1570 agere
356 1481 391 1550 et
414 1475 548 1550 crudeli
571 1476 818 1550 uicissitudine
845 1477 1057 1570 benignitati
1084 1477 1201 1570 regiae
1227 1473 1452 1570 respondere:
1482 1477 1641 1570 quicum

89 1605 124 1672 et
142 1602 297 1672 castrum
321 1597 545 1689 Marionburg
572 1603 607 1670 et
625 1597 800 1690 captiuos,
830 1601 865 1671 et
888 1599 1078 1670 multorum
1102 1597 1257 1670 millium
1276 1611 1446 1670 summam
1466 1598 1503 1672 in
1522 1619 1643 1672 eornm

88 1719 191 1792 fidem
219 1723 255 1792 ot
280 1717 490 1810 probitatem
518 1718 712 1810 posuisset,
745 1741 814 1791 non
846 1723 964 1794 essent
997 1719 1103 1792 veriti
1135 1723 1274 1792 tantum
1307 1715 1443 1792 molum
1470 1723 1506 1792 et
1532 1718 1642 1794 tradi·-

89 1845 246 1913 mentum
274 1839 310 1911 in
339 1838 471 1931 optimo
498 1843 533 1910 et
561 1839 717 1912 modesto
745 1840 841 1933 Rege
869 1839 1071 1928 admittere,
1100 1845 1135 1912 et
1162 1845 1304 1932 propter
1331 1835 1453 1932 exigui
1471 1839 1640 1939 temporis

89 1981 237 2049 moram,
266 1965 469 2052 perpetuam
498 1959 567 2032 sibi
595 1965 631 2033 et
658 1959 805 2034 caeteris
833 1960 1079 2034 inpotentibus
1106 1961 1287 2034 infamiam
1315 1979 1525 2052 comparare.
1563 1960 1642 2034 Rex

89 2085 207 2154 autem
234 2079 438 2154 Karimirns
465 2081 589 2154 nuntio
617 2081 853 2155 Gahwoncaae
872 2081 914 2154 dc
933 2081 1152 2174 dispulsione
1178 2081 1343 2173 periculi,
1372 2081 1465 2174 quod
1488 2081 1558 2156 iam
1576 2080 1641 2154 im·
1792 2142 1796 2148 .

90 2203 266 2292 minebat,
296 2201 579 2290 certiorantur,
614 2222 692 2274 oum
725 2201 933 2276 assiduitate
968 2203 1137 2294 pecuniae
1163 2203 1361 2302 dohannem
1389 2197 1431 2275 de
1458 2202 1644 2276 Ouarnlrou

90 2324 321 2397 castellanum
350 2321 603 2411 Gnesnensem,
636 2323 813 2397 Andrean
840 2324 883 2396 de
910 2323 1104 2411 Thancuin,
1137 2323 1330 2398 Iohannem
1357 2324 1401 2398 do
1426 2319 1641 2414 Rithwpani,

90 2445 283 2517 Iohannem
310 2443 506 2535 Dlngosch,
537 2443 729 2516 Stiborinm
757 2444 799 2517 de
826 2445 981 2536 Bayson,
1011 2443 1243 2517 Wilhelmum
1271 2445 1450 2517 consulem
1480 2442 1640 2517 Gdaneu·

90 2587 178 2654 sem,
207 2565 356 2657 iungens
384 2563 459 2636 illis
487 2563 675 2637 nonnullos
703 2564 798 2638 cives
826 2564 1030 2638 Gdanenses
1059 2584 1102 2637 ex
1131 2565 1397 2654 communitate,
1426 2559 1470 2636 ad
1497 2565 1641 2656 expleu-

90 2686 171 2758 dum
200 2689 362 2777 cocptum
380 2684 561 2776 negotium
580 2684 738 2771 affectos,
766 2685 805 2758 iu
831 2685 1057 2778 blarienburg
1086 2685 1315 2760 transmittit:
1344 2686 1404 2778 qui
1432 2683 1509 2758 utta
1527 2685 1646 2758 tribus

89 2806 317 2880 hebdomadis
344 2805 471 2878 morati
499 2805 621 2896 (multi
647 2806 740 2880 euim
767 2805 1081 2898 interponebantur
1112 2806 1196 2878 nori
1226 2806 1310 2880 nodi
1338 2812 1373 2878 et
1400 2805 1641 2894 difficultates,

90 2929 150 3001 sed
179 2932 215 3000 et
243 2926 353 3018 aliqui
382 2947 425 2999 ex
454 2927 619 3000 Bohemis
653 2932 687 2999 et
718 2927 906 3000 Almcnnis
942 2948 1126 3000 numerum
1162 2947 1330 3018 equorum
1367 2931 1402 2999 et
1438 2927 1643 3000 damnorum

11 3097 13 3100 -
90 3050 172 3141 plns
199 3048 294 3122 insto
326 3047 516 3140 angebant:
550 3068 629 3142 cum
661 3047 767 3121 aliam
798 3048 982 3140 pecuniam
1014 3048 1183 3122 haberent
1215 3047 1253 3120 in
1286 3069 1350 3120 sua
1376 3051 1569 3140 potestate,
1599 3067 1642 3120 ex

91 3191 157 3262 quo
190 3175 227 3241 et
253 3167 441 3261 principali
468 3189 623 3242 summae
651 3167 833 3241 duodecim
860 3167 976 3241 millia
1002 3168 1248 3257 addebantur),
1276 3187 1350 3240 rem
1365 3169 1397 3257 ⁴)
1425 3181 1561 3242 omnem
1579 3189 1643 3260 pro

91 3295 171 3364 roto
200 3289 405 3381 expediunt.
436 3289 505 3361 Sed
531 3309 594 3361 nec
621 3293 706 3362 tunc
729 3289 983 3362 Almannornm
1003 3288 1120 3360 odium
1140 3286 1291 3380 quierit,
1312 3288 1372 3380 qui
1390 3287 1645 3380 principaliora

90 3410 290 3484 sanctuaria
317 3430 361 3483 ox
388 3407 535 3484 ecclesia
562 3409 685 3484 maiori
712 3409 820 3484 castri
847 3409 1072 3502 Morienbnrg
1086 3408 1128 3499 ⁵),
1158 3409 1324 3482 videlicet
1350 3429 1487 3484 crucem
1515 3427 1639 3502 argen-

91 3537 198 3621 team,
228 3529 420 3604 notabilem
447 3529 642 3622 portionem
665 3529 754 3624 ligni
774 3530 868 3604 vitae
886 3530 1088 3620 habentem,
1117 3529 1306 3624 imaginem
1324 3530 1446 3604 beatae
1464 3529 1595 3604 Mariae
1611 3531 1643 3622 6)

91 3657 291 3746 argenteam
320 3651 539 3740 deauratam,
568 3655 674 3742 capnt
702 3651 851 3724 Sanctae
877 3651 1053 3724 Barbarae
1081 3655 1116 3724 et
1143 3651 1347 3745 imaginem,
1385 3656 1421 3724 et
1447 3650 1520 3724 alia
1546 3649 1641 3724 clan-
1753 3727 1755 3734 ,

92 3773 229 3847 destino
257 3771 371 3844 noctis
398 3776 570 3864 ternpore,
598 3771 719 3863 paucis
748 3772 914 3860 consciis,
943 3772 1152 3864 depromunt
1185 3777 1220 3845 et
1247 3771 1366 3845 currui
1393 3771 1437 3843 ad
1459 3772 1524 3844 hoc
1542 3785 1641 3864 prte-

91 3899 213 3986 parato
241 3892 444 3986 includunt,
473 3891 511 3965 in
537 3893 747 3966 Almanniae
784 3914 862 3966 oras
899 3913 1017 3966 secum
1049 3892 1119 3966 ista
1150 3892 1380 3984 deportatnri.
1419 3893 1558 3984 Quare
1585 3892 1642 3966 Io·

92 4014 199 4088 hanni
228 4013 270 4086 de
296 4013 492 4101 Gnarnlrow,
527 4013 688 4087 Andreae
715 4014 757 4088 de
789 4013 983 4102 Thancciu,
1014 4012 1167 4086 Stiborio
1195 4013 1238 4086 de
1265 4015 1420 4104 Bapsen,
1453 4014 1642 4105 patefacta,

92 4136 188 4210 illico
216 4133 362 4208 Polonis
390 4133 567 4222 omnibns,
597 4133 657 4226 qni
685 4133 754 4206 iarn
783 4138 867 4206 tnnc
894 4153 938 4206 ex
965 4134 1124 4208 condicto
1153 4138 1306 4206 castrum
1338 4133 1563 4226 Marienbnrg
1589 4133 1642 4206 in·

92 4256 221 4349 gressi,
251 4260 286 4328 et
313 4253 479 4327 Bohemis
507 4259 543 4328 ct
569 4255 756 4328 Almannis
790 4254 987 4347 superiores
1019 4274 1163 4328 numero
1192 4259 1226 4328 et
1253 4254 1375 4328 robore
1402 4259 1519 4343 erant,
1548 4273 1644 4338 arma

93 4377 237 4451 induere
263 4375 389 4463 iussis,
417 4377 557 4448 favente
585 4375 691 4448 etiam
710 4375 840 4468 magis,
869 4397 975 4468 quam
993 4375 1184 4450 adiuvante
1202 4375 1324 4448 Ulrico
1344 4373 1558 4462 (lcirwonha,
1589 4395 1643 4448 ce·

93 4499 232 4572 terrimo
264 4501 467 4584 accurrunt,
502 4501 538 4570 et
569 4496 770 4570 sanctuaria
796 4497 838 4571 de
864 4500 1040 4587 potestate
1072 4497 1342 4584 Almannornm,
1376 4493 1542 4568 videlicet
1569 4495 1642 4567 An·

94 4619 194 4694 dreae
227 4617 369 4692 Gewald
402 4617 598 4707 (Australis
614 4618 644 4706 ⁷)
678 4622 768 4706 crat)
797 4617 953 4709 eripiunt
986 4621 1021 4690 et
1048 4617 1086 4689 in
1113 4617 1298 4690 ecclesiam
1324 4616 1519 4707 deponunt,
1554 4635 1643 4706 qnae

94 4745 218 4832 postea
242 4738 388 4812 Bohemi
416 4742 451 4811 et
477 4739 661 4828 Almanni,
695 4737 853 4830 pluribus
881 4737 1117 4831 legationibus
1152 4737 1196 4810 ad
1226 4738 1358 4829 Regem
1390 4734 1509 4825 tactis,
1543 4755 1640 4826 repe·

94 4867 165 4938 tore
192 4859 310 4933 conati
336 4858 480 4934 minime
506 4863 708 4952 potuerunt.
738 4858 908 4952 Magister
934 4865 1051 4932 autem
1073 4857 1239 4932 Pruseiae
1257 4856 1475 4947 Ludoricus,
1504 4855 1568 4949 qni
1583 4877 1645 4928 uu
1679 4930 1682 4936 ,

202 5167 227 5256 1)
250 5171 414 5233 Wolsdrod
434 5166 509 5232 cod.
534 5166 602 5232 Lis.
626 5169 676 5247 (dc
700 5167 919 5250 Woltersdorl').
945 5167 1143 5249 ¹)Frisdman
1159 5167 1307 5229 Panocera
1322 5163 1385 5228 Ed.
1403 5160 1493 5248 Lips.
1511 5165 1644 5245 (Friede-

96 5293 161 5336 man
183 5275 319 5355 Panzer).
351 5273 379 5353 ³)
400 5291 475 5350 quos
498 5274 585 5334 scivit
606 5273 787 5350 principales
810 5272 949 5334 authores
971 5273 1078 5350 tuisse,
1105 5272 1258 5348 redarguit
1289 5265 1366 5332 Coc.
1393 5266 1503 5332 Prccc.
1534 5266 1562 5348 ⁴)
1582 5287 1645 5330 rem

96 5385 193 5444 tamon
215 5375 278 5441 Ed.
303 5374 393 5464 La'pa
425 5375 451 5457 δ)
474 5376 746 5453 llarienbnrgensis
766 5372 832 5437 Et
855 5372 946 5458 Lipa.
978 5373 1004 5454 ⁶)
1027 5376 1133 5436 beatae
1162 5375 1274 5450 Merite
1302 5369 1526 5452 Virginisldd.
1551 5369 1645 5455 tipo.

100 5477 124 5562 ⁷)
147 5501 183 5543 cx
204 5482 326 5542 Austris
347 5482 373 5541 is
395 5477 459 5542 Ed.
483 5476 574 5563 lips.
649 5471 652 5480 Α
