4126 6280
142 523 214 625 (Α.
233 525 280 601 D.
299 523 427 625 1456.)
663 550 773 602 ursus
799 549 1044 602 6666666166
1071 529 1185 621 (1111).
1618 532 1692 606 219

141 731 255 806 hanni
282 733 477 806 Thraesaha
497 734 523 824 ι)
552 734 694 808 dederat
716 735 753 808 in
771 739 946 824 tenutam,
974 755 1037 827 per
1063 735 1255 809 familiares
1274 735 1429 810 eiusdem
1449 736 1692 826 Thraeszcaaa,

142 853 208 944 qui
235 859 320 928 tuuc
346 855 488 944 absens,
516 854 553 927 16
581 856 846 929 conventionem
865 857 1176 948 Ppotrlroriousem
1194 857 1397 945 advenerat,
1426 857 1526 930 nulla
1550 861 1694 950 cogente

140 974 371 1064 necessitate,
408 975 570 1048 hostibus
602 975 759 1048 deditum
792 981 828 1049 61
853 976 1045 1068 proditum,
1079 981 1114 1050 et
1140 976 1289 1068 pecunia
1320 983 1476 1069 recepta,
1510 976 1692 1050 venditum

141 1100 212 1170 est.
240 1097 335 1188 Quae
360 1118 417 1170 res
445 1097 579 1170 animos
610 1096 718 1190 Regis
751 1103 786 1171 et
813 1097 1093 1172 consiliariorum
1130 1097 1309 1188 66611616,
1343 1097 1535 1191 plurimum
1572 1099 1691 1173 turba·

140 1214 200 1290 rit
226 1221 262 1291 at
288 1217 428 1292 afflixit.

225 1572 376 1658 dmederi
399 1572 484 1664 apud
505 1572 714 1644 llrodnicaaru
736 1571 926 1646 caeduntur.
949 1572 1086 1644 Thenas
1108 1571 1343 1663 stnanpinan
1365 1573 1400 1646 16
1423 1573 1606 1664 episcopum

658 1745 660 1752 ,
678 1693 921 1765 troarnensem
943 1695 1162 1766 remeantur.

248 1941 303 2014 Ex
330 1939 560 2014 conventione
591 1939 860 2032 Pyotrhoriensi
892 1937 1094 2012 Karimirus
1125 1937 1249 2030 Re12)
1278 1938 1479 2014 cracoviam
1505 1941 1690 2034 processit,

139 2065 179 2134 et
206 2060 284 2135 illic
310 2082 389 2135 cum
414 2061 586 2154 genitrice
604 2067 639 2134 et
657 2065 817 2134 consorte
844 2081 908 2134 sua
923 2057 953 2149 ³)
981 2063 1120 2152 tempus
1139 2059 1369 2151 (tarnispririi
1388 2066 1422 2133 et
1441 2066 1579 2153 tempus
1599 2061 1689 2154 Qua·
1821 2155 1824 2160 Ι

139 2180 360 2272 dragesimae
386 2181 520 2274 exegit:
549 2180 641 2254 infra
667 2201 754 2272 ques
782 2181 857 2254 dies
885 2185 920 2253 et
947 2180 1066 2253 hostes
1090 2179 1134 2252 ad
1151 2179 1382 2253 Broduioram
1409 2181 1626 2254 clandestina
1643 2181 1690 2254 ir·

138 2322 304 2394 rumpere
332 2307 530 2394 satagentes
563 2301 775 2392 (praescitus
807 2299 901 2373 enim
929 2301 1043 2372 iuerat
1075 2319 1193 2372 eorum
1220 2300 1461 2384 clandestinus
1489 2305 1690 2374 61666161-

139 2443 211 2494 nus
238 2423 426 2512 adrentus)
454 2421 689 2510 66661,,6116
717 2421 878 2513 pluribus
905 2420 1179 2513 particularibus
1206 2421 1366 2513 praeliis,
1399 2422 1438 2495 iu
1466 2421 1575 2494 variis
1602 2422 1690 2496 locis

138 2541 356 2630 commissis,
394 2542 566 2634 superati,
604 2547 744 2616 eentum
777 2541 951 2614 notabiles
983 2562 1027 2614 ex
1059 2541 1221 2614 hostibus
1252 2541 1348 2634 capti
1380 2545 1474 2614 sunt.
1512 2540 1690 2616 Vicesima

31 2697 37 2706 ·
138 2662 269 2756 quinta
294 2661 425 2736 mansis
452 2661 627 2752 Ianuarii,
656 2667 739 2736 tuno
766 2661 803 2734 in
833 2661 1050 2736 Dominicam
1083 2661 1372 2755 Septuagesimae
1403 2663 1565 2750 cadente,
1599 2662 1688 2736 rho-

137 2805 218 2856 mae
246 2782 503 2876 Struampinshi
530 2783 672 2857 Electus
700 2781 938 2857 Graooriensis
970 2782 1266 2856 consecrationem
1288 2781 1327 2855 16
1354 2782 1503 2856 ecclesia
1529 2782 1687 2856 Bodnau-

136 2902 314 2994 cainsnsi,
340 2925 405 2996 per
431 2903 607 2979 Andrsam
634 2902 836 2996 episcopum
863 2903 1137 2979 Posnanieusem
1164 2901 1234 2977 sihi
1260 2901 1454 2995 impensam
1481 2903 1626 2994 accepit.

176 3259 276 3331 *Petro
298 3259 559 3332 11611116νὶ66ιὶ
581 3259 732 3350 episeopo
753 3261 895 3346 661166,
917 3258 1052 3330 lodocus
1074 3259 1115 3332 de
1137 3257 1351 3347 nourenberg
1373 3259 1407 3330 iu
1430 3257 1534 3330 lecum
1556 3257 1645 3330 ithus

830 3379 1001 3454 tumuitus.

244 3632 396 3722 866164)
414 3629 545 3704 mensis
563 3629 763 3718 Februarii,
782 3631 909 3702 Petrus
927 3627 1111 3720 episcopus
1130 3624 1452 3710 Wratislariensis‚
1473 3629 1554 3716 post
1572 3625 1685 3696 uectis

136 3753 311 3842 medium,
339 3753 377 3826 in
404 3751 548 3825 ciuitate
575 3749 862 3823 Wratislaviansi
888 3747 1051 3836 moritur,
1084 3752 1119 3820 et
1145 3767 1237 3818 noua
1263 3745 1449 3819 Februarii
1475 3745 1512 3817 16
1540 3743 1687 3817 66616616

140 3871 429 3947 wratislaviensi
457 3870 628 3963 sepelitur
641 3870 684 3960 5).
713 3869 820 3943 Cuius
847 3873 958 3940 morte
985 3871 1120 3956 secuta,
1147 3865 1307 3940 Praelati
1334 3871 1370 3938 61
1396 3864 1560 3938 canonici
1584 3863 1684 3935 Wra-

135 3993 382 4080 tislarienses,
410 3995 534 4064 octava
560 3989 617 4063 die
643 3989 764 4062 Martii
778 3989 811 4079 ὅ)
837 4010 899 4082 pro
928 3987 1098 4062 electione
1121 3985 1233 4059 futuri
1252 3984 1574 4078 episcopiindicta,
1604 4004 1683 4056 oon-

135 4113 320 4190 renientss
348 4111 513 4185 Iodocum
540 4111 583 4183 de
609 4110 843 4202 Rosuemberg
870 4111 1013 4182 fratrem
1040 4106 1174 4180 ordinis
1207 4106 1327 4180 Sancti
1359 4104 1528 4179 Iohannis
1560 4103 1684 4178 Hiero-

136 4232 346 4328 solymitaui
364 4253 443 4305 cum
469 4231 593 4320 cruce,
622 4231 794 4320 Priorem,
822 4229 1066 4322 Praepositum
1097 4228 1309 4320 Pragensem
1341 4224 1472 4298 ordinis
1503 4222 1685 4316 praedicti,

137 4355 286 4444 aetatis,
314 4373 419 4445 quam
446 4352 583 4425 culmen
609 4351 810 4444 pontificale
836 4349 1001 4442 requirit,
1034 4349 1228 4441 patientem
1262 4347 1450 4433 defectum,
1484 4345 1522 4416 iu
1553 4343 1685 4434 episco-

137 4499 226 4570 pum
253 4476 448 4568 elegerunt:
478 4472 578 4545 cuius
606 4471 731 4546 electio
758 4472 900 4544 taudem
927 4470 995 4542 fuit
1022 4491 1085 4562 per
1107 4468 1285 4542 calixtum
1304 4467 1435 4557 Papam
1453 4464 1597 4538 tertium
1616 4463 1685 4536 Ro·

138 4618 219 4672 mae
250 4616 341 4668 nona
372 4592 502 4666 mensis
535 4592 633 4666 Iunii
665 4593 878 4665 confirmata.
901 4591 966 4682 ¹Ad
999 4611 1101 4682 quem
1130 4587 1329 4680 eligendum
1357 4584 1557 4676 Capitulum
1584 4583 1687 4656 Wra-

138 4716 348 4792 tialariense
381 4735 421 4787 aa
453 4712 564 4786 traxit
596 4711 843 4800 consideratio,
878 4710 971 4803 quod
1008 4714 1043 4784 et
1068 4707 1206 4802 genitor
1237 4706 1391 4780 eiusdem
1423 4703 1542 4777 lodoci
1560 4702 1685 4793 616611,

137 4838 285 4914 Ulricus
312 4836 355 4909 de
382 4833 630 4925 Rosuemberg,
660 4831 774 4926 Regni
801 4831 990 4904 Bohemiae
1016 4827 1223 4922 principalis
1250 4827 1348 4916 baro,
1386 4825 1500 4898 fidelis
1537 4845 1684 4914 semper,

136 4957 289 5044 caeteris
316 4956 353 5028 in
379 4952 551 5028 haeresim
581 4949 1130 5045 1161661161166616661666167),
1160 4949 1399 5064 6111666666
1421 4944 1600 5019 Ecclesiae
1627 4944 1683 5016 de·

138 5125 555 5158 ——d—

249 5247 274 5326 ¹)
295 5247 430 5309 Tresalra
459 5241 537 5308 Oea.
565 5241 675 5306 Przca.
704 5243 840 5305 Trucslra
866 5237 1033 5304 66116.
1065 5237 1092 5318 ⁹)
1113 5238 1255 5300 Polouiao
1279 5237 1343 5298 Rex
1366 5233 1429 5297 Ed.
1454 5232 1544 5318 Lips.
1568 5232 1594 5312 ³)
1618 5252 1684 5294 cunr

136 5353 256 5432 Zophia
277 5351 421 5430 genitrice
442 5355 472 5411 61
492 5348 647 5410 Elisabeth
669 5352 806 5408 consorte
827 5364 883 5407 sua
904 5342 968 5406 Ea.
991 5341 1085 5426 Lapa.
1108 5339 1135 5422 4)
1158 5340 1319 5403 Sextadre
1341 5335 1404 5400 Ed.
1427 5335 1521 5421 Lipa.
1547 5335 1572 5416 ⁶)
1589 5337 1685 5418 sepul-

136 5464 198 5523 tus.
223 5451 288 5518 Ed.
312 5451 405 5538 Lips.
428 5450 455 5534 ⁶)
477 5453 587 5516 mensis
609 5452 708 5513 Martii
730 5447 794 5513 Ed.
817 5447 907 5537 Lips.
933 5445 958 5533 ⁷)
982 5466 1098 5531 semper
1119 5445 1267 5530 prolapsis
1289 5441 1353 5507 Ed.
1377 5439 1468 5530 Lipe.
