4046 6278
126 543 194 645 (Α.
214 545 260 621 D.
281 545 407 646 1465.)
642 575 754 628 crena
780 575 1025 630 nnonncnrns
1053 560 1167 650 (xrrr).
1599 565 1675 638 419

127 753 282 846 aliquam
309 776 371 846 pro
398 777 483 848 pace
511 761 629 831 tenere
655 779 724 830 non
751 780 869 852 posse,
898 766 1084 854 postquam
1108 765 1220 837 omnis
1240 787 1319 859 spes
1339 767 1381 842 de
1399 769 1596 842 rehabendo
1615 790 1670 843 oa·

127 881 200 950 stro
228 875 453 972 Marionbnrg
479 879 548 954 sibi
575 880 755 954 subtracta
783 883 873 954 foret
892 883 929 973 ¹),
958 885 1150 976 respondit.

172 1233 500 1325 camminensem
522 1236 637 1309 ductor
659 1239 805 1327 gentium
827 1241 986 1330 regiarum
1008 1243 1246 1332 stratagemate
1268 1243 1382 1316 ιιιιιι
1407 1261 1477 1316 cnm
1501 1245 1626 1324 dnobus

574 1358 784 1432 tandtanum
806 1360 892 1434 circa
914 1362 1068 1452 stargard
1091 1363 1228 1452 capitur.

227 1609 427 1700 Antequam
455 1614 571 1681 antem
599 1630 642 1682 ex
670 1609 800 1698 diaeta,
835 1631 923 1702 quae
950 1610 987 1682 in
1014 1610 1131 1702 Nerga
1157 1631 1220 1702 pro
1247 1610 1360 1703 prima
1386 1611 1442 1684 dis
1470 1613 1624 1705 Augusti
1640 1613 1672 1704 2)

121 1729 325 1816 tenebatur,
359 1729 552 1802 discessum
581 1728 726 1820 foratu,
760 1731 857 1804 venit
884 1730 1061 1804 exercitus
1089 1731 1207 1824 regins
1235 1732 1300 1803 sub
1328 1732 1435 1804 ductu
1465 1732 1567 1804 Pauli
1595 1734 1670 1806 Ius·

120 1850 266 1941 syenski
284 1849 321 1924 in
340 1850 597 1939 Pomeraniam,
627 1857 662 1923 ιι
681 1851 908 1925 suadentibus
927 1851 1141 1926 consiliariis
1169 1851 1349 1939 Pressius,
1380 1852 1545 1944 oppidum
1574 1852 1670 1926 Star-

116 1971 223 2063 gard,
253 1971 296 2044 ad
324 1971 619 2063 comprimendum
646 1973 816 2065 impetum
831 1973 862 2060 ⁴)
892 1979 926 2046 et
946 1973 1161 2046 ferocitatem
1181 1973 1351 2059 hostium,
1373 1973 1433 2064 qui
1453 1973 1490 2045 in
1510 1974 1670 2065 trequen-
1760 2033 1768 2056 ,

118 2091 205 2164 tiori
222 2113 366 2165 numero
385 2093 451 2166 sub
470 2093 577 2166 ductu
596 2093 765 2166 Iohannis
784 2095 826 2167 de
844 2095 907 2166 Zul
925 2093 955 2184 ⁵)
983 2099 1018 2167 et
1037 2093 1174 2187 Hoyera
1198 2095 1411 2185 praesidium
1431 2094 1669 2184 observantes,

117 2218 157 2285 et
184 2212 384 2286 subnrbana
411 2213 531 2305 oppidi
559 2213 771 2302 Gdanensis,
806 2221 841 2287 et
868 2236 964 2288 arces
996 2215 1110 2307 regias
1147 2215 1287 2307 Gnyew,
1325 2215 1464 2287 'Psoron
1501 2221 1536 2287 et
1563 2216 1670 2290 Nowe

115 2333 426 2425 vicesimaprima
458 2334 673 2427 Septembris
689 2335 732 2424 ⁶),
766 2336 901 2410 duabus
934 2336 1174 2408 tantummodo
1202 2335 1314 2408 bustis
1343 2336 1540 2420 collocatis,
1576 2336 1669 2409 obsi·

115 2453 200 2527 dere
227 2454 352 2546 eoepit.
387 2453 459 2528 Sub
493 2477 561 2547 qna
593 2455 789 2545 obsidione,
823 2457 905 2529 dum
934 2456 1103 2544 obsessis,
1133 2456 1298 2548 qnoniam
1326 2457 1398 2529 tere
1426 2455 1669 2529 obsidentibus

114 2596 221 2667 pares
248 2595 392 2648 numero
420 2576 573 2666 buerant,
603 2577 694 2650 liber
720 2598 763 2650 ex
791 2577 918 2670 oppido
949 2582 1086 2669 pateret
1117 2583 1218 2650 noete
1246 2583 1281 2650 et
1307 2576 1462 2649 interdiu
1494 2597 1667 2670 egressus,

114 2696 176 2770 die
203 2696 343 2785 Martis,
372 2696 506 2770 decima
533 2703 657 2772 octava
689 2698 864 2786 Octobris,
899 2697 1083 2791 sexaginte
1119 2697 1254 2789 equites
1291 2717 1335 2771 ex
1373 2697 1541 2790 stargard
1569 2698 1664 2770 olan-

113 2819 198 2891 cnlo
226 2817 374 2911 egressi,
403 2838 478 2904 eos,
507 2818 568 2910 qni
595 2818 692 2891 intus
718 2824 972 2907 remanserant,
1001 2818 1103 2911 qnasi
1129 2819 1248 2891 hostes
1276 2819 1486 2893 simultanee
1505 2819 1570 2892 sub
1590 2839 1666 2892 ves-

112 2959 240 3032 perum
272 2939 502 3013 lacessebant.
540 2939 648 3013 Cuius
680 2961 817 3033 pugnae
850 2941 965 3032 specie
1000 2945 1095 3030 (nam
1128 2960 1172 3013 ex
1200 2940 1344 3012 civitate
1374 2941 1494 3012 hostes
1522 2940 1666 3032 egressi,

111 3081 270 3153 pugnam
297 3080 376 3132 oum
403 3060 555 3152 propriis
588 3083 631 3134 en
659 3057 834 3150 condicto,
864 3061 967 3154 quasi
995 3082 1072 3134 cnm
1099 3060 1263 3133 hostibus
1300 3059 1543 3150 conserebant)
1572 3061 1663 3132 Pau-

111 3183 176 3254 lus
195 3181 398 3274 Iassyonski
417 3181 454 3254 in
473 3201 560 3273 equo
581 3182 805 3275 obequitans,
834 3183 907 3254 doli
935 3181 1063 3270 omnis,
1092 3182 1153 3274 qni
1181 3182 1382 3256 struebatur
1410 3182 1495 3270 sibi,
1525 3203 1663 3274 expers,

110 3303 325 3391 admiratus,
354 3301 466 3374 mittit
492 3325 600 3375 unum
629 3304 671 3377 de
690 3304 780 3390 suis,
810 3304 1106 3396 interrogatorum
1131 3303 1192 3394 qui
1211 3304 1323 3376 forent
1340 3303 1382 3393 7).
1421 3305 1471 3376 At
1497 3303 1554 3376 illi
1586 3323 1664 3376 cum

109 3423 379 3515 respondissent
415 3444 452 3495 ss
488 3424 734 3497 Teonovienses
768 3445 858 3511 esse,
893 3429 928 3496 et
963 3423 1076 3514 captis
1109 3424 1245 3515 aliquot
1276 3424 1454 3512 hostibus,
1488 3424 1664 3498 extorris

107 3545 305 3618 hostilibus
333 3544 573 3618 advenissent:
602 3546 736 3617 Paulus
763 3545 968 3637 Iassyenslri
995 3545 1113 3617 vafrae
1132 3563 1250 3616 eornm
1269 3544 1488 3636 responsioni
1507 3544 1662 3634 credens,

108 3666 461 3759 congratulabundus
494 3665 545 3738 eis
578 3687 615 3738 ee
644 3665 801 3754 miscuit,
835 3666 996 3738 stillico
1024 3666 1067 3738 ab
1095 3665 1145 3738 eis
1173 3685 1252 3737 cnm
1280 3666 1415 3739 duobus
1447 3665 1663 3738 satellitibus

109 3787 208 3875 suis,
236 3785 297 3878 qni
324 3786 428 3859 illum
456 3786 691 3874 associabant,
722 3787 886 3860 videlicet
913 3786 1103 3859 Laurentio
1131 3785 1290 3859 Schranlr
1317 3791 1352 3858 et
1379 3787 1483 3858 Petro
1512 3785 1660 3859 Sehorcn

109 3909 271 3999 capitur,
311 3911 346 3979 at
376 3907 413 3978 in
446 3906 613 3999 Sturgard
650 3907 834 3980 deducitur
868 3907 1040 4000 captivus.
1079 3907 1130 3980 De
1162 3907 1262 3980 ouius
1299 3907 1506 3999 captivitate
1542 3908 1661 3979 hostes

106 4029 200 4102 adeo
227 4047 387 4122 magnam
414 4033 624 4118 exceperant
652 4028 923 4116 exultationem,
953 4033 993 4100 ut
1019 4029 1197 4120 campanis
1221 4032 1256 4102 et
1275 4028 1452 4120 tympanis
1480 4028 1583 4120 longo
1606 4049 1659 4100 re-

106 4154 278 4224 sonarent
310 4153 481 4239 tompom,
516 4148 694 4221 credontes
727 4169 863 4220 omnem
891 4149 934 4220 ad
962 4170 999 4221 se
1026 4148 1189 4240 deinceps
1221 4148 1404 4220 victoriam
1436 4148 1523 4220 dnoe
1559 4167 1658 4220 exer·

105 4269 206 4344 citus
233 4275 334 4360 capto
362 4268 601 4360 migraturam.
631 4269 699 4342 Sed
727 4269 824 4342 illico
853 4269 889 4341 in
917 4270 1032 4342 locum
1056 4268 1131 4341 eius
1151 4268 1351 4342 (tethardus
1370 4269 1529 4340 dedomo
1549 4269 1657 4340 Thar-

104 4411 212 4463 nawa
238 4389 422 4476 successit,
451 4393 487 4462 et
513 4389 632 4464 hostes
660 4411 750 4463 vano
776 4389 905 4484 gaudio
932 4391 1134 4464 exultantes
1162 4388 1387 4481 compescuit.

221 4677 544 4770 1)ιιιιι·1ι“(ι.]3ιίιι.
576 4677 734 4760 ²)mensis
756 4679 884 4758 Augusti
910 4675 973 4742 Ed.
996 4676 1087 4763 [ιρι.
1119 4677 1249 4758 ¹)aseet
1270 4677 1332 4740 Ed.
1358 4675 1446 4762 Lupo.
1479 4675 1504 4757 ⁴)
1529 4679 1660 4755 equitum

102 4789 251 4864 impetum
280 4782 344 4846 Eo.
374 4781 465 4867 Lips.
497 4781 524 4863 ὅ)
547 4784 584 4845 de
607 4785 681 4844 Zald
712 4779 787 4847 dod.
821 4777 908 4846 Calo.
931 4783 969 4844 de
993 4784 1064 4844 Zalc
1095 4777 1171 4846 Oea.
1202 4781 1312 4845 Przoz.
1344 4781 1372 4862 ⁰)
1395 4782 1659 4860 vigesimaprima

102 4889 222 4951 mensis
243 4889 424 4966 Septembris
446 4889 495 4950 die
516 4885 580 4951 Ed.
604 4883 694 4972 Lipa.
719 4885 745 4966 ⁷)
767 4887 818 4966 qni
842 4891 950 4950 essent.
973 4883 1036 4949 Ed.
1059 4883 1150 4970 Lipa.
