4152 6270
399 469 448 540 80
906 487 1019 540 nrnnn
1045 485 1291 540 neonuonros
1318 469 1432 558 (xm).
1680 467 1746 566 (Α.
1766 467 1817 580 D.⁴
1832 467 1945 566 1451.)

400 673 589 747 contractis
616 673 769 762 viribus,
798 672 898 746 venit
924 673 1142 746 clandestine
1170 679 1290 748 contra
1318 677 1472 747 castrum
1496 673 1659 766 Syouyor
1681 675 1851 748 ecclesiae
1869 675 1944 747 Cre·

397 793 586 882 couionsis,
616 799 651 866 et
677 793 769 865 illud
796 792 890 865 omni
917 792 1057 886 ingenio
1086 798 1121 866 61
1139 794 1220 867 nisu
1245 794 1533 886 comprehendero
1551 795 1742 868 nitebatur.
1770 796 1946 867 Exclusus

397 917 513 986 autem
541 935 619 987 cum
647 913 839 1006 ignominia
867 913 935 986 luit
962 913 1004 986 ab
1032 913 1114 1004 illo,
1142 919 1183 987 nt
1210 935 1274 988 noc
1301 916 1413 988 fossas
1442 914 1598 988 eiusdem
1626 914 1745 988 ridere
1772 915 1945 988 admissus

396 1035 513 1107 fuerit.
543 1035 610 1126 Qui
638 1035 822 1127 perculsus
850 1034 999 1126 pudore,
1032 1035 1076 1106 ad
1102 1035 1244 1126 rapinas
1273 1057 1310 1108 se
1337 1035 1511 1108 conuertit
1560 1041 1596 1108 61
1627 1040 1755 1109 terram
1788 1036 1944 1129 8316616-

396 1155 562 1242 rienscm,
592 1155 628 1226 in
656 1156 756 1227 nullo
789 1154 857 1227 sibi
885 1154 1089 1242 obnoxiam,
1122 1155 1159 1227 in
1186 1156 1349 1247 pluribus
1381 1156 1469 1230 locis
1503 1156 1682 1248 spoliavit.
1717 1157 1867 1230 Abunde
1894 1162 1944 1228 ta

397 1297 475 1348 men
503 1275 572 1348 sibi
600 1275 782 1348 temeritas
810 1296 874 1348 sna
900 1276 1029 1348 refusa.
1059 1275 1150 1347 Nam
1177 1282 1300 1368 gentes
1329 1276 1473 1368 Sbignei
1501 1277 1696 1350 cardinalis
1715 1279 1743 1367 1)
1771 1298 1850 1350 cum
1877 1280 1943 1348 ter-

396 1395 528 1488 rigenis
562 1395 898 1487 Spewyoriensibus,
932 1400 1060 1468 terram
1093 1395 1389 1469 Thoscheoonsem
1406 1395 1437 1484 2)
1470 1396 1607 1470 vicibus
1640 1397 1776 1489 aliquot
1808 1401 1945 1469 uastare

397 1537 467 1588 non
494 1520 692 1604 cesserunt,
722 1516 830 1588 donec
858 1521 982 1609 treuga
1008 1515 1218 1607 interposita
1233 1514 1263 1605 3)
1292 1521 1346 1590 661
1373 1521 1408 1589 61
1436 1517 1630 1590 satisfactio
1658 1518 1862 1589 damnorum
1885 1537 1945 1608 per

398 1637 528 1708 Ducem
555 1635 807 1709 Praemislanm
827 1635 997 1710 exhibita.
1026 1636 1082 1707 Ad
1100 1637 1186 1709 hoec
1201 1637 1233 1726 4)
1252 1636 1392 1729 singule
1411 1637 1565 1710 facinora
1582 1659 1645 1730 per
1662 1638 1805 1710 Petrum
1825 1637 1942 1710 Schel-

397 1757 557 1848 franyocn
586 1757 877 1829 sucoamerorinm
906 1756 1169 1829 cracoviensem
1197 1756 1362 1831 inductus
1391 1761 1465 1831 orat
1496 1761 1522 1848 ).

851 2109 1064 2223 ANNUS
1101 2109 1331 2223 DOMINI
1367 2110 1493 2223 1451.

459 2355 581 2426 bursus
604 2350 756 2425 titluoni
779 2353 819 2424 de
841 2353 940 2425 torris
961 2352 1097 2424 nursiae
1121 2355 1157 2424 et
1178 2353 1327 2425 lodollae
1350 2369 1369 2424 o
1391 2353 1501 2442 llogno
1522 2353 1674 2425 Poloniae
1696 2353 1877 2426 moliendis

911 2472 999 2544 inter
1021 2489 1058 2544 so
1081 2473 1208 2563 publice
1231 2473 1432 2545 consulent.

498 2721 640 2795 Natalis
678 2721 819 2794 Domini
852 2719 943 2793 diem
972 2725 1006 2793 61
1034 2725 1220 2813 soquentes
1251 2719 1453 2793 Kanimirus
1480 2720 1559 2793 Rex
1574 2722 1606 2810 6)
1634 2721 1760 2794 Vilnes
1788 2723 1871 2814 egit.
1898 2724 1926 2795 11

396 2843 557 2936 quamuis
584 2841 720 2914 nuntiis
737 2842 767 2931 ⁷)
795 2842 1037 2914 Praelatornm
1065 2846 1100 2914 61
1126 2841 1294 2914 baronum
1326 2841 1494 2914 Poloniae
1509 2840 1541 2930 ⁸)
1574 2842 1700 2914 luisset
1732 2842 1939 2930 solicitatus,

396 2969 437 3036 ut
463 2963 582 3037 uenire
610 2963 647 3034 in
674 2963 835 3054 Regnum
863 2961 1029 3035 Poloniae
1057 2961 1275 3054 dignaretur,
1306 2963 1349 3034 ad
1376 2961 1629 3054 prouidendum
1647 2962 1810 3053 pluribus
1829 2963 1939 3052 malis,

397 3105 485 3176 quae
514 3083 677 3157 continue
705 3083 945 3175 erumpebant:
976 3082 1095 3156 venire
1122 3088 1238 3155 tumen
1265 3082 1423 3170 distulit,
1453 3086 1488 3156 et
1515 3082 1559 3155 ed
1585 3103 1640 3156 ros
1659 3082 1871 3156 Lithuaniae
1889 3105 1939 3155 or·

396 3205 567 3277 dinandas
595 3224 800 3292 conuersus,
830 3203 1094 3277 conventionem
1122 3204 1319 3296 generalem
1348 3203 1384 3275 in
1403 3201 1523 3276 Wilno
1539 3204 1570 3292 1)
1599 3202 1753 3274 omnium
1773 3207 1941 3276 terrarum

396 3325 608 3398 Lithuaniae
636 3325 724 3417 egit:
758 3325 796 3397 in
824 3346 908 3417 qua,
937 3345 1007 3396 non
1025 3322 1197 3396 instinctu
1215 3323 1372 3416 proprio,
1402 3324 1461 3396 sed
1480 3323 1678 3416 aliquorum
1697 3323 1866 3396 baronum
1884 3324 1940 3396 Li-

396 3446 562 3518 thuaniae
590 3445 824 3532 ordinatione,
853 3445 922 3518 luit
949 3467 1004 3518 res
1032 3445 1069 3516 in
1096 3448 1286 3517 tractatum
1306 3449 1341 3517 61
1359 3443 1646 3518 deliberationem
1665 3444 1830 3532 deducta,
1860 3465 1940 3536 qua-

395 3567 478 3639 liter
505 3573 618 3640 terrae
645 3565 812 3639 Podoliac
840 3571 874 3638 61
903 3566 1061 3639 Lucnslro
1089 3587 1109 3637 a
1136 3585 1278 3656 corpore
1306 3565 1419 3657 Regni
1437 3563 1604 3638 Poloniae
1628 3569 1940 3656 sequestrarentur.

396 3686 524 3760 Omnes
551 3691 668 3760 antem
696 3686 773 3758 vioe
801 3691 863 3758 arnt
886 3686 1056 3772 iniustae,
1086 3692 1147 3757 ant
1166 3685 1328 3759 difficiles
1347 3685 1444 3757 visae
1464 3690 1563 3757 sunt:
1592 3689 1735 3776 propter
1760 3686 1853 3777 quod
1872 3707 1941 3757 me·

394 3807 449 3878 ior
475 3827 555 3898 pars
584 3812 619 3879 et
647 3805 779 3895 sanior,
809 3807 877 3878 imo
905 3808 976 3880 fere
1004 3805 1176 3895 universi,
1206 3805 1340 3878 duobus
1360 3811 1421 3877 aut
1441 3805 1553 3876 tribus
1574 3806 1747 3897 exceptis,
1778 3807 1940 3878 omitten-

395 3926 474 3998 dam
501 3928 590 3999 hano
617 3949 689 3999 rem
717 3931 938 3999 censuerunt.
967 3925 1021 4000 Ne
1049 3931 1165 3998 temon
1193 3927 1284 3998 nudo
1312 3947 1383 3999 rem
1411 3926 1524 4018 ipsam
1548 3926 1708 3998 omisisse
1726 3925 1942 4014 uiderentur,

393 4047 561 4138 petebant
594 4052 629 4120 61
656 4047 749 4139 apud
776 4047 957 4120 Praelatos
986 4051 1020 4120 61
1042 4047 1188 4120 barones
1215 4047 1382 4119 Poloniae
1403 4047 1447 4137 10)
1475 4047 1671 4136 instabant,
1700 4051 1740 4118 nt
1759 4047 1943 4120 conventio

395 4167 577 4240 cumillis
606 4167 641 4239 in
671 4168 878 4259 Brnescupe,
912 4189 973 4258 pro
1006 4169 1095 4240 festo
1129 4166 1249 4239 Sancti
1283 4167 1453 4240 Stanislai
1480 4167 1517 4239 in
1546 4167 1637 4238 Maio
1670 4171 1851 4258 agoretnr3
1885 4167 1944 4238 sed

394 4288 551 4361 Proeleti
589 4292 624 4360 et
655 4288 801 4359 barones
837 4287 1004 4359 Poloniae
1024 4287 1068 4376 11)
1104 4287 1343 4360 detrectarunt
1378 4289 1476 4360 illam
1515 4287 1707 4378 suscipere,
1744 4290 1821 4358 tum
1854 4287 1944 4377 qnod

394 4407 656 4498 intempestiue,
686 4413 761 4478 tum
789 4407 882 4498 quod
909 4407 946 4479 in
973 4407 1049 4480 loco
1077 4412 1208 4479 remoto
1237 4411 1272 4480 et
1298 4407 1441 4479 insolito
1473 4406 1589 4498 posita
1616 4411 1719 4479 esset.
1754 4405 1880 4478 Soluto
1898 4404 1942 4494 12)

395 4527 623 4600 conuentione
655 4526 834 4616 Vilnonsi,
868 4527 1070 4599 Kanimirus
1102 4527 1179 4598 Rex
1212 4527 1387 4599 interrae
1420 4527 1585 4614 Russiae,
1620 4527 1833 4599 Lithuaniae
1861 4526 1941 4598 snb-

394 4646 520 4736 iectas,
549 4647 785 4721 Withowsuko
806 4645 862 4737 ¹³),
892 4647 1112 4735 Smolenslro,
1143 4647 1314 4720 Polocuko
1333 4647 1528 4736 descondit,
1557 4651 1592 4720 61
1611 4645 1693 4719 11166
1712 4647 1939 4740 peragrando,

502 4973 525 5055 ¹)
549 4975 716 5037 cardinalis
739 4982 768 5035 ot
790 4974 922 5052 episcopi
938 4973 1144 5035 cracoviensis
1160 4970 1221 5035 Ed.
1241 4971 1329 5055 Lipe.
1348 4971 1372 5054 ¹)
1389 4973 1609 5035 Tesohnensem
1628 4969 1703 5036 Ood.
1720 4970 1830 5035 Przoe.
1849 4971 1937 5050 8)(16-

392 5101 448 5141 nec
469 5079 572 5140 foedus
595 5079 798 5155 interpositum
822 5084 867 5138 est
889 5074 951 5137 Ed.
975 5074 1067 5158 Lipo.
1099 5073 1125 5156 ¹)
1148 5076 1196 5136 Ad
1218 5075 1292 5137 haec
1318 5083 1416 5171 antem
1438 5075 1500 5137 Ed.
1528 5074 1620 5158 Lips.
1654 5073 1938 5153 5)61111.(116.1116

395 5179 470 5245 061.
496 5179 584 5244 Calc.
609 5179 635 5260 ὅ)
659 5183 800 5242 Poloniae
822 5181 885 5240 Rex
907 5177 971 5246 Ed.
995 5178 1085 5262 Lips.
1125 5178 1149 5258 7)
1172 5182 1283 5240 nuntiis
1307 5187 1336 5240 ct
1357 5181 1450 5240 literis
1481 5177 1543 5240 Ed.
1568 5176 1656 5262 Lipe.
1689 5177 1714 5256 ⁸)
1737 5179 1835 5256 Regni
1856 5181 1937 5240 Polo-

392 5289 460 5349 niae
482 5283 545 5348 Ed.
575 5282 663 5366 Lips.
688 5283 714 5364 9)
736 5283 843 5344 Vilnae
865 5281 928 5344 Ed.
949 5281 1039 5364 Lipo.
1068 5282 1108 5362 ¹⁰)
1130 5285 1226 5360 Regni
1248 5284 1389 5344 Poloniae
1412 5280 1474 5344 Ed.
1501 5280 1587 5365 [Apo.
1619 5279 1659 5364 ¹¹)
1683 5282 1778 5359 Regni
1802 5283 1937 5344 Poloniae

392 5388 457 5454 Ed.
480 5387 572 5473 Lips.
603 5388 638 5468 ¹²)
661 5389 765 5449 Soluto
787 5393 885 5450 autem
907 5384 969 5454 Ed.
993 5385 1081 5470 Le'po.
1111 5383 1560 5482 13)11116661161111611661Ε11.
1584 5383 1675 5468 Lipe.
