4152 6270
151 529 218 630 (Α.
239 531 284 605 D.
305 529 420 630 1451.)
668 555 781 608 amun
807 555 1052 608 nuonuornrus
1080 537 1193 627 (urin).
1654 541 1699 614 81

152 740 308 814 notabile
336 745 474 832 tompus
502 740 627 814 hiemis
656 741 869 834 absumpsit;
906 764 968 833 pro
996 742 1111 815 media
1133 747 1249 817 auteur
1270 745 1296 833 ¹)
1326 745 1598 839 quadragesima
1624 747 1700 819 Vil-

151 882 232 932 naru
259 861 381 950 rediit,
413 861 558 952 illioque
584 863 722 934 Pascha
741 863 882 935 Domini
901 864 1104 935 celebravit.
1135 865 1221 936 Post
1246 867 1373 938 festum
1392 867 1565 956 Paschae,
1597 867 1703 940 Vilua

152 1001 315 1074 egressus
350 983 387 1054 iu
416 981 555 1056 croduo
582 983 768 1074 processit:
805 983 866 1055 ubi
899 983 1035 1075 aliquot
1069 984 1275 1075 septimanis
1307 986 1527 1076 immoratus,
1564 987 1601 1059 in
1633 989 1701 1062 Ro-

150 1123 257 1193 gnum
284 1102 452 1174 Poloniae
471 1101 623 1175 feliciter
646 1103 804 1191 advenit,
835 1110 869 1176 et
887 1125 949 1194 per
967 1105 1109 1192 Luhov,
1138 1105 1290 1192 hadom,
1322 1106 1497 1198 Opocano,
1529 1108 1701 1200 Suleyov,

152 1223 239 1295 laria
265 1227 368 1296 sexta
396 1227 477 1296 aute
504 1225 633 1296 festum
660 1224 887 1297 Pentecostes
915 1224 1165 1316 Pyotrhoviam
1192 1225 1351 1298 intravit.

227 1577 387 1650 lohannes
409 1577 636 1650 crusserinslvi
659 1579 693 1650 in
716 1579 900 1668 episcopum
922 1579 1239 1666 wladislaviensem,
1263 1580 1434 1670 Gregorius
1456 1582 1497 1653 de
1520 1583 1627 1654 Senolr

497 1699 531 1770 in
554 1699 829 1788 arehiepiscopum
850 1700 1092 1789 despolienaem
1114 1703 1356 1773 consecrantur.

256 1949 432 2021 Iohannes
465 1945 714 2020 crusncninski
745 1947 787 2020 de
814 1947 1054 2034 Ivauovione,
1089 1947 1258 2019 dedomo
1290 1949 1403 2020 Rosne
1420 1947 1462 2037 2),
1498 1949 1534 2020 in
1565 1949 1699 2041 episco-

150 2089 235 2160 pum
263 2068 611 2156 wladislaviensem,
641 2088 685 2140 ex
716 2073 826 2140 morte
853 2067 993 2140 Nicolai
1019 2067 1208 2140 Lassocnhi
1224 2066 1255 2157 3)
1283 2074 1481 2157 vacantem,
1511 2069 1701 2142 aNioola‘o
1775 2107 1777 2114 >

151 2189 250 2280 Papa
276 2193 456 2281 promotus
472 2189 516 2277 ⁴),
547 2193 582 2260 et
608 2187 645 2259 in
673 2188 765 2259 Kolo
793 2209 855 2279 per
882 2188 1118 2261 Wladislaum
1138 2187 1375 2261 cuesnensem
1400 2190 1700 2282 archiepiscopum

150 2311 188 2382 iu
216 2309 434 2401 episcopum,
463 2308 632 2400 Magister
658 2329 740 2381 vero
769 2308 957 2400 Gregorius
985 2309 1026 2379 de
1055 2309 1172 2382 canok
1203 2309 1240 2380 iu
1267 2309 1532 2400 Leopoliensem
1565 2311 1698 2383 archie-

150 2431 333 2522 piscopum
359 2433 540 2522 promotus
560 2433 595 2501 at
612 2449 674 2521 per
693 2429 884 2521 Sbigneum
912 2428 1131 2500 cardinalem
1152 2434 1186 2501 et
1206 2429 1407 2520 episcopum
1426 2430 1700 2518 cracoviensem,

150 2551 208 2624 die
235 2551 417 2623 Dominioo
443 2549 536 2622 iufra
563 2549 712 2622 cataras
745 2549 906 2641 corporis
935 2549 1083 2636 Christi,
1117 2549 1154 2620 in
1182 2550 1329 2622 ecclesia
1356 2551 1550 2623 cathedrali
1578 2551 1700 2624 craco-

150 2671 268 2744 viensi
295 2673 390 2744 fuere
418 2671 621 2743 consecrati.

149 3028 186 3100 ln
209 3027 426 3101 conventione
448 3028 566 3116 quana
587 3024 836 3114 lpotrdovionsi
859 3026 1016 3097 communi
1039 3041 1200 3097 consensu
1222 3027 1383 3098 sancitum
1400 3029 1467 3112 est,
1490 3027 1701 3116 dissignem

151 3148 331 3220 cardinalis
354 3147 549 3236 superiorem
571 3146 675 3217 locum
696 3146 731 3216 in
754 3146 877 3218 seuam
906 3146 1069 3233 obtineat,
1101 3149 1135 3217 et
1162 3163 1204 3217 ne
1234 3147 1403 3236 quaenam
1433 3148 1555 3220 audeat
1584 3151 1701 3237 postea

284 3270 370 3340 huno
392 3267 545 3338 honorem
566 3266 620 3338 vel
643 3265 761 3336 ambire
783 3267 837 3337 vel
859 3267 1037 3356 suscipere,
1060 3266 1245 3338 ineemute
1267 3267 1354 3357 dege
1377 3287 1415 3340 ao
1438 3269 1571 3340 aeneae.

255 3519 299 3590 Iu
326 3517 415 3589 festo
452 3515 695 3603 Pentecosten,
733 3515 770 3586 in
806 3516 993 3606 onlrlrov
1009 3514 1039 3604 5)
1067 3515 1253 3588 conventio
1286 3519 1384 3588 teuta
1416 3521 1485 3589 est:
1520 3516 1564 3588 ad
1596 3536 1700 3607 quam

150 3638 354 3712 Kaaimirus
386 3637 481 3722 Rex,
515 3635 646 3726 Sophia
677 3635 814 3727 Regina
829 3635 872 3725 θ),
904 3635 1123 3708 Wladislaus
1156 3635 1440 3727 archiepiscopus
1473 3635 1699 3724 cnesuensis,

150 3763 326 3836 Iohannes
353 3754 680 3843 Wladislaviensis,
709 3755 868 3828 Andreas
888 3755 1155 3845 Posuanieusis,
1176 3756 1345 3848 episcopi,
1366 3757 1541 3829 Iohannes
1561 3756 1602 3828 de
1624 3756 1698 3829 cui-

150 3903 242 3956 suovv
270 3879 482 3953 castellanus
511 3881 545 3950 ot
572 3875 776 3967 capitaneus
801 3875 1057 3965 cracoviensis,
1087 3877 1202 3950 Lucas
1218 3878 1248 3967 7)
1276 3877 1543 3965 Posuanieusis,
1572 3877 1698 3948 Iohan-

150 4023 214 4075 nes
234 4001 275 4072 de
295 3999 522 4072 cleschnicna
550 3996 861 4085 Sandomiriensis,
891 3997 1060 4070 hibertus
1080 3996 1122 4070 de
1141 3998 1232 4071 Male
1251 3997 1507 4085 Lancicieusis,
1528 3996 1699 4069 Iaraudua

151 4119 380 4206 Siradieusis,
420 4118 571 4190 Hriouho
604 4116 786 4205 Podoliae‚
825 4116 992 4208 palatini,
1030 4139 1109 4189 cum
1140 4118 1302 4210 pluribus
1332 4118 1534 4190 castellanis
1562 4137 1698 4190 venere.

151 4242 327 4334 Sbigneus
365 4242 481 4313 autem
520 4237 716 4311 Gardiualis
750 4243 785 4309 et
813 4237 998 4330 episcopus
1030 4239 1285 4327 cracoviensis,
1323 4240 1483 4311 consulto
1520 4243 1555 4311 el
1586 4238 1700 4311 literis

149 4363 330 4457 regalibus
364 4365 525 4453 rogatus,
558 4359 601 4431 ad
630 4380 703 4432 earu
736 4358 855 4431 venire
888 4359 1046 4446 distulit3
1079 4359 1270 4431 Iohannem
1298 4359 1339 4431 de
1367 4359 1543 4430 Thaucuin
1571 4359 1698 4449 palati-

149 4505 235 4556 num
262 4481 527 4556 cracoviensem
555 4478 720 4551 valetudo
750 4481 912 4552 retraxit.
945 4481 988 4552 In
1016 4481 1081 4551 hac
1107 4479 1259 4570 primum
1287 4481 1399 4571 aliqui
1426 4479 1569 4552 Maioris
1596 4479 1698 4551 Polo·

148 4605 230 4678 uiae
257 4604 402 4677 barones
430 4601 548 4694 questi
572 4605 670 4688 suut,
700 4600 890 4693 Sbigueum
909 4600 1128 4673 cardinalem
1147 4605 1182 4672 ot
1201 4600 1402 4691 episcopum
1422 4599 1697 4687 cracoviensem,

149 4747 270 4798 eorum
302 4721 572 4814 metropolitano
606 4721 802 4795 cncsueusi
833 4721 985 4812 primunr
1018 4723 1134 4793 locum
1161 4721 1368 4809 abstulisse,
1403 4726 1437 4794 et
1464 4724 1576 4794 terras
1603 4720 1698 4812 ipsas

148 4867 194 4920 ex
222 4846 301 4932 illa,
332 4865 421 4936 quae
448 4842 553 4914 unica
581 4841 631 4914 eis
658 4842 829 4930 restabat,
858 4840 1069 4914 excellentia
1097 4841 1278 4914 deiecisse.
1312 4841 1460 4932 culpare
1487 4841 1610 4914 deiude
1637 4841 1697 4913 ba·

148 4987 253 5040 renes
281 4963 526 5038 cracovienses
554 4967 759 5053 coeperunt,
789 4962 850 5053 qui
869 4961 972 5033 illum
992 4982 1056 5034 sua
1075 4959 1296 5050 assistentia,
1326 4959 1473 5034 oonsilio
1502 4965 1536 5033 et
1562 4959 1698 5032 viribus

258 5257 282 5335 ¹)
304 5277 378 5318 vero
399 5253 463 5318 Ed.
487 5253 578 5338 Lips.
604 5253 631 5332 ⁹)
653 5254 751 5314 Rosae
773 5250 837 5314 Eo.
861 5250 951 5336 Lips.
976 5251 1002 5330 ³)
1025 5252 1191 5330 Lyassoeki
1214 5249 1277 5315 Eo.
1301 5221 1391 5335 cipe.
1416 5249 1442 5331 Ι)
1465 5256 1614 5328 permotus
1636 5248 1699 5313 Ed.

146 5359 238 5445 Lipa.
264 5359 290 5440 ὕ)
314 5363 346 5422 iu
368 5360 477 5438 oppido
499 5359 650 5420 Piotrlrow
671 5355 735 5419 Ec.
756 5354 847 5440 La'pe.
873 5352 900 5439 ⁰)
925 5363 954 5418 et
977 5356 1090 5432 Zophia
1112 5355 1227 5433 Regina
1248 5357 1389 5417 Poloniae
1411 5356 1539 5431 genitrix
1562 5373 1617 5414 sua
1636 5351 1698 5414 Ee.

147 5462 239 5548 Ia'pa
265 5461 290 5544 τ)
313 5465 411 5525 Lucas
433 5463 470 5525 de
494 5463 596 5524 Gorka
617 5459 680 5524 Ed.
704 5457 795 5544 Dipo.

174 5618 197 5660 s.
211 5616 308 5666 uiuos.
322 5615 408 5656 maer.
422 5614 502 5656 renen.
516 5613 541 5655 u.
556 5614 584 5654 v.
1493 5593 1524 5644 ll
