4082 6284
94 533 157 642 (Α.
176 539 221 613 D.
242 535 368 637 1462.)
602 557 715 618 uisne
742 561 987 618 nuouncnrus
1015 543 1130 636 (xum).
1563 546 1638 623 343

93 749 381 838 verberationem,
410 770 430 822 a
456 749 635 842 plerisque
662 750 705 823 ob
732 749 912 844 indiguam
941 751 1100 825 Andreae
1128 753 1363 827 Thanoninslri
1383 775 1518 844 necem,
1547 756 1637 829 divi·

94 870 237 944 nissimo
266 871 488 944 Sacramenta
516 870 739 961 inhonorato,
768 877 957 963 patratam,
986 879 1021 946 et
1039 873 1136 945 aedis
1156 873 1250 946 beati
1269 874 1448 947 Francisci
1476 875 1638 950 violatio·

92 1013 185 1080 nem,
213 991 382 1064 accidisse
410 992 553 1064 credita.
582 990 695 1064 (lustri
716 992 741 1080 ¹)
770 995 805 1064 ot
833 991 953 1083 oppidi
980 985 1219 1065 Lanciciensis
1238 993 1480 1086 conflagratio,
1509 1017 1553 1068 ex
1581 1017 1637 1069 ca·

93 1117 163 1183 stro
190 1112 321 1186 habeus
350 1117 481 1201 ortum,
511 1109 750 1185 Oreooviensis
779 1111 937 1185 civitatis
964 1111 1131 1186 vicesima
1150 1113 1256 1186 tertia
1275 1113 1359 1186 Maii
1374 1113 1405 1203 ²)
1434 1121 1555 1188 secute
1573 1123 1638 1190 cst.

93 1233 183 1322 Duo,
214 1253 303 1305 anno
331 1234 483 1306 nondum
511 1235 689 1322 revoluto,
719 1230 811 1325 apud
840 1233 1040 1306 Oracoviam
1068 1233 1253 1322 accidisse,
1283 1233 1370 1306 mihi
1389 1241 1545 1309 monstra
1563 1237 1640 1310 visa

93 1358 188 1424 sunt:
218 1353 376 1427 Andreae
404 1353 637 1426 Thancniuski
665 1353 793 1426 occisio
817 1353 1032 1440 voluntaria,
1054 1359 1089 1426 et
1108 1353 1332 1447 conflagratio
1352 1355 1450 1428 urbis
1470 1356 1637 1431 violenta.

91 1473 212 1562 Illam,
241 1495 319 1546 cum
346 1473 504 1548 inhibere
533 1475 684 1568 singulis
712 1473 888 1563 licuisset,
918 1474 1050 1568 singuli
1083 1475 1127 1547 ed
1153 1477 1362 1568 patrandum
1399 1498 1473 1550 eam
1506 1479 1637 1552 malue-

92 1599 172 1666 runt
199 1594 369 1686 grassari;
408 1597 514 1684 banc,
554 1617 631 1669 cum
663 1595 875 1688 restringere
912 1597 1029 1668 cuncti
1066 1603 1289 1686 conarentur,
1329 1599 1490 1670 omnibus
1523 1603 1639 1672 tamen

92 1715 350 1808 aflammigero
382 1717 516 1788 vomitu
549 1716 768 1788 adimebatur
799 1717 965 1788 facultas:
1001 1721 1041 1788 ut
1069 1717 1156 1789 satis
1189 1718 1386 1791 mirandum
1414 1719 1478 1808 sit,
1510 1719 1638 1811 prioris

92 1835 297 1926 qualitatem
326 1836 508 1924 facinoris,
537 1857 654 1909 casum
684 1836 955 1928 subsequentem
982 1837 1151 1910 relatione
1179 1838 1341 1930 opposita
1367 1860 1624 1930 compensasse.

92 2191 270 2263 llaaimivus
292 2192 442 2264 Poloniae
466 2195 501 2263 et
524 2191 678 2281 tleorgiua
700 2191 869 2263 bohemiae
892 2191 997 2282 begea
1020 2192 1193 2282 tllogoviae
1216 2194 1397 2285 congessi,
1420 2195 1534 2266 iceles
1552 2195 1641 2268 inter

91 2330 126 2382 se
148 2311 286 2399 demunt,
310 2316 345 2384 et
368 2313 547 2384 tadoneus
569 2313 725 2385 baveriee
747 2314 818 2384 bsx
841 2316 955 2385 centra
976 2313 1188 2386 lunationem
1215 2315 1533 2405 brandeburgensem
1555 2317 1639 2388 Polo·

619 2437 623 2445 ’
666 2435 742 2505 nise
765 2434 883 2524 liegem
906 2434 1064 2506 solicitet.

192 2683 374 2756 Conventa
402 2682 622 2755 lanciciensi
651 2685 843 2772 transacto,
871 2682 1073 2755 Karimirus
1101 2684 1312 2755 Polonorum
1340 2683 1417 2757 Rex
1445 2684 1482 2756 in
1510 2683 1637 2777 Glogo-

92 2805 209 2877 viense
238 2803 404 2896 oppidum
433 2803 580 2876 tendens
614 2803 698 2894 (iam
724 2804 815 2876 enim
834 2801 951 2876 nuntii
971 2803 1043 2892 eui,
1073 2805 1164 2876 facto
1184 2804 1220 2876 in
1241 2805 1427 2877 Bohemiao
1447 2803 1577 2897 Regem
1594 2803 1637 2894 3),

93 2946 196 3016 super
222 2925 327 2997 rebus
355 2923 596 3012 Pruthenieis,
631 2925 813 3015 explorata
839 2923 990 3016 primum
1015 2930 1129 2997 mente
1162 2925 1254 3012 eius,
1288 2925 1536 3016 compromisso
1564 2926 1637 3018 ple-

90 3045 202 3133 nario,
222 3045 426 3134 redierant),
448 3051 573 3136 quarta
591 3045 725 3136 biaii⁴)x
737 3045 773 3116 in
789 3045 880 3116 Kolo
896 3065 938 3118 ex
953 3045 1134 3133 Loncium,
1155 3044 1280 3118 abinde
1299 3066 1380 3118 vero
1399 3045 1436 3118 in
1450 3044 1637 3118 Wschcve

92 3165 314 3256 quindecima
341 3165 443 3254 Maii,
473 3164 646 3256 frequenti
666 3169 805 3238 caterva
823 3164 999 3256 pervenit,
1029 3165 1278 3237 comitantibus
1306 3165 1409 3237 illum
1425 3165 1455 3254 ⁵)
1484 3166 1639 3239 Iohanne

93 3286 288 3360 Gnesnensi
308 3285 582 3378 archiepiscopo,
603 3286 758 3358 Iohanne
781 3283 1084 3372 Wladislaviensi,
1113 3271 1253 3358 Andvea
1279 3285 1527 3375 Posnaniensi,
1547 3286 1638 3378 epis·

91 3407 203 3499 copis,
234 3408 390 3480 Iohanne
418 3408 609 3480 castellano
638 3405 874 3494 cracoviensi,
903 3406 999 3478 Luca
1026 3390 1257 3478 Posnauions‘i
1285 3405 1458 3497 palatino,
1488 3406 1639 3499 aliisque

90 3527 292 3620 dignitariis
328 3533 363 3601 et
394 3527 568 3600 militibus
602 3548 646 3600 ox
673 3525 835 3614 Polouia,
867 3525 1058 3598 Litbnania
1090 3531 1125 3598 et
1156 3526 1316 3614 Prussia,
1351 3525 1543 3599 accersitis.
1578 3527 1637 3598 In-

92 3648 270 3721 stantibus
302 3653 419 3722 autem
456 3647 640 3719 Zdenkone
676 3645 919 3739 Konopnicalri
955 3646 1143 3738 burgrabio
1179 3647 1347 3740 Pragcnsi
1380 3650 1415 3718 et
1447 3645 1638 3720 Wilhelmo

92 3771 239 3860 Zapacn,
269 3769 402 3860 aRege
421 3767 609 3840 Bohemiae
637 3767 801 3859 Georgio,
830 3767 890 3858 qui
918 3766 974 3839 die
1002 3767 1164 3855 Veneris,
1189 3767 1465 3860 quartadecima
1492 3765 1577 3840 Maii
1592 3768 1659 3857 ⁰),

92 3890 126 3962 in
159 3889 389 3982 (ilogoviam,
432 3889 557 3961 Iodooo
594 3887 900 3976 Wratislaviensi,
943 3887 1103 3960 Protesio
1144 3887 1409 3960 Olomuncneusi
1452 3887 1636 3979 episcopis,

91 4011 249 4083 Conrado
286 4011 387 4102 nigro
424 4015 459 4082 et
487 4009 641 4082 conrado
677 4007 757 4080 albo
794 4007 1116 4096 Olesnicuensibus,
1155 4007 1307 4081 Henrico
1344 4007 1571 4100 Glogoviensi
1603 4011 1638 4080 et

91 4131 256 4203 Iannssio
284 4129 492 4223 Zegenensi,
522 4129 694 4215 Ducibus,
724 4133 928 4220 caeteraque
956 4129 1187 4201 Bohemorum
1216 4128 1443 4201 multitudine
1471 4128 1636 4220 stipatus,

91 4256 314 4344 pervenerat,
343 4249 386 4324 ad
413 4251 672 4323 conducendum
689 4250 719 4339 7)
748 4249 966 4322 Kanimirum
985 4249 1115 4342 Regem
1139 4249 1275 4339 missis,
1304 4247 1506 4321 Karimirus
1533 4249 1636 4321 Polo·

91 4361 215 4446 norum
234 4373 312 4445 Rex
331 4371 599 4458 deliberatione,
621 4390 689 4462 qua
707 4369 930 4457 volvebatur,
960 4389 1004 4441 an
1024 4369 1136 4441 satius
1157 4370 1245 4442 foret
1263 4368 1482 4442 consiliarios
1501 4368 1635 4441 utrius·
1671 4386 1673 4390 ·

91 4515 157 4585 que
184 4493 295 4586 Regis
313 4514 384 4585 ‘pro
412 4492 603 4584 dirigendis
634 4491 740 4563 rebus
767 4490 927 4581 perprius
959 4490 1160 4579 convenire,
1195 4511 1298 4582 qnam
1326 4489 1457 4582 Reges,
1487 4494 1522 4562 et
1549 4511 1637 4582 quae

91 4615 193 4687 illum
222 4614 314 4705 apud
341 4612 560 4686 Wscbovvam
588 4612 701 4685 tribus
721 4611 843 4684 diebus
862 4609 1069 4700 distinebat,
1099 4611 1244 4697 omissa,
1264 4610 1481 4700 mellentis,
1501 4610 1637 4684 decima

199 4941 225 5029 ¹)
249 4945 347 5006 (lustri
369 4943 476 5005 deinde
497 4939 561 5004 Ec.
584 4939 674 5024 Lipe.
699 4938 725 5018 ²)
747 4940 1001 5016 vigesimatertia
1023 4939 1071 4999 die
1092 4939 1202 5000 mensis
1224 4939 1297 4998 Maii
1311 4934 1375 4999 Ed.
1392 4934 1485 5020 Lipe.
1503 4935 1529 5016 ³)
1545 4935 1636 4999 Geor·

92 5052 171 5128 glum
193 5049 354 5110 Bohcmiac
376 5048 488 5124 Regem
509 5043 572 5107 Ed.
596 5042 687 5126 Lips.
712 5041 738 5120 4)
761 5048 868 5120 quarte
889 5043 938 5104 dio
959 5043 1069 5102 mensis
1091 5042 1162 5102 Maii
1184 5038 1248 5104 Ed.
1271 5039 1361 5124 Lips.
1387 5039 1413 5120 ι)
1430 5041 1637 5103 comitantibus

92 5156 231 5216 videlicet
251 5154 333 5214 illnm
355 5148 419 5212 Ed.
442 5147 533 5232 Lipe.
557 5145 583 5228 ο)
606 5149 668 5208 lam
690 5147 768 5207 enirn
788 5146 854 5207 Rex
875 5145 1034 5208 Bobomiae
1057 5144 1217 5224 Georgius,
1240 5145 1289 5206 die
1310 5143 1444 5224 Veneris,
1466 5149 1573 5220 quarta
1587 5143 1636 5204 de·

93 5258 168 5319 eima
189 5255 300 5316 mensis
322 5255 393 5314 blasii
423 5241 486 5314 Ed.
509 5249 602 5332 Dipo.
635 5247 894 5330 ⁷)Oonstantibus
923 5253 1021 5308 autern
1051 5247 1212 5308 chnlrone
1242 5247 1442 5325 Gonopnicalsi
1471 5246 1637 5323 Bnrgrabio

94 5362 257 5438 Pregense,
280 5363 310 5420 ct
331 5357 488 5418 wilhelmo
511 5355 616 5433 Zaiapez
639 5373 657 5415 a
678 5353 760 5430 Rege
781 5351 941 5414 Bohemiae
963 5351 1093 5432 Georgio
1115 5352 1154 5413 ad
1175 5351 1396 5413 conducendum
1418 5347 1482 5412 ud.
1502 5346 1593 5434 Lipe.
