4052 6286
99 570 169 671 (Α.
189 571 234 646 D.
254 567 382 669 1461.)
612 593 726 646 urano
753 590 999 646 nuennunrus
1026 575 1143 662 (xm).
1576 573 1652 646 487.

97 779 213 872 pediti
232 781 259 868 ¹)
286 779 456 854 medietas
484 780 697 867 solveratn13
725 783 760 852 et
787 780 922 853 ealeulo
950 799 1031 852 oum
1057 777 1132 850 illis
1161 798 1205 852 ex
1224 776 1422 852 conditione
1450 779 1558 868 laeto,
1586 779 1649 852 du·

100 905 205 974 oenta
232 899 457 992 septuaginta
484 920 668 973 aureorum
695 899 810 972 millia
837 903 1034 992 compertus
1063 903 1117 972 est
1144 898 1222 972 Rex
1237 897 1269 990 ²)
1296 898 1371 978 illis
1398 899 1538 974 debere:
1568 920 1652 992 quru-

97 1042 178 1093 rum
207 1021 312 1094 etiam
341 1019 471 1094 solutio
499 1020 536 1093 in
564 1019 670 1094 semis
698 1025 733 1091 et
760 1019 941 1094 biennium
968 1019 1153 1113 protelata.

247 1376 435 1466 ariulphus
458 1375 659 1465 apostoliens
681 1375 823 1463 legator
847 1391 889 1448 ax
912 1374 1064 1448 traoorlo
1086 1375 1120 1446 lo
1144 1374 1388 1446 wratislaviam
1409 1374 1505 1448 rolli.

205 1624 269 1698 Die
297 1623 459 1711 Saturni,
493 1621 771 1715 antepenultima
804 1622 959 1716 Augusti
974 1621 1017 1712 ³),
1051 1623 1261 1715 Rudolphus
1292 1623 1507 1715 apostoliens
1539 1622 1650 1716 Lege-

92 1750 158 1818 tus
185 1744 300 1818 tristis
329 1751 364 1817 et
391 1743 494 1816 vultu
522 1749 627 1835 atqua
655 1743 779 1816 babitu
804 1743 990 1816 tristitiam
1018 1744 1235 1836 praeferens,
1265 1743 1428 1835 quoniam
1456 1743 1650 1836 aeeeptatio

95 1865 216 1958 Regni
252 1865 440 1938 Bobemiae
477 1885 577 1938 secus
605 1885 709 1956 quum
724 1863 756 1953 ⁴)
783 1865 941 1952 rebatur,
971 1869 1138 1952 cesserat,
1168 1863 1333 1938 &aeonia
1348 1863 1379 1952 5)
1407 1884 1585 1957 egressus,
1615 1865 1652 1936 in

95 1986 367 2060 Wratislarium
393 1985 515 2072 rediit,
544 1985 696 2058 liliorum
723 1983 899 2078 regiorum
928 1991 1055 2059 sertem
1083 2007 1207 2078 parum
1233 2005 1435 2076 prosperum
1454 1985 1649 2077 inerepans,

95 2115 135 2180 et
164 2113 235 2180 tam
262 2106 393 2199 Regem
408 2106 452 2195 ⁰),
487 2127 590 2197 quam
623 2104 844 2178 consiliarios
878 2125 1041 2197 serpens,
1075 2107 1167 2198 qued
1199 2127 1321 2197 pamm
1349 2104 1539 2197 prudenter
1566 2105 1651 2180 liliis

94 2229 190 2320 ipsis
217 2233 252 2300 et
278 2228 400 2319 Regno
427 2227 594 2300 Poloniae
622 2226 659 2298 in
687 2227 845 2300 futuram
872 2226 1149 2320 prospexissent.
1449 2213 1459 2222 ”
1543 2217 1546 2224 ’

108 2583 244 2655 lioolao
268 2583 419 2673 episeopo
441 2581 585 2654 lilnoari
608 2584 734 2654 mortuo
756 2582 918 2654 lebannes
944 2582 1126 2654 losrovior
1150 2581 1321 2672 episeopus
1343 2583 1533 2672 lrororrlo,
1562 2583 1637 2655 lule

277 2720 355 2774 vero
376 2702 411 2774 ia
434 2703 630 2774 laurensem
653 2703 875 2792 episeopatum
896 2701 1054 2774 lanium
1076 2701 1303 2776 muzonius
1325 2703 1482 2776 ortatui.

206 2950 405 3025 Pennltimu
433 2950 649 3043 Septembris
665 2953 707 3041 ⁷),
737 2951 906 3024 Nieulous
935 2951 1118 3044 episeopus
1146 2951 1342 3040 Vilnensis‚
1376 2951 1571 3043 paralytisa
1589 2973 1648 3025 ra-

91 3070 256 3144 letndine
288 3071 475 3163 aliquando
504 3075 659 3164 tempore
687 3077 854 3161 vexatus,
883 3071 1013 3146 nobilis
1041 3072 1196 3144 Pelonns
1224 3072 1267 3144 de
1294 3071 1394 3144 domo
1422 3071 1647 3164 Wyenyaua,

92 3193 183 3264 dum
220 3213 328 3265 onnes
360 3213 467 3284 prope
498 3192 760 3284 quatuordeeim
794 3191 957 3281 sedisset,
991 3191 1139 3264 meritur
1175 3198 1210 3265 et
1243 3192 1280 3264 in
1311 3191 1470 3266 Vilnensi
1502 3192 1650 3267 eeclesia

92 3313 281 3404 sepelitur.
310 3312 374 3385 (lui
401 3313 575 3386 Iohannes
603 3312 799 3386 Lossewiea
814 3312 846 3403 ⁸)
873 3312 992 3385 eivilis
1020 3312 1200 3386 Vilnensis
1219 3311 1434 3400 Lithuanus‚
1464 3312 1649 3405 episeopus

92 3432 305 3521 morensis,
333 3453 396 3525 per
422 3433 689 3506 translationem
717 3433 883 3507 subsedit.
910 3433 954 3505 In
981 3433 1194 3506 Luetensem
1223 3453 1305 3506 vere
1328 3432 1501 3505 Martinus
1534 3433 1650 3507 dietus

93 3553 340 3627 misererier
355 3551 401 3642 9),
433 3572 559 3646 genere
590 3552 806 3641 Lithnanus,
839 3551 970 3625 nobilis
1002 3553 1172 3625 dedomo
1205 3552 1454 3646 Grypbenum,
1487 3553 1650 3645 provisus

95 3694 163 3767 per
189 3674 338 3746 Paulum
365 3673 497 3765 Papam
525 3674 731 3763 seeundum,
762 3673 928 3748 sneaedit.

90 4031 216 4102 Paulus
238 4028 431 4118 laganlorll
457 4029 628 4119 episeopus
656 4028 853 4100 irruituris
875 4045 1002 4100 veneno
1024 4028 1124 4118 poril;
1154 4030 1231 4117 pori
1253 4027 1345 4099 orior
1367 4030 1502 4100 nonan
1524 4029 1650 4120 tepitu-

91 4153 165 4224 lnm
187 4150 371 4223 leonianae
394 4150 556 4222 lienteum
578 4149 732 4240 stangan
753 4149 788 4221 ia
810 4166 1031 4222 rrooaaroram
1054 4149 1162 4239 eligit,
1184 4148 1365 4221 Karlmirm
1387 4165 1464 4220 raro
1486 4148 1556 4220 lior
1578 4148 1650 4221 irn-

385 4271 528 4342 eentiun
550 4270 733 4360 [reliam
757 4271 941 4360 episeopun
964 4270 1164 4342 cumensem
1186 4271 1364 4360 promorat.
1501 4331 1502 4334 r
1654 4331 1658 4338 .

203 4517 268 4590 Die
295 4517 408 4608 Iovis,
437 4517 604 4591 vicesima
632 4523 734 4591 sexta
761 4518 848 4591 Iulii
867 4519 924 4607 ¹⁰),
953 4518 1088 4590 Paulus
1115 4517 1326 4610 Legendorff
1349 4517 1535 4610 episeopus
1563 4517 1648 4592 Vor-

92 4637 261 4727 niensis,
290 4638 382 4730 apud
409 4639 628 4732 Brunsberg,
656 4644 698 4710 ut
725 4639 918 4712 eommunis
945 4638 1080 4711 terebat
1107 4637 1242 4730 opinio,
1270 4637 1313 4711 ue
1331 4657 1464 4711 veneno
1483 4638 1647 4713 moritur:

91 4760 136 4832 in
164 4758 382 4834 inor-nnana
409 4759 540 4848 diaeta,
571 4780 658 4851 quae
685 4780 748 4850 pro
776 4779 860 4850 paee
879 4779 969 4832 anno
989 4757 1161 4851 superiori
1185 4763 1263 4832 eota
1282 4763 1351 4848 est,
1381 4757 1576 4849 toxicatus,
1604 4759 1648 4834 ab

209 5085 231 5166 ¹)
252 5087 346 5164 pediti
367 5105 444 5148 vero·
460 5082 525 5148 Ed.
554 5081 644 5169 La'pr.
669 5084 693 5166 ²)
717 5085 878 5158 casimirus
900 5087 964 5147 Rex
986 5079 1050 5150 nd.
1075 5082 1165 5168 Dipo.
1191 5084 1215 5166 ³)
1238 5086 1470 5164 antepenultima
1495 5087 1544 5148 die
1569 5067 1653 5149 men?

94 5195 142 5253 sis
163 5173 292 5266 ¹Augusti
315 5186 378 5251 Ed.
403 5185 491 5271 Lipa.
519 5185 545 5267 ⁴)
569 5205 657 5265 quam
679 5189 745 5266 ipse
767 5184 831 5250 Ed.
856 5184 947 5272 Lupa.
971 5185 997 5268 ⁸)
1014 5188 1141 5250 Ciuitate
1156 5187 1353 5252 cracoviensis
1367 5186 1431 5251 Ee.
1446 5185 1536 5274 laps.
1553 5187 1579 5270 ⁶)
1595 5190 1649 5252 Oa·

94 5295 231 5356 simitum
254 5293 394 5354 Polonioe
416 5291 528 5369 Regem
551 5287 613 5354 ml.
638 5289 729 5373 Laba.
748 5288 773 5371 ⁷)
789 5291 956 5353 Penultima
971 5292 1019 5354 die
1033 5293 1144 5354 mensis
1160 5292 1341 5370 Septembris
1357 5289 1419 5355 Ed.
1437 5290 1530 5376 Lipo.
1547 5293 1574 5370 8)
1589 5294 1648 5355 'lb-

94 5399 208 5460 monia
233 5393 308 5460 Coe.
332 5393 441 5458 Perea
464 5395 625 5457 Joeaowioa
649 5391 712 5457 Ed.
736 5392 826 5478 Dipo.
850 5393 1038 5475 (Losorion).
1069 5393 1095 5476 ⁹)
1118 5396 1314 5458 haeaeuiea
1338 5393 1401 5460 lie.
1425 5393 1518 5480 Lipe.
1542 5395 1645 5476 (Kree-

96 5500 250 5580 szowski).
278 5497 539 5580 ¹⁰)mensia1nlii
562 5493 624 5562 lid.
653 5495 746 5581 Lupe.
