4052 6286
399 517 474 594 458
907 539 1022 594 annun
1047 539 1293 594 nuonncnous
1320 522 1435 611 (1111).
1670 519 1738 618 (Α.
1757 518 1805 592 Β.
1826 517 1943 615 labb.)

397 725 520 798 bassae
553 723 749 814 secretarii,
782 723 820 798 iu
846 724 1030 815 Polonico,
1064 725 1226 820 singulos
1258 726 1334 800 eius
1366 725 1536 799 articulos
1573 745 1618 798 ex
1645 725 1766 800 ordine
1801 731 1943 800 enumt

399 845 533 936 Quibus
553 866 573 918 a
591 849 690 938 parte
716 848 866 937 utraque
892 845 1062 920 confessis
1081 851 1117 919 et
1136 845 1355 939 approbatis,
1383 845 1534 936 primurn
1558 845 1763 920 Kanimirus
1783 845 1944 919 Potoniae

400 966 494 1056 Rex,
523 966 649 1040 deinde
675 965 876 1040 Ludouicus
899 965 1069 1060 Magister
1086 966 1268 1056 Prussiae,
1297 967 1400 1040 flexis
1417 966 1581 1060 genibus,
1611 967 1648 1040 in
1666 967 1855 1060 Rudolphi
1873 987 1944 1060 apo

397 1085 514 1160 stoliei
542 1085 667 1179 Legati
694 1085 857 1160 munibus
885 1107 991 1179 super
1016 1087 1153 1181 lignum
1186 1087 1307 1161 (trucis
1340 1086 1502 1160 vivificae
1528 1087 1754 1162 iureiurando
1783 1088 1946 1160 astrinxit

397 1227 434 1278 se
458 1226 577 1299 pacem
600 1205 801 1280 conclusam
820 1206 857 1279 in
876 1207 1037 1281 omnibus
1064 1207 1253 1296 clausulis,
1282 1207 1542 1281 conditionibus
1570 1213 1676 1300 atque
1702 1209 1868 1301 punctis,
1895 1229 1944 1280 cu·

397 1327 621 1400 stoditurum.
640 1326 738 1400 Idem
758 1328 915 1401 iecerunt
933 1327 1108 1401 Iohannes
1127 1327 1342 1402 Gnesnensis
1362 1327 1664 1421 archiepiscopus,
1685 1328 1842 1401 Iacobus
1856 1327 1945 1399 Win-

397 1447 638 1536 dislauiensis,
672 1446 807 1520 Paulus
833 1446 1051 1520 Vermiensis
1085 1448 1256 1541 episcopi,
1291 1469 1479 1541 omnesque
1508 1453 1580 1520 tum
1607 1449 1714 1542 regii,
1745 1469 1857 1540 quam
1884 1447 1945 1520 bia·

397 1567 500 1660 gistri
540 1567 751 1657 consiliarii,
788 1567 959 1659 palatini,
996 1567 1320 1658 commendatores,
1358 1569 1526 1642 officiales
1565 1573 1601 1642 et
1631 1568 1823 1662 dignitarii
1854 1573 1947 1660 atque

396 1689 502 1762 eires.
531 1687 627 1761 itum
646 1691 701 1762 est
718 1686 842 1762 deinde
862 1708 906 1761 ex
924 1686 1060 1779 epolus
1077 1688 1115 1761 in
1135 1689 1283 1762 Sanctae
1310 1689 1441 1762 Mariae
1468 1690 1616 1761 fratrum
1643 1688 1829 1761 Minorum
1861 1689 1944 1760 basi-

396 1809 517 1896 licam,
537 1813 572 1882 et
590 1809 741 1900 hymnus
769 1808 825 1881 'le
852 1808 990 1880 Deum
1010 1808 1036 1899 ¹)
1063 1808 1288 1898 decantatus,
1308 1809 1484 1901 missaque
1502 1808 1539 1882 in
1557 1810 1728 1883 honorem
1747 1809 1946 1882 benedictae

396 1928 598 2016 Trinitatis,
627 1927 815 2021 Rudolpbe
842 1929 975 2022 Legato
998 1949 1071 2002 rem
1089 1929 1246 2002 dicium
1273 1931 1453 2022 explente,
1483 1931 1548 2002 sub
1566 1930 1776 2022 praesentia
1796 1930 1904 2021 Regis
1920 1938 1948 2001 et

384 2049 574 2142 Magistri,
603 2048 795 2124 solenniter
820 2052 915 2137 aotu;
942 2049 1112 2142 Magister
1129 2071 1208 2124 curu
1227 2050 1388 2123 omnibus
1408 2051 1483 2123 suis
1501 2051 1632 2124 honore
1657 2071 1807 2124 mansae
1825 2072 1847 2122 a
1864 2051 1948 2142 Rege

398 2175 567 2262 exceptus
596 2175 631 2244 et
658 2169 842 2263 splendide
868 2172 1058 2260 tractatus,
1086 2171 1232 2264 diesque
1260 2172 1324 2244 illa
1347 2172 1383 2243 in
1402 2191 1527 2264 magno
1554 2171 1705 2264 gaudio,
1736 2170 1948 2244 iucunditate

397 2296 432 2364 et
459 2287 678 2365 exultatione
706 2290 892 2382 absumpta
919 2295 985 2365 est.

395 2646 509 2719 lemae
530 2646 749 2733 renorma,
772 2645 972 2719 memoror
988 2649 1023 2718 et
1038 2647 1298 2720 maidonensis
1320 2647 1431 2738 Regno
1451 2647 1617 2733 dolenter.
1643 2651 1681 2720 ot
1698 2647 1949 2737 musonem

396 2766 650 2840 tutamenti
675 2766 816 2840 dicem
842 2767 1041 2840 mamona·
1068 2763 1206 2868 auertit.
1235 2767 1429 2842 vaticinium
1455 2769 1574 2841 terim
1595 2769 1765 2859 tuorem
1788 2769 1833 2840 de
1855 2770 1949 2840 ortt·

990 2890 1099 2962 nluta
1113 2889 1352 2963 mdiorum.

398 3181 403 3188 -
499 3136 569 3209 Illo
595 3137 710 3229 plane·
728 3136 800 3227 die,
834 3139 1005 3230 quantum
1032 3137 1253 3230 omnipotens
1285 3138 1381 3212 Deus
1408 3159 1486 3212 oum
1514 3143 1618 3232 gente
1646 3141 1684 3212 et
1711 3137 1864 3212 natione
1890 3137 1948 3210 Po

396 3255 513 3330 lonico
540 3256 814 3331 misericordiam
837 3260 937 3331 suam
954 3257 1195 3333 mirificaverit
1209 3256 1253 3349 ¹),
1282 3258 1452 3348 ostendit,
1481 3259 1564 3331 dum
1587 3263 1623 3332 et
1640 3259 1852 3351 prouincias
1870 3257 1948 3331 inri-

394 3398 496 3470 gnes,
526 3398 546 3450 a
565 3378 687 3470 Regno
714 3377 882 3452 Poloniae
900 3378 1066 3452 diuturno
1084 3383 1239 3470 tempore
1258 3377 1388 3453 scissas
1407 3384 1443 3453 et
1461 3379 1649 3468 alienatas,
1678 3379 1865 3467 restitnit,
1894 3379 1948 3450 ho

395 3503 484 3571 stem
511 3497 680 3570 infestum
706 3504 870 3589 pecatum
890 3503 924 3573 et
942 3499 1083 3573 unitum
1102 3499 1270 3590 reddidit,
1299 3499 1342 3573 de
1361 3499 1462 3574 iratis
1480 3500 1686 3589 benevolos,
1707 3499 1753 3574 de
1774 3499 1949 3592 suspectis

394 3618 568 3709 placatos,
597 3617 640 3690 de
667 3618 819 3692 austeris
847 3619 968 3708 mites,
998 3620 1041 3693 de
1068 3620 1231 3694 hostibus
1260 3619 1389 3694 amicos
1420 3627 1456 3694 et
1481 3621 1618 3710 unitos,
1647 3621 1750 3709 feeit,
1781 3621 1883 3694 bella
1898 3625 1948 3691 tu-

394 3737 526 3811 mentia
553 3738 706 3828 sedarit,
734 3739 934 3833 pacificavit
962 3761 1055 3814 oram
1083 3739 1349 3831 Pruthenicem,
1378 3741 1640 3815 Pomeranicam
1667 3746 1703 3814 et
1731 3741 1949 3814 Dobrzinen-

395 3879 485 3948 sem,
513 3858 617 3933 caede
645 3864 680 3932 et
707 3859 806 3932 ciuili
835 3861 1005 3954 sanguine
1032 3861 1239 3935 madentem.
1268 3861 1379 3934 Nulla
1410 3861 1448 3936 in
1479 3868 1578 3953 parte
1610 3862 1705 3935 orbis
1740 3862 1884 3934 tamdiu
1906 3860 1949 3934 ci-

394 3979 479 4052 uilis
513 3979 645 4052 cruoris
677 3980 793 4054 rubios
825 3980 1052 4073 debacchata,
1085 3983 1172 4055 ines
1205 3981 1260 4055 sui
1287 3983 1495 4076 propagavit
1526 3982 1682 4074 imperii,
1716 3987 1754 4055 et
1783 3981 1950 4074 plurimis

394 4099 485 4174 illud
513 4099 606 4192 apud
633 4100 737 4193 longe
752 4098 782 4190 3)
811 4105 846 4174 et
872 4122 979 4194 prope
1006 4102 1140 4195 positos
1173 4103 1322 4196 populos
1348 4103 1555 4176 nobilitavit
1581 4109 1616 4176 et
1642 4103 1782 4176 extulit
1810 4123 1950 4195 praeco

396 4219 484 4309 niis,
513 4220 615 4309 adeo,
643 4225 684 4292 ut
710 4220 869 4313 plerique
900 4223 1110 4297 Almanniae
1137 4228 1172 4298 et
1199 4223 1390 4298 cometanei
1417 4223 1599 4325 Principes
1627 4229 1666 4296 et
1689 4223 1822 4316 populi
1850 4243 1953 4314 super

393 4346 466 4413 tam
493 4339 678 4434 magnifica
706 4341 819 4434 Regni
847 4341 1006 4416 Polonioi
1034 4337 1298 4433 sublimatione,
1327 4344 1500 4437 singulari
1524 4349 1774 4436 torquerentur
1803 4343 1950 4428 invidia,

393 4465 428 4534 et
455 4460 551 4552 pacis
579 4461 876 4536 calumniarentur
902 4463 1131 4538 conditiones.
1161 4463 1468 4539 Wratislauiensis
1497 4470 1613 4538 tamen
1630 4464 1789 4556 populus
1810 4469 1848 4538 et
1868 4463 1949 4536 oin·-
2016 4443 2017 4502 i

392 4587 447 4654 tas
475 4581 569 4654 haud
596 4582 803 4656 mediocrem
831 4583 949 4674 ddem,
977 4583 1229 4678 gratitudinem
1257 4591 1292 4658 et
1319 4584 1539 4658 devotionem
1559 4585 1596 4656 in
1615 4584 1747 4676 Regem
1762 4585 1799 4673 ⁴)
1829 4590 1869 4657 et
1887 4584 1948 4656 Re

392 4723 500 4794 gnum
526 4701 694 4777 Poloniee
721 4707 805 4776 tunc
833 4705 1057 4778 monstrarit:
1088 4726 1192 4797 quae,
1221 4705 1379 4780 nouitate
1406 4705 1591 4779 conclusae
1617 4705 1716 4796 pacis
1744 4705 1793 4776 ad
1814 4726 1854 4778 se
1875 4704 1947 4776 lite

391 4822 441 4895 ris
469 4822 649 4915 Rudolphi
676 4823 802 4915 Legati
817 4823 848 4914 5)
875 4825 1026 4916 perlate,
1055 4831 1090 4898 et
1117 4825 1239 4898 laudes
1267 4826 1415 4898 Domino
1441 4847 1504 4918 per
1523 4825 1683 4917 singulas
1701 4825 1813 4897 aedas
1833 4844 1949 4898 seems

392 4944 464 5016 alto
492 4944 643 5016 clamore
670 4963 749 5017 cum
776 4946 883 5036 pulsu
910 4966 1155 5039 campanarum
1182 4945 1324 5035 cecinit,
1355 4950 1390 5020 et
1408 4946 1445 5018 iu
1464 4949 1601 5019 noctem
1630 4949 1839 5037 sequentem
1861 4945 1947 5036 igni·

383 5063 457 5174 ¹bus
484 5063 673 5152 extructis,
703 5065 922 5157 frequentius
949 5066 1074 5156 effuse,
1102 5066 1241 5141 laetitia
1261 5066 1459 5160 gaudioque
1477 5065 1633 5140 carmina
1656 5064 1844 5154 iubilarit,
1877 5084 1948 5137 ma

391 5375 393 5382 >
459 5339 461 5344 ’
501 5337 524 5420 ¹)
546 5339 592 5402 're
614 5341 710 5402 Deum
732 5342 888 5403 laudamus
910 5337 974 5404 Ed.
998 5337 1088 5425 Lipr.
1114 5339 1141 5420 ²)
1164 5359 1247 5402 suam
1269 5341 1420 5403 mirificam
1445 5333 1521 5403 Cori.
1545 5330 1656 5402 Praez.
1680 5339 1741 5420 ἦα
1755 5342 1846 5416 longe
1873 5335 1949 5402 ced.

391 5438 501 5506 Praez.
526 5439 554 5527 ⁴)
577 5445 608 5503 in
631 5444 806 5506 casimirum
828 5445 939 5522 Regem
962 5440 1026 5506 Ed.
1050 5440 1141 5527 Lipr.
1166 5440 1194 5528 ⁵)
1217 5444 1381 5522 Apostoliei
1403 5443 1510 5520 Legati
1533 5441 1597 5506 Ed.
1622 5439 1713 5526 Lipe.
1765 5477 1783 5492 ·-
1831 5485 1834 5492 ·
1888 5481 1891 5490 =
