4090 6290
355 531 429 602 obt
862 549 976 602 uranu
1001 547 1246 600 euonucnrus
1274 531 1388 618 (xru).
1624 524 1691 625 (Α.
1712 524 1757 598 D.
1778 523 1913 622 1477.)

353 758 431 808 rum
449 735 566 808 rediit.
587 735 861 808 Swidniorenses
881 737 916 807 et
934 733 1147 806 Iauoronses
1166 733 1207 822 ¹),
1232 754 1275 806 ne
1294 734 1440 808 alteram
1461 753 1567 825 super
1585 733 1731 806 altorem
1750 754 1772 804 a
1796 733 1912 805 Bohe

353 855 421 928 mis
448 860 653 948 cogerentur
680 856 744 928 sub
773 855 864 927 idem
893 860 1031 944 tompus
1059 853 1210 945 experiri
1234 853 1467 926 vastationem
1487 860 1521 924 et
1540 853 1689 942 cladem,
1720 854 1803 945 paci
1823 873 1911 926 suec

354 998 459 1068 quarn
479 977 624 1068 optime,
654 997 732 1048 cum
751 976 907 1048 Iohanne
926 974 1202 1046 Thouacuouslri
1229 973 1317 1046 inito
1343 974 1494 1061 foedere,
1525 974 1797 1061 consuluerunt,
1820 974 1913 1046 festo

356 1097 476 1169 Sancti
505 1094 810 1185 Bartholomaei2)
845 1096 980 1186 elapso,
1016 1093 1212 1166 Wladislao
1246 1095 1434 1168 Bohemiae
1466 1093 1557 1185 Regi
1584 1093 1761 1166 deditione
1790 1113 1914 1184 repro·

355 1216 474 1288 missa.
503 1215 717 1288 Faetitasset
745 1215 809 1288 hoe
836 1215 951 1306 ipsum
971 1219 1006 1288 et
1025 1214 1137 1288 omnis
1158 1214 1287 1302 Slesia,
1317 1215 1360 1287 ob
1379 1216 1567 1287 clementes
1587 1217 1622 1286 et
1639 1213 1817 1307 ingenuos
1838 1235 1913 1284 mo-

355 1358 411 1410 res
445 1337 598 1408 Bohemo
631 1335 770 1424 affecta,
805 1335 847 1408 ob
880 1335 1098 1407 truculentos
1131 1356 1212 1408 vero
1245 1333 1498 1426 Hungarum³t
1531 1355 1670 1425 perosa,
1706 1335 1739 1406 si
1770 1334 1915 1406 diutius

357 1456 546 1528 Bohemiae
564 1455 671 1547 Regis
691 1455 880 1528 Wladislai
900 1455 992 1546 apud
1012 1476 1069 1527 eos
1084 1455 1289 1527 immoratus
1309 1455 1436 1526 luisset
1455 1456 1646 1527 exereitus:
1669 1476 1773 1546 quem
1796 1455 1916 1527 Bobe-

357 1577 446 1649 miee
473 1576 551 1648 Rex
580 1576 623 1647 erl
651 1597 688 1649 se
714 1597 877 1648 revocare
905 1580 1045 1648 coactus
1074 1579 1143 1663 ost,
1172 1575 1391 1648 Fridericum
1418 1576 1598 1648 Oreeserem
1626 1582 1748 1648 contra
1767 1596 1857 1647 suos
1878 1573 1917 1645 in

356 1696 504 1768 Austris
531 1695 698 1784 rebelles,
728 1718 748 1768 a
775 1695 909 1768 Mathia
936 1695 1138 1788 Hungariae
1158 1695 1252 1788 Rege
1272 1693 1496 1784 subornatos,
1521 1695 1579 1768 oui
1597 1695 1807 1786 iampridem
1828 1715 1916 1786 qua·

357 1823 438 1890 tuor
465 1816 578 1888 millia
606 1817 763 1908 equitum
791 1821 827 1888 et
852 1815 1012 1908 peditum
1040 1816 1104 1887 sub
1132 1815 1261 1888 ducatu
1276 1816 1307 1905 ⁴)
1336 1816 1504 1889 Iohannis
1529 1816 1683 1888 Buruiau
1702 1815 1916 1888 transmiss-

357 1943 429 2026 ret,
457 1937 633 2029 personali
652 1936 777 2008 solatio
794 1935 836 2024 ⁵),
866 1939 900 2010 et
921 1935 1166 2026 frequentiori,
1192 1957 1350 2027 nouoque
1369 1937 1527 2008 exercitu
1546 1937 1749 2022 adiuturus,
1771 1937 1916 2008 Electo-

357 2063 525 2149 ratusque
553 2056 697 2149 Imperii
725 2055 879 2150 insignia
911 2056 986 2129 sive
1012 2057 1144 2148 regalia
1172 2056 1371 2145 abaesare,
1400 2078 1462 2148 pro
1491 2057 1618 2149 quibus
1644 2063 1679 2128 et
1703 2056 1917 2148 Hungariac

360 2177 483 2268 Rene)
512 2177 773 2268 multipliciter,
807 2176 1015 2249 vindicando
1044 2177 1112 2250 sibi
1140 2177 1328 2250 Bobemiec
1360 2177 1537 2270 Regnum,
1571 2199 1640 2248 non
1668 2182 1741 2248 tam
1769 2198 1836 2268 per
1863 2198 1914 2264 se,

360 2320 463 2392 quam
491 2319 552 2390 per
581 2297 715 2370 Summi
734 2297 916 2370 Pontificis
936 2301 970 2370 et
989 2297 1226 2370 cardinalium
1255 2297 1436 2391 suffragia,
1466 2298 1637 2387 instabat,
1667 2303 1916 2390 suscepturus.

359 2653 696 2728 continuauerat
722 2652 932 2726 renerum
959 2651 1145 2744 imperatori
1169 2672 1224 2744 per
1246 2653 1439 2744 llapbaelem
1466 2653 1653 2726 leocriurki
1684 2653 1845 2743 petitum,
1879 2655 1917 2726 er

360 2775 535 2849 Wlolirlao
564 2776 733 2848 boiemiae
762 2777 841 2866 negt
867 2794 888 2848 ι
910 2776 1071 2848 Kerimiro
1100 2775 1187 2865 nege
1216 2775 1366 2850 Poloniae
1395 2777 1584 2850 tomertieis
1614 2775 1709 2848 bellic
1731 2775 1914 2865 implicato,

1039 2897 1231 2988 denegatur.

467 3144 630 3220 Genereli
657 3145 774 3220 diaeta
801 3146 893 3239 apud
920 3146 1170 3239 Pyotrlroriam
1201 3167 1263 3238 pro
1291 3147 1479 3221 tredecima
1506 3145 1562 3220 die
1589 3146 1727 3238 Aprilis
1744 3149 1775 3236 ⁷)
1809 3148 1916 3224 insti·

362 3267 707 3356 tuta,·adveniente,
737 3267 773 3340 irl
799 3268 950 3360 primum
982 3287 1083 3358 agere
1115 3267 1267 3358 placuit,
1299 3273 1340 3340 ut
1367 3267 1576 3358 Imperatori
1591 3267 1622 3356 8)
1651 3269 1852 3358 Friderico,
1881 3277 1917 3342 ct

362 3408 424 3478 pro
453 3387 588 3460 foedere
616 3409 732 3462 secum
759 3387 864 3476 inito,
894 3393 929 3461 et
956 3388 993 3460 in
1021 3389 1174 3461 favorem
1193 3387 1382 3461 Wladislai
1406 3387 1595 3461 Bobeniae
1614 3389 1740 3481 Regis,
1771 3411 1842 3482 quo
1861 3411 1916 3465 co·

364 3508 475 3580 lerius
494 3513 763 3600 consequeretur
789 3509 937 3601 regalia,
966 3507 1163 3581 subsidium
1182 3508 1224 3581 de
1243 3513 1393 3600 quatuor
1411 3509 1569 3582 millibus
1588 3509 1793 3582 mitteretur
1813 3531 1914 3585 exer·

364 3627 505 3702 cituale.
541 3629 587 3700 Et
615 3629 775 3720 quamvis
807 3628 844 3700 id
872 3630 966 3701 factu
999 3628 1185 3720 optimum,
1225 3629 1379 3702 omniurn
1412 3629 1693 3703 consiliariorum
1725 3631 1918 3722 probarent

364 3747 575 3838 sententiae,
603 3749 715 3842 magis
743 3753 875 3837 temen,
906 3754 946 3820 ut
973 3749 1009 3822 id
1036 3750 1149 3838 fieret,
1180 3771 1283 3841 quem
1312 3750 1480 3841 quomodo
1507 3750 1732 3842 impleretur,
1762 3752 1915 3842 reperie-

291 3949 296 3956 ,
365 3868 483 3940 batur:
510 3868 663 3960 propriis
691 3869 866 3942 militibus
895 3874 965 3942 tam
993 3876 1161 3942 remotam
1181 3869 1439 3962 expeditionem
1457 3871 1721 3958 recusantibus,
1750 3873 1912 3946 collatio·

365 4009 444 4062 nem
471 4009 553 4062 vero
581 3989 688 4077 aeris,
718 4011 787 4081 qua
813 3989 1017 4062 mercenarii
1043 3989 1176 4063 milites
1196 3989 1418 4082 stipendiari,
1447 3990 1580 4065 aerario
1607 3991 1703 4084 regio
1731 3993 1835 4064 nullo
1854 4013 1914 4065 ex·

363 4112 477 4198 tante,
506 4108 660 4200 possint,
680 4130 888 4203 magnopere
908 4110 1165 4183 execrantibus.
1194 4111 1319 4202 Itaque
1339 4117 1374 4184 et
1391 4111 1516 4184 nuntio
1536 4112 1725 4186 Bobeniae
1743 4113 1856 4206 Regis
1871 4113 1914 4202 ⁹),

364 4228 515 4302 Iohanni
533 4229 725 4321 Rupoweki
747 4228 915 4321 magistro
945 4231 1060 4304 curiae
1087 4230 1219 4323 regiae,
1240 4231 1277 4303 in
1292 4231 1492 4305 huiusmodi
1511 4232 1786 4324 Pyotrkoviensi
1799 4235 1914 4310 diaeta

366 4353 401 4422 et
428 4353 554 4441 eupost
573 4350 616 4440 ¹⁰)
644 4349 819 4441 Raphaeli
845 4350 1047 4423 Lescninski
1077 4351 1185 4424 militi
1213 4357 1247 4424 et
1268 4352 1393 4425 nuntio
1417 4353 1599 4440 Caesareo,
1629 4353 1831 4426 subsidium
1851 4356 1912 4426 hu·

363 4469 516 4542 iusmodi
543 4470 836 4562 efflagitantibus,
865 4470 1004 4542 nullum
1031 4472 1154 4545 efficax
1181 4493 1388 4564 responsum
1415 4473 1491 4545 dari
1508 4473 1640 4564 potnit:
1670 4474 1837 4565 opposita
1855 4495 1912 4548 ex·

364 4589 560 4680 cusatione,
590 4590 683 4682 quod
709 4591 911 4664 Keuimirus
929 4590 1096 4664 Poloniae
1116 4592 1210 4682 Rex,
1230 4592 1382 4685 propriis
1402 4596 1437 4666 et
1455 4593 1606 4666 monime
1625 4591 1822 4667 barbaricis
1842 4595 1911 4668 bel»

364 4711 411 4784 lis
440 4714 560 4784 contra
591 4707 778 4784 Thartaros
806 4717 841 4784 et
868 4711 1012 4800 Tereos,
1047 4711 1131 4786 Item
1159 4716 1194 4786 et
1220 4711 1430 4804 Cruoiieros,
1464 4714 1549 4787 item
1582 4717 1616 4785 et
1643 4713 1743 4786 Petri
1763 4716 1810 4804 ¹¹)
1842 4715 1910 4788 Ko-

364 4831 564 4922 morouslri,
593 4851 681 4924 quae
699 4831 954 4906 nuntiabantur
971 4831 1168 4923 imminere,
1197 4832 1372 4924 intentus,
1401 4833 1533 4908 exteris
1551 4855 1674 4908 uacare
1693 4855 1766 4908 non
1784 4841 1911 4928 posset

472 5137 495 5220 ¹)
518 5138 665 5202 larienses
687 5135 750 5202 Ed.
775 5134 867 5224 Lipe.
899 5139 920 5220 ²)
944 5139 1045 5222 Sancti
1071 5139 1286 5204 Bartholomaei
1316 5142 1451 5221 Apostoli
1482 5137 1546 5205 Ed.
1578 5138 1672 5225 Lapa.
1691 5142 1732 5222 ,³)
1756 5145 1910 5222 Hungaros

364 5241 429 5307 Ed.
453 5241 544 5326 Lipo.
569 5243 594 5324 ⁴)
619 5247 674 5306 sub
697 5247 786 5308 ductu
808 5241 871 5308 Ee.
894 5242 985 5326 Lips.
1010 5243 1036 5324 ⁵)
1059 5247 1168 5306 auxilio
1191 5244 1253 5308 Ed.
1277 5245 1370 5329 Lipo.
1395 5245 1421 5326 ⁶)
1438 5249 1609 5323 ilungariae
1624 5249 1690 5308 Rex
1704 5249 1836 5309 Matthias
1851 5245 1908 5308 Ee.

365 5345 458 5432 Dipo.
484 5347 508 5426 ²)
531 5349 641 5408 mensis
663 5348 775 5425 Aprilis
797 5344 860 5408 Ed.
876 5345 977 5429 *Lipa
1003 5346 1028 5426 ⁸)
1052 5348 1248 5410 Romanorum
1270 5352 1443 5426 Imperatori
1465 5348 1529 5411 Ed.
1551 5347 1643 5432 Lipe.
1668 5349 1694 5430 ⁹)
1718 5352 1813 5428 Regis
1835 5353 1907 5411 Wla·

366 5451 454 5512 dislai
475 5447 540 5514 Ed.
561 5447 652 5534 Lipo.
681 5449 720 5532 ¹⁰)
744 5456 773 5512 et
794 5457 899 5529 postea
921 5447 983 5512 Ed.
1008 5447 1100 5534 Lipe.
1129 5449 1169 5534 ¹¹)
1193 5453 1262 5513 item
1285 5453 1403 5514 Petrum
1426 5449 1488 5516 Ed.
1513 5450 1602 5536 Lapa.
