4264 6280
146 585 427 685 (Α.1).1448.)
661 610 775 662 arena
800 609 1045 662 uoonnermns
1074 591 1187 680 (xrrr).
1647 591 1696 660 411

145 793 311 886 Magnum
336 795 363 882 1)
400 793 638 866 Withandom
675 793 861 886 largitione
898 795 1082 888 temporali
1119 793 1317 886 praedictae
1345 793 1512 883 1611661)
1552 795 1694 882 6611616,

145 914 240 986 trahi
267 915 369 987 debet
396 935 458 1005 per
485 936 547 986 ros
575 914 612 985 in
640 915 791 986 alienius
819 915 1044 1006 proprietatis
1072 915 1336 1007 usurpationem
1365 919 1426 986 aut
1451 914 1560 987 debiti
1580 936 1696 988 neees-

145 1034 298 1107 sitatem.
333 1033 372 1106 Si
405 1039 521 1107 tamen
555 1035 769 1108 existimetis
801 1057 864 1107 nos
896 1036 997 1108 robis
1031 1035 1210 1108 oeeasiono
1243 1039 1355 1108 torrae
1387 1034 1586 1126 praedictae
1601 1033 1632 1124 ³)
1660 1035 1698 1106 in

145 1154 263 1246 aliquo
293 1154 500 1243 iniurios⁴),
531 1154 707 1226 offerimus
735 1177 798 1228 nos
825 1157 1010 1245 bonorum,
1040 1157 1212 1228 iustorum
1241 1161 1275 1228 et
1297 1155 1485 1246 proborum
1503 1155 1710 1242 hominum„

146 1275 221 1346 sine
248 1275 424 1365 passione,
455 1275 581 1347 affeetu
610 1276 667 1346 vel
694 1281 790 1348 metu
818 1276 1066 1362 iudicantium,
1097 1281 1190 1348 stare
1218 1275 1387 1347 deoisioni
1415 1279 1450 1347 61
1473 1275 1622 1348 deoroto.
1651 1276 1698 1347 Et

144 1416 214 1465 non
243 1397 356 1468 solum
386 1417 490 1487 super
522 1395 661 1484 terra5)
689 1397 871 1482 Podoliae,
907 1398 967 1469 sed
1001 1383 1106 1468 etiarn
1140 1417 1244 1487 super
1275 1395 1443 1486 praefatis
1476 1395 1697 1466 distriotibus

146 1513 333 1603 01661166),
362 1516 574 1606 Lopaonino,
605 1517 773 1608 Wyethlp
802 1521 836 1589 61
863 1517 1013 1604 Hrodlo,
1043 1517 1103 1607 qui
1122 1516 1164 1587 de
1183 1515 1413 1607 proprietate,
1442 1515 1518 1586 iure
1538 1521 1572 1586 et
1591 1515 1697 1586 titulo

145 1635 260 1726 Regni
278 1635 444 1708 Poloniae
464 1637 536 1710 fore
552 1637 583 1725 ⁷)
612 1636 858 1725 dinoseuntur‚
879 1641 914 1708 et
933 1657 1020 1728 quos
1040 1637 1121 1707 Dux
1145 1636 1293 1728 Magnus
1309 1635 1340 1724 8)
1369 1635 1617 1727 sigismundus
1636 1657 1699 1727 per

144 1755 267 1828 literas
295 1777 377 1828 suas
404 1760 566 1846 patentes
598 1756 834 1848 reeognosoit,
867 1778 937 1828 non
969 1777 1045 1829 esse
1082 1776 1181 1844 suos,
1215 1776 1327 1846 neque
1355 1754 1491 1846 aliquid
1519 1755 1607 1827 iuris
1635 1761 1697 1828 aut

144 1875 371 1968 proprietatis
400 1897 452 1964 se,
482 1882 543 1948 aut
570 1878 743 1949 Duoatum
771 1879 936 1970 Magnum
960 1876 1188 1964 Lithnaniae,
1217 1875 1254 1947 in
1278 1876 1354 1947 illis
1372 1876 1515 1963 habere,
1546 1877 1697 1950 similem

145 1995 246 2068 robis
284 1995 460 2068 offerimus
496 1997 602 2084 iuris,
639 1996 799 2069 iustitiae
828 2003 863 2069 61
891 1996 1081 2088 aequitatis
1118 1995 1363 2069 conditionem.
1403 1997 1537 2087 Quibus
1565 1997 1697 2088 :audi-tis

145 2115 276 2206 Boyari
307 2116 578 2206 Lithnaniae⁹)‚
607 2116 767 2189 videntes
800 2138 836 2189 66
869 2117 906 2187 in
939 2116 1078 2188 iustitia
1109 2117 1271 2205 deficere,
1305 2117 1518 2188 destiterunt
1545 2117 1697 2207 amplius

144 2237 245 2327 loqui
275 2241 310 2308 et
337 2236 562 2328 interpellare
582 2237 626 2325 ¹⁰)
654 2258 716 2328 pro
745 2242 857 2309 terrae
884 2236 1049 2309 Podoliae
1076 2237 1312 2310 restitutione.

147 2591 224 2662 dnn
245 2591 367 2680 legetis
390 2591 562 2676 Polonieie,
594 2591 648 2679 qui
672 2590 713 2660 ed
735 2589 922 2662 lontldoem
944 2590 1119 2661 domenum
1141 2591 1304 2662 llieolanm
1320 2591 1467 2680 quintam
1482 2591 1697 2662 deuteronom

145 2712 352 2782 obedientiae
375 2729 476 2782 oense
498 2711 588 2781 mirsi
612 2713 721 2795 erent,
746 2710 890 2780 eiusdem
919 2711 1084 2781 Pontidoie
1114 2711 1255 2800 legator
1277 2711 1311 2781 in
1334 2711 1495 2782 l’elenien
1521 2713 1628 2798 vonit,
1651 2730 1697 2782 ro·

285 2848 355 2902 ean
378 2848 507 2902 auream
530 2833 565 2900 et
588 2829 744 2920 quaedem
766 2829 876 2900 dulles
898 2829 1040 2900 nunerio
1062 2831 1133 2901 loeo
1156 2830 1316 2902 desinire
1338 2831 1417 2919 Regi
1439 2831 1558 2902 serene.

250 3077 306 3147 Ad
337 3077 427 3148 hano
455 3076 720 3148 conventionem
753 3077 1003 3149 Lnblinensem
1035 3076 1215 3148 redierunt
1247 3077 1366 3149 nuntii
1393 3077 1502 3170 Regis
1522 3077 1577 3166 ¹¹),
1608 3077 1697 3150 alias

143 3197 181 3269 in
209 3197 342 3269 Urbem
370 3193 413 3268 ad
432 3197 466 3268 N
469 3196 619 3269 ioolaum
638 3197 769 3287 Papam
790 3197 952 3288 quintum
971 3217 1050 3268 enm
1070 3197 1267 3270 obedientia
1290 3197 1407 3284 missi,
1437 3197 1602 3269 videlieet
1621 3197 1696 3270 Wi-

144 3318 269 3390 sohoto
295 3317 337 3388 de
366 3316 483 3390 Gorlra
509 3317 738 3406 Praepositae
765 3317 1016 3389 Poenaniensis
1045 3321 1079 3389 et
1107 3318 1235 3390 Petrus
1263 3317 1305 3390 de
1333 3317 1551 3390 Sehamotuli
1570 3318 1696 3389 666161-

142 3439 249 3509 lanus
278 3436 512 3510 Galiseiensie.
543 3437 627 3509 Cum
648 3437 775 3528 quibus
796 3437 959 3528 Baptista
979 3437 1163 3528 episeopus
1187 3437 1443 3510 Camerinensis
1463 3421 1527 3524 ¹2),
1549 3438 1651 3528 prael
1665 3437 1699 3508 ti

142 3557 286 3630 Nieolai
313 3557 429 3648 Papae
457 3556 500 3627 ad
528 3556 660 3649 Regem
679 3556 723 3646 ¹³)
752 3563 787 3630 61
814 3559 973 3650 Regnum
1001 3557 1168 3630 Poloniae
1201 3578 1279 3630 enm
1303 3562 1478 3648 potestate
1506 3557 1633 3649 Legati
1656 3558 1698 3630 do

142 3678 186 3751 de
215 3678 325 3749 latere
352 3677 510 3748 Nuntius
534 3681 569 3748 61
592 3681 708 3749 616161
726 3678 873 3766 missus,
893 3677 1053 3765 advenit,
1083 3679 1144 3769 qui
1163 3677 1250 3750 feria
1269 3677 1392 3769 quinta
1411 3677 1448 3748 in
1467 3677 1599 3750 Octava
1617 3677 1697 3750 061-

141 3797 240 3891 poris
269 3796 415 3884 Christi,
444 3796 566 3868 habita
593 3797 771 3870 audientia
798 3797 940 3888 publiea
972 3799 1118 3869 6116616
1146 3796 1245 3870 brevi
1278 3797 1451 3885 oratione,
1480 3797 1696 3870 sommenda-

142 3917 198 3990 rit
225 3917 418 4009 plurimum
446 3916 664 3988 Karimirum
693 3917 824 4010 Regem
851 3917 893 3989 de
921 3918 1002 3989 data
1035 3917 1248 4006 obedientia,
1282 3917 1407 3989 deinde
1439 3918 1515 3989 loeo
1543 3917 1698 3989 muneris

142 4037 387 4130 praesentarit
424 4037 515 4130 Regi
552 4057 595 4109 ex
623 4042 722 4128 parte
753 4038 870 4128 Papae
900 4058 1016 4109 rosam
1043 4059 1200 4126 auream,
1233 4041 1438 4129 pensantem
1470 4041 1609 4109 eentum
1637 4058 1697 4108 au·

141 4179 234 4232 reos.
268 4159 312 4230 In
344 4157 523 4230 audientia
549 4155 693 4248 'quoqne
714 4158 757 4245 11)
787 4161 921 4229 secreta
952 4157 1192 4247 praesentavit
1223 4156 1403 4228 Kanimiro
1436 4156 1697 4248 RegiBullam

143 4299 252 4370 super
278 4277 469 4369 nonaginta
495 4276 793 4348 nominationibus
822 4297 926 4367 super
954 4281 1028 4348 tota
1054 4277 1235 4367 provintia
1268 4275 1481 4366 Gnesnensi,
1511 4275 1616 4347 aliam
1635 4294 1697 4367 pro

143 4397 305 4470 subsidio
333 4401 454 4468 eontra
481 4398 668 4468 Thartaros
696 4396 912 4469 exactionem
941 4397 978 4467 in
1006 4398 1096 4469 olero
1124 4397 1324 4488 provintiae
1353 4395 1566 4469 (inesnensis
1593 4415 1698 4486 super

142 4519 264 4591 deoem
291 4517 451 4589 millibus
479 4517 699 4588 florenorum.
728 4516 864 4587 Ultimo
893 4517 1072 4606 exposuit,
1107 4517 1199 4606 quod
1226 4516 1395 4588 Nieolans
1423 4516 1519 4606 Papa
1552 4513 1697 4606 quintus

143 4637 360 4711 creationem
389 4636 532 4728 Sbignei
560 4635 799 4707 draeoriensis
828 4635 983 4726 episeopi
1013 4636 1138 4706 laetam
1164 4635 1246 4707 olim
1265 4657 1328 4726 por
1345 4635 1544 4728 Eugenium
1564 4636 1697 4726 Papam

142 4761 311 4850 quartum
340 4755 377 4828 in
404 4755 639 4841 cardinalem,
667 4776 730 4846 pro
757 4755 887 4826 honore
915 4755 1023 4846 Regis
1052 4759 1087 4828 et
1114 4755 1228 4848 Regni
1248 4755 1292 4846 ¹⁵)
1320 4755 1696 4828 111616111616611111-

255 4993 278 5076 ¹)
301 4996 479 5056 Lithnaniae
501 4997 615 5056 Duoem
637 4995 821 5071 praedictum
842 5011 982 5070 magnum
1004 4989 1068 5055 Ed.
1091 4991 1184 5076 Dipo.
1210 4992 1348 5074 1)161166
1368 4995 1509 5054 Podoliae
1526 4980 1588 5055 Ed.
1605 4990 1698 5076 Lapa.

143 5101 171 5180 ³)
195 5099 354 5161 occasione
375 5099 546 5175 praedictae
567 5104 664 5158 terrae
694 5097 835 5157 Podoliae
857 5094 921 5157 Ed.
944 5093 1035 5178 Lipe.
1069 5094 1094 5176 ⁴)
1118 5098 1241 5158 iniurioa
1268 5116 1334 5158 6666
1355 5094 1419 5159 Ed.
1443 5094 1534 5178 Lipe.
1566 5095 1593 5173 ⁶)
1615 5114 1701 5172 prae-

142 5205 208 5264 fata
231 5209 312 5264 16116
333 5199 395 5263 do.
419 5199 511 5284 Lips.
536 5199 562 5275 ⁶)
587 5199 757 5276 Olyeaohko
779 5200 919 5260 videlieet
940 5197 1003 5260 Ed.
1026 5197 1117 5281 Lipe.
1152 5197 1352 5279 7)6666Ε(1.
1376 5197 1467 5282 Lips.
1500 5197 1525 5274 8)
1549 5200 1618 5258 Dux
1639 5217 1699 5258 ma-

142 5325 223 5383 gnus
248 5305 319 5365 olirn
340 5304 518 5364 Lithnaniao
540 5301 603 5364 Ed.
624 5300 716 5384 Lipe.
748 5300 930 5381 θ)Ι)11661116
957 5304 1057 5378 magni
1086 5303 1264 5363 Lithnaniae
1286 5301 1349 5363 Ed.
1373 5300 1463 5384 Lipe.
1500 5299 1538 5380 ¹⁰)
1561 5302 1698 5377 interpel-

142 5412 207 5469 lare
231 5409 358 5467 barones
380 5409 521 5467 Poloniae
543 5403 606 5467 Ed.
632 5402 722 5486 Lipe.
752 5403 788 5483 11)
806 5405 941 5464 0661111111
955 5405 1047 5480 Regis
1063 5403 1127 5469 Ed.
1144 5403 1234 5486 Le'pe.
1256 5403 1295 5484 11)
1314 5405 1511 5466 Gameriensis
1527 5400 1589 5464 Ed.
1605 5401 1697 5484 Lipe.

147 5510 188 5589 ¹³)
213 5510 254 5569 ad
278 5509 450 5569 Gaeimirnm
472 5511 584 5586 Regem
607 5504 669 5568 Ed.
687 5504 776 5590 Lips.
807 5505 840 5586 14)
863 5511 961 5567 antem
984 5504 1047 5569 Ea.
1069 5504 1161 5590 Lipe.
1182 5506 1219 5587 ¹⁵)
1242 5507 1339 5584 Regni
1361 5507 1503 5568 Poloniae
1521 5503 1584 5568 Ed.
1606 5503 1696 5586 Lipe.

170 5661 196 5702 J.
209 5660 310 5707 11111161.
323 5659 384 5699 aare.
397 5659 476 5701 ronan.
489 5660 514 5702 r.
528 5660 556 5700 v.
1491 5639 1507 5693 1
