4052 6286
88 562 158 664 (Α.
177 561 222 636 D.
243 561 370 663 1417.)
604 589 718 644 arena
744 590 989 645 nuonnonrue
1017 575 1131 664 (xm).
1564 577 1640 649 489

85 884 276 958 lubiorum
297 885 449 958 11111111
471 885 622 960 Poloniae
643 888 741 978 logie
764 891 981 978 1111111111,
1004 891 1638 968 1111111111111111111111111111

109 1008 211 1096 aava
232 1005 351 1096 legen
373 1005 554 1097 tloorgium,
577 1007 707 1082 sublato
728 1009 829 1096 bollo,
852 1013 969 1100 bauga
991 1011 1059 1083 1111
1082 1014 1135 1084 111
1158 1012 1341 1084 cardeam
1364 1013 1615 1088 conditoribus.

191 1254 295 1347 Regii
314 1255 341 1344 ¹)
369 1255 502 1343 nuntii,
533 1255 733 1329 Stanislaus
759 1255 801 1330 de
820 1255 987 1351 Ostrorog
1013 1258 1194 1349 palatinus
1222 1259 1462 1348 Calissiensis,
1491 1261 1640 1334 Iacobus

85 1374 130 1448 de
149 1374 305 1448 Dambno
332 1374 446 1468 Regni
473 1375 640 1450 Poloniae
663 1375 942 1450 vicethesaurius
966 1383 1001 1452 et
1019 1378 1223 1470 capitaneus
1243 1380 1499 1469 draaoviensis,
1520 1385 1555 1454 et
1575 1381 1635 1453 Io-

85 1495 220 1568 hannes
249 1493 365 1568 senior
391 1495 1058 1588 1111111111011111111011111111111,
1087 1499 1237 1592 Pragam
1255 1499 1553 1593 vicesimaprima
1573 1499 1636 1573 Oc·

85 1615 199 1688 tobrie
215 1613 246 1704 2)
273 1615 440 1708 ingressi,
470 1617 582 1691 altera
609 1617 666 1690 die
694 1616 904 1710 legationem
932 1619 1024 1710 apud
1043 1639 1143 1692 aures
1163 1619 1306 1712 Georgii
1324 1625 1359 1692 et
1378 1641 1535 1707 suorum,
1564 1641 1634 1692 non

85 1736 202 1807 solum
228 1740 353 1808 sanctu
381 1739 576 1827 spectante,
607 1736 668 1812 111
695 1741 730 1810 ot
756 1737 875 1829 plebe,
910 1742 1030 1812 ornate
1058 1743 1093 1812 et
1118 1739 1276 1831 graviter
1303 1743 1495 1832 exponunt.
1529 1739 1636 1814 Cuius

83 1855 172 1928 haec
199 1875 334 1928 summa
360 1860 451 1930 erat:
479 1860 521 1928 nt
546 1861 686 1948 pareret
712 1857 789 1949 ipse
816 1862 852 1929 et
871 1877 964 1950 gens
992 1879 1056 1932 sua
1083 1859 1121 1932 in
1149 1858 1300 1952 singulis
1328 1860 1485 1933 Romano
1512 1859 1633 1932 Ponti-

83 1975 160 2062 fici,
188 1981 223 2048 et
249 1975 389 2048 sublato
416 1976 605 2050 inveterati
632 1977 773 2050 dissidii
800 1997 931 2066 errore,
960 1978 1116 2071 Regibus
1144 1983 1179 2052 et
1196 1978 1420 2070 Principibus
1448 1979 1631 2052 catholicis

83 2116 124 2167 se
151 2094 188 2168 in
213 2095 286 2169 ritu
314 2100 349 2170 et
374 2096 543 2189 religione
563 2097 809 2186 conformaret,
838 2118 902 2170 nec
920 2097 1025 2172 aliter
1043 2099 1198 2173 crederet
1216 2099 1285 2172 sibi
1305 2103 1340 2172 et
1358 2099 1547 2173 Bohemiae
1565 2099 1632 2173 Re·

81 2235 154 2308 gno
181 2215 476 2307 conprimentem
501 2217 761 2307 proventuram.
791 2217 1019 2292 Rescinderet
1046 2219 1131 2293 item
1157 2219 1306 2308 bellum,
1335 2220 1429 2311 quod
1451 2241 1530 2292 cam
1548 2241 1633 2311 pon·

82 2335 257 2425 tificibus,
284 2335 525 2427 Principibus,
553 2336 759 2424 baronibus,
788 2342 823 2410 et
851 2338 1057 2412 civitatibus
1080 2339 1265 2412 catholicis
1283 2339 1390 2432 gerit,
1420 2339 1634 2413 obsidionem

82 2476 222 2547 quoque
249 2455 339 2530 arcis
366 2455 601 2548 Konopiscne,
630 2457 794 2549 quoniam
813 2457 883 2530 iam
902 2459 1014 2531 altera
1033 2459 1237 2553 Sternberg,
1261 2460 1466 2552 priusquam
1485 2460 1633 2553 Pragam

80 2577 202 2649 nuntii
227 2577 316 2670 regii
343 2575 560 2669 attigissent,
590 2578 679 2650 fame
707 2583 742 2651 et
769 2579 979 2653 necessitate
1007 2601 1145 2672 pressa,
1173 2581 1211 2653 in
1239 2579 1408 2653 ditionem
1433 2599 1632 2652 11111111-

81 2700 252 2786 cesserat,
272 2696 496 2785 dissolveret,
517 2701 552 2770 ct
570 2696 608 2770 in
625 2697 789 2772 unionem
808 2703 913 2792 atque
930 2721 1051 2792 pacem
1069 2700 1211 2774 rediret.
1231 2700 1318 2774 Plus
1338 2699 1504 2793 Georgia,
1525 2721 1628 2792 quam

81 2815 160 2888 suis
186 2815 407 2908 pmpmatis,
434 2817 520 2890 haec
548 2817 658 2890 oratio
686 2818 907 2909 displicebat.
937 2819 1125 2894 catholica
1142 2821 1235 2894 enim
1262 2820 1319 2893 illi
1341 2820 1462 2894 audire
1480 2820 1631 2908 insueto,

81 2935 230 3010 ferocior
261 2936 441 3028 aliquanto
455 2941 459 2948 '
473 2937 583 3010 oratio
615 2937 809 3031 legatorum
830 2937 875 3028 ³)'
894 2940 971 3012 visa
1003 2945 1073 3029 est,
1108 2962 1212 3032 quam
1245 2961 1333 3032 quae
1366 2939 1507 3013 deberet
1538 2940 1631 3031 apud

80 3077 166 3130 suas
193 3077 294 3131 aures
322 3055 461 3148 exponi.
494 3057 652 3130 Murmur
684 3079 821 3150 quoque
848 3060 941 3151 apud
969 3062 1115 3154 vulgum
1143 3061 1403 3148 suboriebatur,
1436 3059 1629 3149 nonnullis,

79 3197 146 3269 pro
174 3177 342 3251 varietate
361 3177 596 3270 ingeniorum,
625 3177 835 3270 legationem
855 3179 963 3272 Regis
982 3181 1149 3255 Poloniae
1172 3181 1373 3256 coelotenus
1393 3179 1629 3269 efferentibus,
1659 3237 1663 3248 ,

80 3297 229 3371 caeteris
244 3298 276 3387 4)
304 3297 599 3388 improbantibus,
629 3298 721 3390 quod
748 3298 823 3370 illis
851 3299 1071 3374 denuntiatio
1099 3301 1192 3392 ipsa,
1222 3300 1361 3374 nomine
1387 3299 1496 3394 Regis
1524 3299 1627 3372 Polo·

81 3417 164 3491 niae
189 3417 384 3509 proposita,
413 3416 451 3489 in
477 3417 582 3491 rebus
609 3418 712 3491 fidem
732 3423 767 3492 et
785 3419 893 3492 ritum
922 3421 1164 3514 tangentibus,
1193 3421 1250 3494 ius
1273 3424 1379 3513 atque
1399 3421 1511 3513 legem
1530 3440 1627 3512 prae·

79 3537 260 3612 scriberet.
289 3537 482 3628 Frequenti
508 3536 633 3612 deinde
660 3539 855 3630 legatorum
882 3539 992 3632 Regis
1020 3541 1187 3615 Poloniae
1206 3560 1363 3614 sermone
1380 3544 1503 3631 pectus
1522 3539 1629 3614 Reor·

76 3657 133 3751 gii
159 3657 300 3745 durum,
333 3656 500 3730 callidum
529 3661 563 3732 et
590 3657 856 3746 difficillimum,
891 3659 974 3733 forti
1001 3665 1036 3734 et
1062 3661 1159 3733 iusta
1190 3659 1416 3752 persuasione
1447 3659 1629 3734 emolitum

77 3783 146 3854 est.
174 3777 316 3852 Edendo
344 3777 436 3851 enim
462 3798 684 3870 responsum,
713 3784 827 3852 totum
855 3800 892 3854 se
920 3780 1010 3873 Regi
1035 3780 1203 3854 Poloniae
1231 3785 1267 3853 et
1293 3779 1369 3853 eius
1388 3778 1557 3854 decisioni
1575 3785 1627 3851 at-

78 3919 148 3990 que
175 3898 321 3972 arbitrio
347 3897 385 3970 in
411 3897 484 3986 his,
514 3919 602 3991 qnae
629 3900 672 3972 ad
701 3900 928 3991 quietandum
956 3901 1117 3995 Regnum
1137 3899 1325 3975 Bohemiae
1344 3904 1519 3991 spectant,
1548 3919 1626 3990 per-

76 4018 258 4092 mittebat:
287 4024 448 4093 astruens
475 4019 609 4110 priscos
637 4021 825 4096 Bohemiae
852 4022 967 4114 Reges
994 4023 1159 4096 honorem
1188 4025 1325 4094 tantum
1353 4019 1445 4092 nulli
1472 4039 1626 4110 unquam

76 4139 186 4232 Regi,
220 4140 281 4212 sed
312 4159 375 4214 nec
406 4137 614 4231 Imperatori
642 4140 824 4214 detulisse.
858 4141 902 4214 ln
928 4142 986 4215 his
1013 4164 1113 4231 vero,
1142 4161 1231 4234 qnae
1257 4139 1462 4233 religionem
1490 4139 1625 4212 contin·

74 4266 183 4353 gunt,
211 4259 403 4334 deducebat
430 4279 484 4349 ee,
512 4259 596 4334 licet
614 4260 804 4351 fallaciter,
833 4267 1051 4353 compactata
1069 4263 1289 4349 observasse,
1318 4279 1381 4334 nec
1400 4279 1443 4334 ex
1463 4259 1624 4333 obedien·

74 4379 131 4452 tia
161 4380 277 4471 Papae
307 4373 461 4470 unquam
494 4379 684 4470 excidisse,
722 4386 785 4456 aut
816 4367 1045 4474 compeetatis
1078 4382 1286 4456 contraisse:
1321 4384 1557 4454 consutorum
1588 4399 1626 4454 se

75 4498 196 4574 omnia
221 4503 399 4588 astruens,
428 4519 516 4591 qnae
543 4498 580 4572 in
608 4505 825 4592 comportata
852 4501 1052 4594 deliquerit.
1082 4497 1212 4575 Verium
1238 4500 1402 4593 quoniam
1420 4519 1626 4592 responsum

74 4641 181 4692 suum
208 4618 408 4693 conditione
435 4618 476 4692 de
504 4623 617 4694 castro
645 4620 865 4713 Konopiscae
885 4620 954 4696 sibi
972 4621 1142 4711 dedendo,
1172 4621 1444 4711 constrinxerat,
1473 4619 1545 4692 levi
1564 4640 1624 4692 vo-

72 4741 214 4831 luptate
240 4760 261 4812 a
286 4737 422 4812 nuntiis
449 4737 557 4832 regiis
591 4745 794 4832 susceptum
826 4745 895 4814 est:
930 4741 991 4832 qui
1017 4763 1062 4814 ne
1088 4747 1223 4834 partem
1251 4742 1398 4814 alteram
1425 4739 1624 4834 neglexisse

72 4858 295 4947 viderentur,
329 4857 366 4931 in
393 4858 545 4947 Ilavam,
580 4859 695 4934 tribus
714 4861 757 4933 de
775 4860 905 4954 viginti
936 4861 1150 4935 milliaribus
1169 4883 1190 4934 a
1208 4861 1322 4955 Prage
1348 4860 1556 4947 distantem,
1586 4879 1624 4932 se

71 4979 271 5052 conterunt.
304 4977 376 5051 Ubi
403 4978 495 5070 apud
527 4979 747 5055 Zdenlxonem
779 4980 1023 5073 Konopnicalri
1054 4982 1281 5074 burgrabium
1308 5000 1509 5073 supremum
1536 4979 1622 5051 Pra-

69 5119 234 5192 geneem,
268 5103 302 5172 et
328 5098 519 5172 Iohannem
551 5099 594 5173 de
621 5101 862 5194 Hassemburg
893 5101 1044 5176 iudicem
1076 5101 1190 5194 Regni
1224 5099 1429 5190 Bohemiae,
1458 5119 1545 5192 quos
1569 5119 1624 5170 eo·

184 5372 209 5454 ¹)
230 5373 322 5451 Regis
344 5375 485 5436 Poloniae
508 5374 644 5437 (lasimiri
666 5371 729 5438 aa.
754 5371 847 5458 Lipe.
872 5372 897 5453 ¹)
919 5375 1181 5454 vigesimaprima
1203 5375 1251 5438 die
1272 5375 1383 5436 mensis
1406 5372 1543 5435 Octobris
1558 5369 1623 5432 Ed.

70 5475 166 5560 Lips.
191 5474 218 5556 ⁸)
239 5477 418 5553 Legatorum
439 5475 531 5553 Regis
552 5477 694 5540 Poloniae
715 5474 779 5540 Ed.
802 5474 893 5560 Lipe.
917 5474 944 5557 ⁴)
966 5479 1115 5540 nonnullis
1136 5475 1200 5540 Ed.
1224 5474 1315 5560 Dipo.

99 5624 481 5675 murmurmurmur.
1156 5635 1160 5642 ·
1415 5609 1450 5663 62
