4082 6284
413 571 486 642 278
918 593 1031 680 ursus
1059 594 1302 644 nurcrnncrmrvs
1331 573 1444 663 (xm).
1680 547 1946 669 (Α.ῠ.1458.)

412 777 472 849 sed
500 783 534 848 et
562 777 726 848 iniuriam
761 799 857 848 suam
898 755 1007 869 aequo
1041 777 1155 850 animo
1187 779 1357 850 hactenus
1385 778 1570 850 tolerasse:
1605 777 1635 850 si
1663 800 1751 870 quae
1780 779 1863 852 fides
1894 787 1946 852 ant

411 895 567 969 amicitia
603 899 646 969 ab
680 897 729 969 sis
763 898 932 987 praestita
966 899 1033 970 sibi
1066 899 1187 986 fuerit,
1226 921 1300 971 eam
1334 919 1370 970 se
1404 897 1526 970 merito
1564 897 1677 971 cilicio
1715 920 1944 990 repensurum.

410 1017 523 1090 Nosse
551 1018 695 1108 insuper
722 1019 842 1108 probe,
872 1018 1027 1090 dirirram
1056 1023 1091 1090 et
1118 1019 1304 1091 humanam
1328 1021 1441 1111 legem
1461 1019 1612 1110 ingeniis
1643 1025 1679 1092 et
1697 1020 1946 1093 calliditatibus

409 1137 573 1209 humanis
601 1138 721 1210 collidi
749 1161 867 1228 posse,
898 1139 1060 1210 evacuari
1087 1161 1157 1211 non
1184 1160 1303 1230 posse;
1337 1139 1559 1212 Giraikonem
1580 1141 1607 1229 1)
1635 1140 1766 1233 Regem
1792 1141 1881 1214 bene
1906 1144 1945 1212 le-

410 1257 516 1343 cisse,
548 1257 578 1329 si
607 1259 766 1350 Regnum
796 1259 984 1331 Bohemiue
1017 1260 1105 1331 bono
1141 1265 1302 1352 respectu
1336 1265 1558 1353 usurpatum,
1589 1284 1657 1334 non
1685 1261 1785 1349 filiis,
1814 1261 1875 1334 scd
1902 1263 1945 1334 iu-

411 1377 477 1449 stis
505 1379 713 1454 haeredibus
742 1385 776 1456 ct
805 1381 1065 1459 successoribus
1094 1381 1298 1458 trudendum
1327 1381 1513 1458 curaverit.

760 1739 888 1814 dallxto
911 1741 1015 1830 rapae
1038 1741 1140 1812 tortio
1160 1739 1236 1812 llus
1258 1739 1421 1813 secundus
1443 1741 1599 1813 succedit.

512 1991 621 2062 Sexta
649 1992 778 2062 mensis
803 1991 956 2083 Augusti
976 1991 1137 2063 calixtus
1156 1992 1253 2082 Papa
1271 1991 1415 2077 tertius,
1445 1989 1501 2062 vir
1527 1989 1764 2082 grandaevus,
1794 1989 1944 2075 moritur,

408 2115 442 2182 et
471 2110 506 2182 in
534 2110 682 2183 ecclesia
711 2111 832 2183 Sancti
848 2111 879 2199 ²)
908 2112 1004 2184 Petri
1024 2117 1095 2184 tam
1115 2111 1363 2184 miserabiliter
1381 2115 1416 2183 et
1434 2131 1588 2201 pannose
1606 2109 1794 2201 sepelitur,
1823 2115 1865 2181 nt
1883 2131 1947 2182 cor-

409 2253 476 2324 pus
505 2234 705 2324 sepulturae
739 2233 988 2320 mandandum,
1023 2255 1090 2304 non
1119 2233 1189 2304 nisi
1216 2237 1365 2323 quatuor
1397 2231 1592 2322 presbyteri
1619 2252 1698 2303 curn
1726 2231 1874 2302 totidem
1902 2253 1946 2302 ce·

392 2351 475 2425 reis
508 2353 772 2438 comitarentur,
808 2355 968 2426 omnibus
1001 2353 1204 2444 nepotibus,
1239 2353 1376 2437 amicis,
1417 2351 1649 2424 familiaribus
1682 2357 1718 2424 et
1752 2351 1948 2424 necessariis

407 2473 498 2560 suis,
527 2495 614 2565 quos
634 2475 824 2560 extulerat,
855 2479 1089 2566 promoverat,
1119 2473 1309 2560 ditaverat,
1339 2477 1373 2544 et
1393 2471 1485 2563 quod
1504 2469 1670 2545 maiorem
1689 2471 1948 2544 admirationem

405 2593 514 2684 parit,
544 2593 632 2686 ipsis
661 2595 765 2667 etiam
794 2595 1055 2682 Cardinalibus‚
1089 2615 1238 2685 quorum
1270 2593 1407 2684 aliquos
1435 2613 1476 2664 ca
1502 2591 1677 2683 dignitate
1710 2589 1947 2685 insigniverat,

405 2736 425 2784 a
454 2715 585 2787 lunaris
613 2715 725 2787 officio
754 2715 898 2786 aversis.
929 2715 1105 2787 Successit
1133 2717 1249 2786 autem
1278 2713 1346 2785 sibi
1366 2713 1501 2785 Aeneas
1520 2711 1563 2784 de
1587 2711 1689 2785 Senis
1709 2713 1752 2785 de
1769 2711 1947 2785 Pioulomi-

406 2835 511 2906 nibus
528 2833 570 2922 3),
609 2835 708 2907 tituli
742 2837 890 2908 Sanctae
918 2835 1067 2907 Sabinae
1098 2835 1286 2926 Presbyter
1317 2831 1529 2919 Cardinalis,
1565 2833 1750 2924 episcopus
1779 2831 1947 2919 Senensis,

404 2955 544 3028 natione
576 2956 707 3042 ltaluS,
742 2956 778 3026 in
811 2963 885 3027 arte
918 2956 1054 3046 poetica
1086 2959 1121 3027 et
1152 2952 1303 3026 oratoria
1335 2953 1526 3044 plurimum
1563 2953 1740 3041 eruditus,
1780 2954 1842 3045 qui
1869 2955 1947 3025 Pius

405 3077 578 3147 secundus
598 3083 742 3148 vocatus
763 3082 827 3148 est.
858 3075 925 3147 Hic
952 3075 1102 3166 primum
1126 3075 1256 3147 Felicis
1277 3073 1393 3166 quinti
1420 3075 1536 3164 Papae
1555 3094 1633 3146 cum
1652 3073 1812 3166 Eugenio
1832 3080 1947 3166 quarto

404 3195 447 3267 de
475 3196 611 3286 Pupatu
639 3196 895 3283 contendentis,
929 3201 1055 3287 expost
1087 3195 1258 3268 Friderici
1291 3192 1517 3287 Imperatoris
1556 3194 1783 3281 secretarius,
1814 3196 1945 3266 tandem

403 3333 465 3404 per
491 3314 668 3387 Calixtum
697 3315 827 3406 Papam
856 3315 998 3387 tertium
1027 3319 1061 3388 et
1090 3337 1191 3387 suum
1219 3315 1458 3387 immediatum
1477 3334 1734 3405 praecessorem
1759 3313 1947 3386 cardinalis

403 3441 556 3521 creatus,
587 3435 767 3507 Summum
796 3435 1045 3507 Pontificatum
1074 3441 1167 3508 sorte
1186 3435 1376 3526 (Iohannes
1395 3437 1488 3507 enim
1507 3433 1702 3506 Cardinalis
1721 3435 1946 3526 Rotomegen·

404 3553 454 3625 sis
482 3555 625 3646 paribus
653 3555 745 3627 votis
775 3576 890 3627 secum
920 3561 1156 3643 concurrerat)
1185 3561 1239 3628 est
1267 3555 1425 3646 adeptus.
1455 3553 1518 3626 Vir
1536 3575 1664 3646 parvae
1692 3559 1866 3642 staturae,
1894 3555 1947 3626 sed

403 3674 498 3746 acuti
512 3676 543 3763 ⁴)
572 3675 720 3768 ingenii,
750 3677 786 3746 in
815 3677 1008 3747 Almannos
1036 3697 1247 3767 propensum
1266 3677 1419 3747 favorem
1437 3695 1576 3768 gerens,
1606 3674 1643 3746 in
1661 3675 1816 3747 Polonos
1835 3695 1947 3765 parnn

403 3795 594 3886 propitium
624 3794 684 3886 qui
712 3796 748 3866 in
776 3795 1021 3868 cardinalatus
1040 3796 1213 3889 dignitate
1232 3795 1444 3882 consistens,
1470 3795 1552 3867 stilo
1573 3816 1651 3882 suo,
1673 3815 1742 3885 que
1761 3795 1945 3886 plurimun

404 3915 533 4002 valuit,
568 3937 691 4007 corpus
725 3915 893 3988 historiae
927 3916 1135 3989 Bohemioae
1162 3919 1368 4004 contexens,
1403 3916 1543 4008 singula
1569 3914 1723 4008 gloriosa
1751 3921 1788 3987 et
1816 3913 1945 3987 heroica

402 4035 445 4108 de
471 4035 615 4108 Polonis
643 4036 679 4108 in
708 4037 851 4108 Cronica
879 4037 1110 4109 Bohemorum
1139 4040 1276 4123 notata,
1311 4036 1452 4108 silentio
1480 4035 1633 4108 absolvit
1649 4035 1691 4124 ⁵),
1721 4035 1947 4127 ignominiosa

403 4175 485 4228 reru
513 4162 548 4229 et
574 4177 684 4248 genus
712 4156 916 4228 Polonioum
932 4158 963 4245 6)
992 4157 1249 4244 dedecorantis,
1279 4157 1361 4248 plus
1389 4155 1482 4228 iusto
1511 4155 1653 4228 extulit.
1683 4155 1749 4227 Vir
1773 4157 1944 4246 eloquens,

403 4281 520 4349 orator
546 4283 581 4350 et
608 4283 710 4368 poeta
737 4277 931 4349 laureatus:
962 4277 1077 4368 quiin
1097 4277 1251 4349 Concilio
1280 4276 1488 4363 Basiliensi,
1517 4275 1678 4367 privatus
1697 4275 1893 4348 consistens
1907 4275 1943 4360 ἶ),

403 4377 568 4469 abblico
596 4395 767 4488 quinmss)
795 4397 831 4467 in
856 4398 1079 4469 secretarium
1099 4403 1318 4488 assumptus,
1348 4396 1458 4469 edidit
1480 4397 1682 4468 Tractatum
1710 4395 1753 4468 de
1778 4399 1944 4487 potestate

405 4517 555 4588 (lencilii
575 4522 609 4589 et
628 4515 819 4604 Ecclesiae,
841 4517 1051 4590 concludens
1071 4517 1274 4589 fortissimis
1293 4515 1506 4604 rationibus,
1536 4515 1730 4588 Concilium
1752 4537 1830 4588 esse
1850 4533 1944 4606 supra

404 4636 551 4728 Papam:
586 4658 688 4728 quern
720 4645 842 4728 postea
874 4639 986 4709 factus
1014 4639 1111 4728 Papa
1137 4636 1357 4724 retractavit,
1391 4638 1602 4710 stulterum
1634 4636 1676 4709 de
1704 4635 1943 4727 superioritatr

403 4753 519 4949 Pange
556 4757 676 4830 edidit.
711 4757 821 4848 Caput
858 4758 951 4830 beati
987 4759 1147 4831 Andreae
1186 4759 1365 4849 Apostoli,
1404 4762 1590 4848 postquam
1626 4754 1941 4846 Constantinopolis

402 4900 445 4949 a
471 4898 631 4950 ursorum
660 4879 805 4950 Caesare
834 4879 1051 4951 blachumeto
1079 4883 1181 4969 capta
1210 4882 1278 4966 est,
1308 4878 1345 4949 in
1365 4877 1495 4950 Urbem
1524 4899 1587 4949 sna
1615 4897 1718 4968 opera
1737 4875 1880 4962 intulit;
1905 4873 1942 4944 cd

402 4998 518 5090 ipsum
546 5019 683 5091 quoque
711 4999 901 5070 'lurcorum
929 4998 1109 5072 Caesarem
1137 4998 1350 5086 blachumet,
1379 4997 1536 5070 invitans
1563 4996 1666 5070 illnm
1689 4997 1733 5068 ad
1752 4995 1835 5070 fidei
1861 4993 1941 5067 chri·

512 5288 534 5367 ¹)
558 5291 718 5366 Georgium
740 5287 803 5351 Ed.
828 5286 918 5371 ceps.
943 5288 969 5360 Ω)
993 5291 1071 5350 beati
1098 5285 1158 5350 Ed.
1183 5287 1276 5370 Lips.
1300 5287 1326 5367 ³)
1349 5288 1587 5349 Picolhominens
1609 5284 1672 5349 Ed.
1696 5284 1789 5370 Lapa.
1810 5283 1941 5365 ‘lmagni

401 5387 482 5456 Coa.
506 5391 614 5454 Przea.
639 5389 664 5472 ⁵)
689 5393 886 5470 praetermisit
908 5388 970 5451 Ed.
995 5389 1086 5472 Lips.
1112 5389 1140 5468 6)
1163 5391 1339 5452 Polonorum
1363 5383 1425 5453 Ed.
1447 5387 1539 5474 Lips.
1565 5389 1590 5469 7)
1614 5393 1743 5452 existens
1769 5387 1833 5452 Ed.
1862 5387 1941 5471 Lips.

404 5496 593 5577 ⁸)aF'elics
616 5495 719 5573 quinto
742 5497 825 5572 Papa
845 5491 910 5556 Ed.
933 5491 1025 5577 Lips.
