4264 6280
428 577 475 650 18
863 537 866 543 ⁵
933 598 1046 651 urana
1072 597 1316 674 nuonncnrue
1345 579 1459 670 (xrrr).
1691 573 1756 674 (Α.
1777 573 1968 673 111448.)

426 783 662 871 memorando,
692 782 798 855 etiam
826 782 867 855 de
895 783 970 854 vita
997 787 1032 854 et
1059 783 1215 854 moribus
1243 785 1277 854 et
1304 781 1500 853 actionibus
1529 803 1645 853 corum
1668 782 1770 872 plura
1789 780 1969 868 disseruit,

426 902 751 993 comparationeque
778 903 921 974 illorum
949 901 993 973 ad
1020 901 1170 974 invicem
1191 903 1297 989 facta,
1327 901 1544 973 Fridericum
1563 901 1798 972 Marchionom
1817 900 1970 971 Brande·

425 1022 650 1112 burgensem,
679 1027 714 1092 et
740 1027 884 1112 propter
910 1020 1147 1112 prudentiam,
1178 1042 1267 1112 quae
1294 1021 1331 1092 in
1355 1041 1394 1092 eo
1414 1020 1519 1092 etiam
1539 1021 1575 1093 in
1595 1020 1697 1090 anuis
1717 1019 1972 1092 adolescentiae

425 1141 618 1228 relucebat,
648 1147 682 1213 et
710 1162 798 1232 quae
826 1141 966 1213 tandem
995 1161 1158 1212 successu
1187 1140 1353 1230 temporis
1373 1145 1476 1211 aucta
1495 1145 1529 1212 et
1548 1140 1761 1230 amplificata
1789 1145 1861 1226 eet,
1891 1144 1927 1210 et
1945 1140 1971 1228 1)

426 1267 569 1350 propter
599 1259 758 1331 Polonici
790 1259 969 1330 idiomatis
1002 1259 1181 1350 peritiam,
1219 1259 1530 1349 Dominiorumqus
1563 1280 1703 1331 suorum
1742 1257 1972 1346 vicinitatem,

427 1379 575 1451 caeteris
602 1378 812 1469 reprobatis,
842 1378 1004 1468 eligebat.
1034 1379 1137 1450 Hunc
1156 1377 1329 1469 Sbigneue
1349 1378 1589 1450 cracoviensis
1610 1379 1809 1469 epiecopus,
1838 1377 1901 1468 qui
1921 1398 1972 1449 ee-

429 1499 539 1570 eundo
568 1499 642 1569 loco
672 1497 882 1569 sententiam
910 1496 1030 1584 dabat,
1065 1501 1222 1585 succine,
1257 1497 1428 1569 nominem
1457 1519 1566 1588 aeque
1593 1498 1734 1584 utilem,
1763 1517 1873 1586 aeque
1901 1495 1973 1567 ido-

428 1641 531 1691 neum
555 1619 598 1689 ad
616 1609 771 1709 regimen
798 1617 913 1707 Regni
940 1617 1123 1705 Poloniae,
1147 1599 1257 1707 xquarn
1275 1619 1471 1707 praefatum
1490 1617 1725 1700 Marchionem
1744 1615 1974 1702 Pridericum,

428 1737 607 1810 disseruit.
635 1737 744 1808 Illum
773 1736 934 1808 omnibus
962 1737 1187 1827 Principibus
1219 1736 1428 1807 Almanniae
1460 1737 1735 1827 prudentiorem,
1764 1735 1867 1806 illum
1895 1753 1974 1805 con-

428 1858 615 1944 tinentem,
645 1856 747 1926 illum
775 1856 987 1943 modestum,
1020 1856 1123 1926 illum
1156 1855 1269 1947 Regni
1297 1855 1462 1928 Poloniae
1490 1857 1688 1942 alumnum,
1723 1853 1795 1939 cui,
1823 1852 1976 1942 propriis

428 1975 653 2065 Principibus
681 1975 868 2065 neglectis,
897 1997 958 2064 per
985 1975 1118 2065 priscos
1147 1974 1383 2062 consiliarios,
1412 1997 1482 2045 una
1510 1996 1589 2045 cum
1616 1974 1691 2049 filia
1716 1973 1799 2043 olim
1819 1971 1974 2043 Wladis-

428 2097 477 2166 lai
492 2095 522 2182 2)
542 2093 648 2185 Regis
669 2093 841 2184 Hedvigi,
870 2093 1081 2184 repromissa
1100 2097 1174 2164 erat
1193 2093 1307 2183 Regni
1326 2093 1518 2178 succesei03
1546 2093 1647 2163 illum
1668 2093 1742 2164 eius
1759 2091 1790 2180 3)
1818 2093 1977 2162 futurum

429 2215 467 2286 in
495 2212 679 2299 aedificiis,
708 2212 745 2283 in
773 2213 944 2285 locatione
971 2213 1127 2301 urbium,
1157 2213 1194 2284 in
1221 2217 1385 2303 portuum
1413 2213 1536 2300 maris,
1565 2217 1600 2285 et
1627 2219 1798 2284 terrarum
1825 2211 1978 2283 Ruseiae

432 2339 467 2406 ot
493 2333 658 2405 Podoliae
686 2331 886 2422 provisione
914 2333 1200 2418 instauratorem;
1227 2332 1331 2402 illum
1358 2331 1395 2402 in
1422 2332 1535 2424 Regni
1560 2331 1759 2403 defensione
1778 2337 1898 2402 contra
1917 2331 1977 2401 ho-

432 2458 503 2525 stes
532 2452 723 2543 quoslibet,
753 2456 788 2522 et
816 2453 997 2543 signanter
1025 2456 1144 2524 contra
1163 2452 1293 2522 Ducem
1312 2451 1523 2522 Lithuaniae
1542 2450 1777 2537 Karimirum,
1798 2449 1829 2521 si
1848 2449 1979 2522 hostile

432 2573 516 2666 quid
544 2571 742 2658 moliretur,
771 2573 870 2643 velut
898 2593 992 2659 eum,
1022 2571 1077 2642 cui
1105 2570 1274 2662 Magister
1301 2576 1336 2642 et
1365 2569 1454 2642 Ordo
1483 2570 1735 2642 cruciferorum
1763 2570 1806 2641 de
1832 2567 1979 2640 Prussia

432 2713 553 2782 parere
581 2695 615 2762 et
643 2693 758 2762 tavers
786 2691 978 2781 multiplici
1004 2696 1165 2780 respectu
1193 2695 1389 2781 cogeretur,
1420 2694 1601 2761 strenuum
1634 2695 1669 2761 et
1696 2689 1891 2760 animosum
1922 2687 1978 2759 ds-

433 2814 619 2899 tonsorem3
648 2811 815 2882 illumin
843 2810 1059 2900 procuranda
1090 2831 1174 2900 pace
1202 2814 1237 2880 et
1264 2809 1498 2897 ordinatione,
1533 2830 1571 2880 ac
1604 2808 1729 2900 politia
1761 2807 1875 2899 Regni
1904 2812 1978 2878 etu-

433 2932 568 3002 diosum
588 2933 623 3000 et
641 2929 819 3000 solicitum
846 2929 1060 3020 provisorem
1106 2929 1300 3000 disserebat
1319 2930 1391 3000 tore
1406 2929 1449 3016 ⁴¹).
1479 2929 1675 3000 Advenisse
1694 2948 1832 3019 quoque
1859 2927 1980 2999 divina

436 3050 702 3142 propitiatione,
723 3050 917 3136 astruebat,
951 3055 1105 3139 tempus,
1135 3069 1202 3138 quo
1222 3048 1382 3140 Regnum
1411 3048 1593 3136 Poloniae,
1626 3048 1748 3120 multis
1776 3047 1879 3119 malis
1909 3067 1979 3117 mo·

433 3172 549 3256 ribus,
587 3169 887 3259 oppressionibus
925 3169 1016 3238 malo
1045 3168 1179 3254 ordine,
1216 3168 1327 3258 peiori
1353 3167 1494 3258 politia,
1532 3168 1703 3259 angariis,
1741 3167 1981 3256 servituteque

435 3289 700 3376 Podvodarum,
721 3288 951 3378 pluribusque
970 3288 1050 3358 aliis
1067 3287 1234 3359 abusibus
1248 3287 1433 3374 iactatum,
1453 3287 1703 3378 gubernatione
1721 3286 1859 3377 providi
1877 3286 1979 3358 Prin-

435 3409 541 3499 cipis,
575 3409 659 3479 haec
693 3407 808 3478 omnia
841 3407 1053 3492 execrantie,
1087 3407 1131 3477 ad
1159 3407 1292 3498 frugem
1324 3406 1536 3497 multiplicis
1569 3407 1702 3478 decoris
1736 3405 1980 3497 consurget5),

436 3533 720 3618 caeterorumque
748 3527 999 3598 catholicorum
1027 3527 1226 3617 Regnorum
1255 3535 1289 3598 et
1317 3531 1487 3598 terrarum
1512 3526 1719 3616 aequabitur
1733 3526 1764 3615 6)
1792 3524 1981 3617 splendori.

437 3648 533 3720 Scire
561 3669 597 3719 se
625 3649 784 3736 Regnum
814 3647 1017 3732 Bohemiao,
1048 3646 1215 3736 quamdiu
1242 3667 1304 3736 per
1330 3647 1488 3737 proprios
1508 3651 1543 3717 et
1560 3646 1739 3718 naturales
1758 3645 1981 3716 administra·

436 3769 540 3838 batur
567 3766 764 3857 Principes
794 3770 898 3836 tenue
926 3770 960 3836 ot
988 3765 1139 3836 deforme
1172 3764 1352 3852 extitisse,
1387 3766 1447 3836 sed
1476 3787 1519 3836 er
1546 3787 1653 3856 parvo
1682 3770 1717 3837 ot
1744 3763 1893 3856 ignobili
1921 3784 1981 3834 no·

436 3887 616 3959 bilitatum
643 3906 705 3976 per
731 3886 925 3955 Almaunoe
959 3884 1156 3975 Principes,
1190 3885 1227 3955 in
1256 3885 1331 3955 siue
1358 3885 1513 3976 regimen
1545 3906 1588 3957 ex
1616 3885 1851 3975 Luczemborg
1867 3883 1896 3972 ⁷)
1927 3903 1980 3955 ao·

437 4005 597 4091 censitos,
618 4005 742 4091 fuisse,
763 4005 991 4095 Regnumque
1006 4005 1173 4075 Poloniae
1200 4005 1331 4094 optimo
1356 4005 1476 4076 ordine
1494 4004 1767 4090 nobilitandum,
1789 4008 1823 4074 et
1837 4003 1983 4093 Imperii

439 4124 587 4200 Romani
613 4124 849 4215 gubernacula
876 4123 912 4194 in
940 4124 1031 4194 illud
1059 4124 1298 4196 transferenda
1326 4126 1412 4212 tore,
1443 4125 1474 4196 si
1501 4125 1719 4196 Pridericum
1747 4123 1983 4194 Marchionom

437 4266 499 4336 pro
527 4245 621 4334 Rege
650 4243 891 4333 assumpserit.
922 4243 989 4314 Sed
1018 4248 1053 4314 et
1080 4244 1192 4334 pacis,
1222 4243 1381 4316 iustitiae
1409 4249 1442 4316 et
1469 4244 1551 4315 boni
1580 4243 1728 4331 ordinis,
1759 4243 1984 4332 omniumque

438 4366 606 4435 bonarum
634 4363 777 4450 artium,
808 4364 934 4454 quibus
963 4366 1123 4455 Regnum
1151 4363 1358 4436 instituetur
1377 4369 1411 4435 et
1428 4364 1648 4454 regulabitur
1661 4363 1705 4451 ⁸),
1735 4363 1984 4435 abundantiam

439 4505 500 4574 per
527 4505 605 4554 eum
637 4489 895 4573 proventuram.
930 4485 1006 4555 Duo
1038 4483 1204 4574 posthaec
1236 4483 1391 4574 episcopi
1424 4483 1640 4556 Wladislaus
1674 4482 1983 4556 Wladislavieusie

440 4609 474 4675 et
501 4603 658 4674 Andreas
686 4603 934 4674 Posnaniensis
963 4608 1045 4674 vota
1073 4603 1261 4691 furrdendo,
1292 4603 1528 4674 cneenensem
1556 4612 1591 4675 et
1610 4604 1871 4676 cracoviensem
1899 4623 1983 4693 pou-

440 4723 552 4794 tificee
581 4723 696 4793 secuti
724 4728 821 4810 suut,
852 4728 886 4793 et
914 4730 1054 4814 propter
1073 4723 1264 4812 probitates
1283 4743 1344 4812 per
1363 4722 1553 4814 Sbigneum
1572 4724 1833 4796 cracoviensem
1853 4723 1983 4813 epieco-

441 4865 524 4934 pum
552 4841 733 4930 deductas,
767 4841 984 4914 Pridericum
1017 4842 1297 4930 Marchionom9)
1330 4842 1417 4914 solio
1450 4843 1546 4934 regio
1579 4844 1824 4936 dignissimum
1852 4843 1983 4914 iudica·

551 5149 573 5228 ¹)
596 5154 657 5209 tum
680 5146 741 5210 Ed.
767 5147 855 5230 Lr'ps.
881 5147 905 5227 ²)
928 5150 997 5208 olim
1019 5149 1176 5208 Wladislai
1199 5146 1283 5210 deest
1305 5147 1342 5210 ia
1366 5145 1441 5212 Coti.
1468 5143 1555 5210 Calo.
1580 5147 1606 5226 ³)
1623 5150 1704 5208 illum
1720 5150 1797 5208 enim
1815 5146 1878 5210 Ed.
1895 5146 1985 5231 Lips.

444 5251 470 5330 4)
493 5254 564 5313 tore.
588 5249 673 5312 dccet
694 5251 731 5312 ia
756 5246 830 5313 cod.
856 5246 944 5313 Calo.
970 5247 996 5334 ⁵)
1021 5257 1211 5327 consurgeret
1233 5249 1295 5313 Ea.
1319 5248 1410 5333 Lips.
1434 5249 1461 5329 ⁶)
1484 5257 1661 5326 aequaretur
1681 5249 1745 5311 Ed.
1768 5249 1859 5333 Lapa.
1885 5251 1912 5330 7)
1929 5253 1985 5310 Lu-

443 5358 573 5430 cenborg
594 5351 657 5414 Ed.
682 5352 771 5435 Lips.
796 5354 822 5433 8)
846 5357 1048 5414 institueretur
1070 5359 1099 5414 et
1120 5357 1304 5430 regularetur
1325 5352 1388 5414 Ed.
1412 5351 1503 5436 Lips.
1532 5350 1558 5436 9)
1581 5355 1780 5414 Marchionem
1802 5355 1985 5416 Brandebur-

443 5477 564 5536 genscm
585 5453 649 5517 Ed.
672 5455 762 5539 Lips.
