4126 6280
24 573 30 589 '
104 567 165 670 (Α.
185 568 230 644 D.
250 564 377 668 1456.)
611 589 724 646 menn
750 592 995 650 nuonncruus
1023 573 1137 669 (aru).
1574 573 1650 650 225

102 799 178 872 pere
206 800 241 852 se
269 781 421 852 castrum
450 800 512 871 pro
540 779 643 852 libito
663 781 914 869 meditabatnr;
942 805 1003 875 per
1023 785 1221 876 ingressum
1240 789 1356 858 autem
1377 808 1545 858 novarum
1564 809 1647 879 gen-

101 903 203 989 tium,
231 921 251 972 a
279 922 339 992 spe
368 900 547 988 decidens,
577 901 850 994 universumque
878 904 1071 976 exereitum
1099 905 1135 976 iu
1164 911 1297 978 turmas
1326 907 1504 994 dividens,
1539 928 1648 998 expu-

100 1022 254 1113 gnationi
280 1022 380 1096 illius
408 1021 444 1094 in
473 1044 564 1113 aqua
591 1026 626 1094 et
653 1027 746 1094 terra
776 1023 980 1110 fortissime,
1002 1025 1078 1098 sine
1096 1026 1171 1096 ulla
1189 1047 1300 1117 pansa
1324 1033 1386 1098 aut
1413 1027 1550 1119 requie,
1577 1032 1649 1100 tam

101 1143 154 1216 die
181 1165 284 1234 quam
311 1147 413 1216 nocte
441 1143 644 1231 insistebat,
664 1147 836 1216 recentem
857 1144 959 1216 fessis
980 1149 1014 1217 ot
1033 1145 1275 1219 laborantibus
1296 1147 1545 1220 submittendo.
1574 1147 1648 1220 Nee

100 1265 227 1338 minore
254 1265 291 1336 vi
318 1286 339 1338 a
366 1264 541 1336 militibus
568 1285 630 1355 per
656 1267 791 1355 patrem
820 1264 1063 1355 Capistranum
1097 1265 1325 1356 introductis,
1359 1265 1648 1361 impugnantibus
1707 1319 1710 1324 .

99 1385 326 1458 resistebatur
352 1385 490 1472 Turcis,
520 1385 621 1473 adeo,
650 1391 690 1456 ut
719 1406 838 1458 eorum
865 1389 1000 1458 turmas
1028 1387 1189 1458 certatim
1218 1388 1261 1458 ad
1289 1394 1441 1460 castrum
1469 1411 1530 1480 per
1559 1390 1646 1460 fora-

99 1506 191 1578 mina
226 1506 396 1580 arietibus
428 1505 694 1578 bombardorum
730 1506 920 1596 patefacta,
957 1505 1147 1595 irruentes,
1185 1507 1278 1580 trina
1312 1509 1386 1580 vice
1419 1531 1525 1600 supra
1553 1509 1646 1582 vlres

98 1633 238 1719 agentes
266 1627 460 1720 negotium,
490 1632 525 1700 et
551 1631 653 1699 nocte
672 1631 777 1718 atque
797 1627 949 1698 interdiu
969 1649 1105 1700 summa
1129 1629 1350 1701 contentione
1369 1635 1566 1722 pugnantes
1586 1651 1646 1702 ex-

97 1748 277 1838 pellerent.
315 1747 434 1820 Iertia
465 1753 581 1820 autem
614 1747 891 1840 impugnationis
932 1748 1002 1835 die,
1042 1770 1131 1840 quae
1158 1749 1194 1820 in
1222 1751 1352 1822 festum
1381 1750 1501 1822 Sancti
1528 1751 1650 1824 Iacobi

97 1869 259 1959 Apostoli
287 1868 450 1953 cadebat,
479 1868 602 1940 Turcis
630 1867 894 1960 impugnatione
922 1869 1030 1941 castri
1058 1870 1252 1960 occupatis,
1283 1876 1317 1943 et
1340 1892 1458 1963 pugna
1476 1872 1569 1944 inter
1588 1872 1646 1943 ob·

97 1989 249 2063 sidentes
278 1994 313 2062 et
340 1991 500 2063 obsessos
529 1991 684 2062 fervente
712 1990 848 2061 duobus
876 1990 1016 2078 diebus,
1038 1990 1253 2082 totidemque
1272 1992 1451 2080 noctibus,
1472 1993 1564 2065 circa
1582 1993 1646 2064 im-

95 2111 344 2203 pugnationem
376 2109 483 2183 castri
511 2110 812 2199 constantissime,
851 2111 961 2182 'lurco
996 2111 1099 2184 fessis
1131 2133 1240 2183 novos
1268 2117 1303 2184 et
1329 2117 1485 2186 recentes
1514 2112 1645 2184 substi-

95 2236 232 2320 tuente,
263 2237 433 2305 certatum
461 2235 526 2304 est.
556 2231 715 2323 Utroque
743 2232 862 2322 itaque
892 2231 1048 2304 exercitu
1076 2231 1258 2304 certamini
1285 2232 1488 2321 insistente,
1519 2233 1579 2304 diu
1609 2233 1644 2304 in

94 2352 149 2424 die
184 2353 308 2426 beatae
336 2351 467 2424 Mariae
495 2352 721 2444 Magdalenao
748 2373 875 2444 anceps
903 2353 1076 2444 praelium
1111 2353 1189 2424 fuit.
1223 2352 1327 2424 'Iunci
1355 2353 1527 2444 etquidem
1555 2355 1644 2424 mul·

95 2472 248 2546 titudine
276 2473 479 2561 vincebant3
512 2473 725 2546 catholicum
753 2494 834 2545 vero
863 2473 1055 2546 exercitum
1084 2473 1275 2546 necessitas
1304 2477 1339 2545 et
1366 2473 1557 2545 difficultas
1585 2494 1645 2546 ex·

95 2598 220 2682 trema,
249 2615 365 2667 rerum
393 2593 547 2666 omnium
580 2593 861 2666 efficacissimum
895 2595 1156 2683 duramentum,
1190 2595 1251 2666 sed
1282 2601 1363 2667 ante
1391 2593 1507 2666 omnia
1533 2594 1645 2686 patris

93 2715 262 2786 Iohannis
294 2716 337 2787 de
365 2714 569 2806 Capistrano
603 2721 638 2787 et
666 2736 807 2786 suorum
842 2716 987 2787 fratrum
1021 2715 1299 2803 exhortationes,
1334 2715 1376 2785 ad
1409 2714 1644 2786 resistendum

93 2836 215 2908 Tureis
245 2836 457 2908 animabant.
486 2837 684 2908 decurrens
712 2841 827 2909 eutem
848 2837 875 2923 ¹)
903 2843 1003 2927 pater
1034 2837 1210 2908 lohannes
1243 2836 1487 2926 Capistranus,
1522 2840 1645 2926 spect

92 2951 270 3047 triumphi
292 2961 327 3028 et
354 2955 514 3047 martyrii
542 2955 721 3046 potiundi,
751 2955 794 3026 ad
821 2956 1055 3047 pugnantium
1083 2977 1228 3044 cuneos,
1258 2961 1292 3028 et
1320 2956 1502 3028 victorIam
1522 2955 1643 3027 certis·

93 3076 217 3148 simam
246 3077 287 3149 de
315 3077 410 3150 coelo
438 3077 703 3169 repromittens,
733 3076 892 3168 singulos
922 3098 1078 3169 quosque
1097 3077 1291 3165 animabat,
1316 3077 1442 3150 docens
1461 3075 1644 3148 victoriam

92 3219 159 3268 non
188 3197 226 3270 in
254 3197 500 3286 multitudine,
529 3219 591 3271 nec
618 3197 656 3269 in
682 3197 913 3289 planmornm
941 3199 1103 3271 manibus
1132 3219 1223 3287 esse,
1254 3198 1314 3270 sed
1352 3219 1448 3289 spem
1466 3203 1511 3270 ,t
1538 3199 1642 3270 eonfi-

92 3317 246 3390 dentiam
275 3317 406 3390 Christi
434 3319 589 3390 militum
616 3320 818 3411 praevalere
847 3324 1005 3410 oportere
1032 3323 1152 3390 contra
1182 3319 1291 3390 totius
1318 3319 1491 3391 barbarici
1512 3318 1642 3390 exerui·
1693 3300 1696 3306 ¹

92 3443 148 3510 tus
187 3439 434 3530 quantitatem.
472 3439 616 3530 Quoties
654 3446 771 3512 autem
804 3445 903 3530 pater
936 3440 1163 3532 Capistranus
1201 3439 1413 3511 catholicum
1450 3439 1643 3512 exercitum

91 3581 111 3632 a
138 3559 369 3632 multitudiue
397 3561 585 3632 Turcorum
614 3560 725 3651 premi
753 3565 788 3632 et
815 3560 909 3632 vinci
937 3561 1094 3648 videbat,
1124 3560 1229 3632 toties
1249 3561 1424 3632 altissima
1444 3581 1543 3648 voce,
1565 3581 1642 3631 cum

91 3681 240 3752 fratrum
269 3702 412 3752 suorum
440 3685 595 3770 caterva,
623 3681 794 3773 porrectis
822 3681 858 3752 in
887 3683 1022 3754 coelum
1051 3682 1228 3771 manibuS,
1262 3681 1482 3754 vociferando
1515 3682 1642 3756 clama-

90 3801 165 3873 bat:
195 3801 317 3874 Iesus!
356 3801 402 3872 Et
429 3801 566 3893 quoties
594 3823 719 3876 nomen
747 3802 849 3874 Iesus
877 3803 1027 3874 elanrore
1050 3803 1226 3875 exercitus
1258 3803 1370 3894 repeti
1406 3802 1641 3895 contingebat,

89 3922 196 3994 toties
225 3923 416 3994 Turcornm
444 3923 620 3996 exercitus
648 3923 816 4013 cadendo,
846 3925 945 3996 velut
973 3923 1148 3996 exercitus
1176 3924 1361 4012 Amalech,
1391 3929 1426 3996 et
1453 3920 1643 4011 cedebat2)

89 4049 123 4116 et
151 4044 413 4117 succumbebat.
442 4043 575 4116 Tantus
604 4044 696 4117 enim
725 4051 853 4116 tremor
885 4049 920 4115 et
948 4045 1093 4116 formido
1122 4045 1314 4118 exercitum
1339 4046 1543 4132 lurcorum,
1579 4065 1640 4115 an·

89 4165 163 4236 dito
193 4164 334 4237 nomine
361 4165 487 4251 Iesus,
507 4165 711 4254 invadebat,
740 4172 781 4236 nt
809 4167 908 4238 vehit
935 4165 1096 4254 attoniti,
1124 4187 1242 4258 pugna
1260 4165 1407 4238 remissa
1427 4171 1462 4238 et
1481 4165 1642 4237 manibus

89 4285 275 4377 collapsis,
314 4306 350 4358 se
378 4285 551 4358 exercitui
583 4287 754 4359 catholico
788 4285 898 4359 libere
925 4293 960 4358 et
988 4286 1063 4359 sine
1091 4287 1238 4378 aliquali
1269 4287 1471 4360 resistentia
1498 4286 1641 4360 caeden-

89 4406 150 4478 dos
178 4406 398 4498 praeberent.
426 4405 574 4479 Interim
602 4411 637 4480 et
663 4407 777 4480 miuor
804 4408 994 4480 Turoorum
1022 4405 1127 4495 Dur,
1160 4427 1222 4498 per
1248 4407 1473 4479 bombardam
1505 4428 1640 4494 caesae,

90 4527 208 4600 subito
238 4527 450 4620 exspiravit,
487 4527 525 4599 in
554 4549 621 4619 qno
650 4528 764 4600 omnis
797 4529 958 4600 machina
994 4527 1263 4607 administrandi
1295 4528 1380 4601 belli
1414 4527 1639 4600 consistebat.

89 4649 163 4738 Quo
193 4647 353 4722 effectum
380 4653 449 4735 est,
477 4653 517 4720 ut
545 4648 648 4720 'lurei
677 4655 832 4722 extrema
859 4649 1100 4741 desperatione
1128 4649 1285 4736 adducti,
1315 4649 1462 4720 victoria
1485 4647 1639 4722 Catholi-

89 4769 139 4840 cis
169 4768 315 4856 tradita,
344 4769 381 4841 in
409 4769 526 4860 urgan
554 4790 633 4841 cnm
653 4791 716 4842 suo
735 4770 950 4861 Imperatore
978 4775 1213 4854 verterentur,
1243 4775 1278 4842 et
1305 4769 1461 4841 tumidus
1488 4769 1551 4841 ille
1570 4768 1639 4840 Im-

88 4897 230 4981 perator
257 4891 462 4978 Turcorum,
491 4890 741 4982 insuperabilis
761 4897 863 4962 antea
886 4891 1041 4964 creditus
1060 4897 1094 4964 et
1113 4897 1225 4964 terror
1251 4891 1410 4982 gentium
1429 4891 1639 4982 appellatus,

88 5011 163 5083 acie
193 5011 308 5084 victos
336 5016 371 5083 et
399 5010 525 5082 castris
553 5017 681 5083 exutus
711 5017 775 5083 est.
806 5011 940 5103 Quibus
968 5011 1201 5104 fugientibuer,
1231 5018 1266 5084 ot
1285 5015 1395 5099 metu,
1425 5011 1486 5101 qui
1505 5009 1639 5101 fugien-

19 5195 24 5206 .
88 5131 186 5204 tibus
215 5132 329 5204 inesse
357 5131 463 5219 solet,
484 5131 674 5223 perculsis,
700 5133 876 5204 exereitus
896 5132 1174 5205 Oh1·Istianorum
1194 5132 1269 5204 illis
1288 5132 1437 5220 institit,
1458 5135 1492 5203 et
1511 5129 1641 5222 viginti
1669 5150 1670 5154 ¹

89 5257 242 5342 quatuor
268 5251 381 5324 millia
408 5257 443 5322 et
470 5251 506 5322 in
533 5253 666 5343 praelio
695 5261 730 5324 et
757 5253 793 5324 in
822 5255 904 5345 fuga
931 5253 973 5324 de
1001 5254 1157 5326 exercitu
1185 5275 1303 5325 eorum
1323 5252 1482 5345 peremit.
1514 5253 1639 5322 'lurco-

200 5511 222 5590 ¹)
246 5512 323 5572 enim
344 5508 408 5571 Ed.
432 5508 523 5593 La'pa
548 5509 573 5588 Ω)
598 5511 723 5572 cadebat
745 5509 807 5573 Ed.
832 5509 921 5592 Lipe.

116 5663 140 5704 J.
158 5663 253 5713 Dlugoa.
267 5663 354 5704 litator.
368 5663 447 5704 Polou.
461 5661 487 5703 Τ.
501 5663 528 5704 V.
