4082 6284
113 550 176 649 (Α.
195 547 240 623 D.
261 544 387 646 1459.)
622 573 735 626 nnana
761 573 1006 627 nnonncmrus
1034 557 1149 646 (xum).
1583 557 1658 630 293

111 757 281 830 sincerum
315 757 384 832 sibi
412 779 618 852 responsum
655 760 837 851 edidisse),
878 759 1058 835 (tirnikcni
1078 762 1117 852 ¹),
1156 762 1296 836 civitati
1333 785 1416 837 suae
1447 763 1645 838 imminenti

110 876 346 952 resistentiam
373 881 555 972 parabant.

109 1237 143 1307 ln
165 1235 381 1308 conuentione
403 1236 652 1326 lpotruoctcuri
675 1235 855 1309 Kcuimlrus
876 1237 947 1310 llcx
969 1239 1149 1312 olobouuc
1171 1241 1401 1331 llitlvpcncli
1423 1242 1489 1314 ucri
1512 1243 1659 1316 oratione

109 1356 148 1428 dc
168 1356 281 1428 multis
303 1357 464 1448 unguitur;
487 1357 596 1448 ilique
618 1358 659 1430 dc
681 1359 778 1430 robus
798 1358 1002 1432 lrutlumlcis
1023 1361 1063 1431 tlt
1086 1362 1300 1448 consultatio,
1324 1365 1360 1434 ct
1382 1363 1580 1452 stipendium
1601 1364 1658 1435 ml·

160 1478 212 1550 liti
236 1495 279 1550 cx
300 1478 478 1551 indictione
501 1497 563 1550 ccx
585 1497 768 1569 gccccrun
790 1481 944 1568 uoluitur,
968 1483 1068 1572 atquc
1090 1483 1221 1570 legetur
1244 1482 1286 1553 od
1307 1482 1425 1573 lopun
1446 1483 1600 1556 mittitur.

210 1726 276 1800 Dic
303 1726 426 1800 Sancti
456 1726 591 1822 Rgidii,
626 1729 687 1820 qui
715 1727 752 1801 in
772 1728 963 1803 Sabbatum
991 1729 1150 1820 cadebat,
1184 1729 1408 1821 adveniente,
1443 1753 1522 1804 cnm
1549 1731 1657 1804 Kasi-

108 1847 217 1920 mirus
253 1848 331 1921 Rex
346 1846 378 1937 ²)
414 1852 450 1921 et
485 1849 648 1942 frequens
680 1849 923 1924 Praelatorum
955 1856 990 1924 et
1016 1851 1185 1923 baronum
1218 1851 1384 1926 Polcniae
1417 1873 1581 1926 numerus
1620 1853 1657 1924 in

107 1969 292 2060 Pyctrkcw
311 1968 527 2058 advenisset,
548 1970 828 2045 Crotoniensium
848 1976 1019 2045 terrarum
1038 1972 1171 2058 nuntii,
1192 1993 1341 2064 quorum
1358 1973 1533 2046 Iohannes
1551 1971 1656 2046 Rith·

109 2089 262 2182 upenslni
281 2090 486 2182 capitaneus
505 2091 815 2181 Sandomiriensis,
848 2092 1023 2166 Iohannes
1056 2092 1283 2166 Tharnowski
1311 2097 1347 2165 et
1365 2094 1540 2166 Iohannes
1568 2093 1655 2166 Mel*-

107 2211 278 2299 stlrinski,
306 2210 422 2304 capita
441 2216 477 2286 et
494 2211 673 2308 principes
706 2218 821 2302 erant,
855 2234 934 2287 cum
966 2214 1010 2286 ad
1036 2212 1272 2308 propinquum
1304 2213 1564 2303 constitissent,
1597 2235 1656 2287 ne·

40 2398 44 2408 ,
106 2336 235 2424 garuni
263 2352 300 2404 se
328 2333 443 2406 locum
471 2334 546 2406 sine
569 2333 678 2426 Regis
698 2338 732 2406 et
751 2333 1033 2408 consiliariorum
1061 2334 1251 2408 saturitate
1278 2333 1484 2406 intraturos.
1513 2333 1654 2407 (lurion-

106 2474 160 2526 ses
176 2450 208 2543 3)
237 2452 329 2526 enim
348 2457 383 2526 et
401 2453 591 2528 familiares
618 2455 722 2548 regii,
751 2460 787 2528 et
813 2455 973 2548 plerique
1000 2456 1163 2545 barones,
1193 2455 1235 2528 de
1262 2455 1390 2547 quibus
1416 2455 1493 2529 Rex
1513 2455 1655 2543 fidebat,

105 2573 200 2666 regio
230 2573 330 2646 iussu
357 2573 557 2664 constricti,
596 2575 632 2648 in
666 2575 772 2647 armis
809 2581 924 2664 erant,
963 2579 998 2649 et
1029 2575 1066 2648 in
1099 2576 1328 2670 frequentiori
1365 2597 1469 2669 quam
1500 2597 1656 2668 unquam

98 2681 244 2788 ¹agmine
270 2694 357 2767 illuc
380 2699 628 2769 conuenerant:
658 2695 808 2769 iniectus
837 2696 930 2770 enim
958 2702 1032 2770 erat
1055 2696 1236 2770 Kauimirc
1256 2697 1345 2792 Regi
1365 2697 1568 2790 scrupulus,
1597 2696 1656 2769 de·

94 2815 328 2888 stitutionem
360 2837 476 2905 suam,
509 2817 609 2889 velut
641 2837 747 2908 prave
775 2817 935 2910 Regnum
963 2817 1260 2907 administrantis,
1293 2819 1482 2891 nonnullos
1509 2817 1657 2892 barones

105 2935 235 3009 moliri.
263 2937 315 3008 Rc
341 2957 413 3025 res,
442 2957 520 3010 curn
550 2941 586 3011 et
612 2936 752 3010 insoliti
778 2942 813 3011 et
840 2937 1028 3030 perniciosi
1057 2943 1151 3012 esset
1178 2937 1349 3031 exempli,
1378 2960 1447 3011 non
1467 2937 1543 3012 sine
1562 2959 1656 3011 ama-

103 3057 261 3131 ritndine
288 3066 323 3130 et
350 3057 547 3132 irritatione
574 3058 786 3147 animorum,
814 3063 855 3131 ut
883 3060 1031 3149 malum,
1061 3059 1153 3152 quod
1181 3059 1357 3151 serpebat,
1391 3058 1543 3133 rescindi
1574 3081 1655 3152 pos·

105 3183 174 3264 set,
204 3177 359 3251 admissa
386 3182 457 3267 cet,
486 3185 521 3252 et
546 3179 664 3252 nuntii
692 3179 974 3252 cracoviensium
1001 3185 1191 3271 terrarum,
1224 3180 1332 3253 armis
1359 3184 1395 3253 et
1422 3179 1492 3273 ipsi
1520 3179 1655 3268 vestiti,

104 3298 314 3388 adveniunt,
344 3299 444 3392 quasi
472 3319 644 3389 cerneres,
673 3300 981 3374 condomesticus
1010 3302 1135 3376 fratres
1164 3305 1200 3376 et
1227 3301 1374 3390 amicos,
1404 3301 1466 3375 sed
1483 3302 1603 3375 hostes
1622 3305 1658 3374 et

104 3421 276 3506 forenses,
305 3420 520 3493 conuenisse.
549 3421 660 3514 Rege,
689 3421 901 3494 consiliariis
917 3421 948 3512 4)
976 3427 1011 3494 at
1029 3443 1155 3516 magna
1178 3421 1407 3496 multitudine
1431 3423 1547 3495 lecum
1575 3442 1655 3494 con·

104 3539 178 3613 silii
207 3540 393 3633 ingressis,
423 3542 597 3614 Iohannes
625 3541 869 3634 Rithwpenslri
896 3542 1100 3635 capitaneus
1130 3542 1441 3631 sandomiriensis,
1469 3543 1507 3614 in
1535 3543 1657 3634 lingna

105 3665 139 3734 et
166 3659 283 3737 animo
310 3665 509 3754 promptus,
547 3683 617 3734 nou
647 3683 710 3754 pro
743 3663 1033 3736 cracoviensibuc
1071 3663 1310 3737 tantummodo
1347 3663 1468 3756 terris,
1506 3663 1567 3737 sed
1594 3683 1656 3754 pro

103 3781 270 3854 universo
297 3782 434 3875 Regno,
464 3782 501 3855 in
528 3784 621 3856 huno
648 3782 788 3855 modum
807 3784 986 3858 disseruit.
1015 3783 1183 3878 Indigna,
1211 3783 1345 3876 inquit,
1383 3803 1475 3873 sors,
1506 3783 1655 3857 serenis·

104 3901 193 3975 sime
222 3903 315 3991 Rex,
348 3907 384 3975 et
410 3903 546 3976 notoria
578 3903 777 3993 calamitas,
811 3904 848 3976 in
882 3925 985 3997 quam
1018 3909 1053 3978 to
1082 3903 1227 3978 feriente
1259 3904 1416 3997 prolapsi
1448 3925 1585 3993 snmus,
1622 3909 1657 3978 et

104 4023 174 4097 nisi
202 4022 407 4115 propitiatio
434 4024 555 4096 divina
581 4045 691 4118 genus
711 4029 870 4098 nostrum
888 4025 1099 4118 inspexerit,
1129 4027 1303 4118 usquead
1322 4024 1505 4098 interitum
1524 4029 1655 4118 otper-

104 4143 233 4230 niciam
259 4143 459 4234 prolapsuri
487 4165 624 4232 sumus,
658 4167 721 4218 nos
748 4145 910 4238 impulit,
942 4151 983 4218 ut
1015 4152 1233 4238 praesentem
1267 4151 1477 4219 conventum
1512 4145 1570 4238 agi
1597 4147 1655 4218 de-

104 4284 345 4356 posceremus,
378 4264 597 4356 publicorum
629 4287 746 4339 rerum
770 4271 859 4362 ate,
889 4267 1031 4359 tuisque
1063 4266 1275 4341 consiliariis
1308 4266 1589 4340 reformationem
1622 4271 1657 4339 at

104 4384 385 4458 stabilimentum
413 4384 571 4476 petituri.
605 4386 672 4478 Qui
699 4387 783 4460 licet
815 4407 918 4480 aegre
950 4407 1137 4466 concessus
1170 4386 1291 4477 fuerit,
1325 4391 1512 4480 antequam
1539 4392 1656 4459 tamen

103 4505 323 4592 conveniret,
352 4509 465 4578 terrae
492 4505 708 4579 chelmansis
736 4506 887 4596 nobiles,
918 4507 1166 4601 Sigismundus
1195 4509 1237 4582 de
1260 4507 1454 4600 Lathicnyn
1478 4511 1513 4581 et
1531 4507 1655 4600 Wyrn·

103 4627 237 4719 bpanta
251 4624 282 4716 5)
319 4625 362 4698 de
395 4625 625 4716 Schennicua,
659 4627 720 4720 qui
753 4631 788 4700 ot
819 4627 889 4719 ipsi
920 4628 1103 4702 nobiscum
1134 4650 1275 4701 causam
1306 4633 1432 4720 agunt,
1464 4649 1527 4721 per
1558 4649 1655 4721 prae·

104 4747 236 4820 fectum
263 4752 364 4818 tunm
391 4747 582 4820 Iohannem
614 4749 854 4840 Kurcpathwa
886 4748 1012 4822 violati
1044 4753 1079 4823 et
1111 4748 1319 4842 captivitate
1357 4753 1463 4841 atque
1499 4747 1654 4821 vulneri·

104 4867 171 4940 bus
200 4867 316 4940 affecti
350 4872 443 4939 sunt.
478 4868 898 4958 salatratatus,
934 4870 995 4960 qui
1027 4891 1168 4943 causam
1196 4870 1389 4963 publicam,
1418 4866 1593 4943 Praelatio
1621 4873 1657 4943 ct

105 4987 296 5060 baronibus
329 4987 653 5078 dissimulantibus,
687 4988 840 5082 egimus,
874 5011 999 5062 exosos
1027 4994 1062 5064 et
1088 4990 1223 5064 invisos
1255 4991 1379 5078 habes,
1412 4995 1493 5063 tuos
1521 5009 1657 5081 semper

105 5109 266 5200 appellas
293 5109 431 5181 hostes:
466 5107 566 5181 cuius
593 5109 644 5183 rei
670 5109 802 5203 gratia,
836 5113 971 5183 tantam
1005 5111 1139 5203 copiam
1166 5111 1348 5184 hominum
1375 5110 1413 5183 in
1439 5109 1547 5183 armis
1575 5131 1655 5183 con-

215 5383 239 5465 ¹)
263 5385 392 5462 Georgic
414 5381 476 5447 Ed.
504 5382 597 5469 [Αἶρε.
628 5383 821 5476 ¹)Pclcniae
843 5351 907 5446 Rex
929 5381 993 5446 Ed.
1018 5381 1112 5466 Lapa.
1141 5382 1167 5462 8)
1190 5369 1374 5447 turicella.
1398 5382 1491 5466 Dipo.
1523 5379 1549 5463 ⁸)
1573 5384 1658 5462 Rege

108 5495 208 5551 autem
231 5490 390 5569 animirc,
420 5489 656 5566 consiliariisque
677 5485 742 5550 Ed.
766 5485 857 5571 Lipc.
882 5485 908 5568 ⁵)
930 5487 1154 5590 Wyerabyqtha
1172 5481 1239 5552 da.
1256 5485 1346 5572 Lc‘pc.
1385 5521 1388 5544 -,
