<?xml version="1.0" encoding="UTF-8"?>
<!DOCTYPE html PUBLIC "-//W3C//DTD XHTML 1.0 Transitional//EN"
    "http://www.w3.org/TR/xhtml1/DTD/xhtml1-transitional.dtd">
<html xmlns="http://www.w3.org/1999/xhtml" xml:lang="en" lang="en">
 <head>
  <title>
</title>
<meta http-equiv="Content-Type" content="text/html;charset=utf-8" />
  <meta name='ocr-system' content='tesseract 3.04.00' />
  <meta name='ocr-capabilities' content='ocr_page ocr_carea ocr_par ocr_line ocrx_word'/>
</head>
<body>
  <div class='ocr_page' id='page_1' title='image "./operaomnia06paulgoog_0666.png"; bbox 0 0 4090 6290; ppageno 0'>
   <div class='ocr_carea' id='block_1_1' title="bbox 892 559 1936 666">
    <p class='ocr_par' dir='ltr' id='par_1_1' title="bbox 892 559 1936 666">
     <span class='ocr_line' id='line_1_1' title="bbox 892 559 1936 666; baseline 0.01 -32"><span class='ocrx_word' id='word_1_1' title='bbox 892 577 1004 636; x_wconf 77' lang='lat' dir='ltr'><strong>omna</strong></span> <span class='ocrx_word' id='word_1_2' title='bbox 1030 579 1275 638; x_wconf 85' lang='lat' dir='ltr'><strong>nuonacouua</strong></span> <span class='ocrx_word' id='word_1_3' title='bbox 1303 563 1418 656; x_wconf 82' lang='lat' dir='ltr'><strong>(xor).</strong></span> <span class='ocrx_word' id='word_1_4' title='bbox 1654 559 1726 666; x_wconf 69' lang='lat' dir='ltr'><strong>(A</strong></span> <span class='ocrx_word' id='word_1_5' title='bbox 1744 559 1791 640; x_wconf 85' lang='grc' dir='ltr'><strong>Ι).</strong></span> <span class='ocrx_word' id='word_1_6' title='bbox 1810 561 1936 662; x_wconf 78' lang='grc'>1477.)</span> 
     </span>
    </p>
   </div>
   <div class='ocr_carea' id='block_1_2' title="bbox 829 1002 1517 1132">
    <p class='ocr_par' dir='ltr' id='par_1_2' title="bbox 829 1002 1517 1132">
     <span class='ocr_line' id='line_1_2' title="bbox 829 1002 1517 1132; baseline 0.012 -15"><span class='ocrx_word' id='word_1_7' title='bbox 829 1002 1042 1118; x_wconf 79' lang='lat' dir='ltr'><strong>ANNUS</strong></span> <span class='ocrx_word' id='word_1_8' title='bbox 1078 1003 1309 1119; x_wconf 86' lang='lat' dir='ltr'><strong>DOMINI</strong></span> <span class='ocrx_word' id='word_1_9' title='bbox 1344 1002 1517 1132; x_wconf 80' lang='lat'>1477.·</span> 
     </span>
    </p>
   </div>
   <div class='ocr_carea' id='block_1_3' title="bbox 382 1229 2043 1372">
    <p class='ocr_par' dir='ltr' id='par_1_3' title="bbox 382 1229 2043 1372">
     <span class='ocr_line' id='line_1_3' title="bbox 382 1229 2043 1372; baseline 0.005 -50"><span class='ocrx_word' id='word_1_10' title='bbox 382 1247 561 1322; x_wconf 81' lang='lat' dir='ltr'><strong>llaatnirus</strong></span> <span class='ocrx_word' id='word_1_11' title='bbox 583 1247 652 1320; x_wconf 86' lang='lat' dir='ltr'><strong>ltax</strong></span> <span class='ocrx_word' id='word_1_12' title='bbox 674 1245 823 1320; x_wconf 81' lang='lat' dir='ltr'><strong>lelontaa</strong></span> <span class='ocrx_word' id='word_1_13' title='bbox 847 1263 889 1320; x_wconf 87' lang='lat' dir='ltr'><strong>ax</strong></span> <span class='ocrx_word' id='word_1_14' title='bbox 911 1247 1084 1322; x_wconf 76' lang='lat' dir='ltr'><strong>litterata</strong></span> <span class='ocrx_word' id='word_1_15' title='bbox 1106 1247 1147 1322; x_wconf 89' lang='lat' dir='ltr'><strong>ad</strong></span> <span class='ocrx_word' id='word_1_16' title='bbox 1170 1249 1420 1324; x_wconf 78' lang='lat' dir='ltr'><strong>consentionem</strong></span> <span class='ocrx_word' id='word_1_17' title='bbox 1443 1251 1626 1342; x_wconf 68' lang='lat' dir='ltr'><strong>generatos</strong></span> <span class='ocrx_word' id='word_1_18' title='bbox 1641 1229 1934 1344; x_wconf 55' lang='lat' dir='ltr'><strong>clamosum</strong></span> <span class='ocrx_word' id='word_1_19' title='bbox 2042 1313 2043 1372; x_wconf 67' lang='lat'><strong>,</strong></span> 
     </span>
    </p>
   </div>
   <div class='ocr_carea' id='block_1_4' title="bbox 537 1368 1770 1465">
    <p class='ocr_par' dir='ltr' id='par_1_4' title="bbox 537 1368 1770 1465">
     <span class='ocr_line' id='line_1_4' title="bbox 537 1368 1770 1465; baseline 0.008 -22"><span class='ocrx_word' id='word_1_20' title='bbox 537 1369 698 1462; x_wconf 83' lang='lat' dir='ltr'><strong>precedit,</strong></span> <span class='ocrx_word' id='word_1_21' title='bbox 721 1369 762 1444; x_wconf 85' lang='lat' dir='ltr'><strong>da</strong></span> <span class='ocrx_word' id='word_1_22' title='bbox 784 1369 869 1444; x_wconf 86' lang='lat' dir='ltr'><strong>bollo</strong></span> <span class='ocrx_word' id='word_1_23' title='bbox 892 1368 1032 1443; x_wconf 75' lang='lat' dir='ltr'><strong>latitas</strong></span> <span class='ocrx_word' id='word_1_24' title='bbox 1055 1368 1133 1464; x_wconf 77' lang='lat' dir='ltr'><strong>haga·</strong></span> <span class='ocrx_word' id='word_1_25' title='bbox 1155 1370 1337 1465; x_wconf 78' lang='lat' dir='ltr'><strong>brugarias</strong></span> <span class='ocrx_word' id='word_1_26' title='bbox 1357 1371 1527 1454; x_wconf 78' lang='lat' dir='ltr'><strong>inferendo</strong></span> <span class='ocrx_word' id='word_1_27' title='bbox 1549 1375 1770 1452; x_wconf 75' lang='lat' dir='ltr'><strong>mnamtarua</strong></span> 
     </span>
    </p>
   </div>
   <div class='ocr_carea' id='block_1_5' title="bbox 377 1618 1940 2930">
    <p class='ocr_par' dir='ltr' id='par_1_5' title="bbox 377 1618 1940 2930">
     <span class='ocr_line' id='line_1_5' title="bbox 487 1618 1939 1714; baseline 0.002 -20"><span class='ocrx_word' id='word_1_28' title='bbox 487 1618 606 1694; x_wconf 90' lang='lat' dir='ltr'><strong>Huius</strong></span> <span class='ocrx_word' id='word_1_29' title='bbox 634 1619 717 1694; x_wconf 91' lang='lat' dir='ltr'><strong>anni</strong></span> <span class='ocrx_word' id='word_1_30' title='bbox 743 1619 907 1696; x_wconf 79' lang='lat' dir='ltr'><strong>Natalem</strong></span> <span class='ocrx_word' id='word_1_31' title='bbox 934 1618 1075 1694; x_wconf 86' lang='lat' dir='ltr'><strong>Domini</strong></span> <span class='ocrx_word' id='word_1_32' title='bbox 1107 1618 1217 1711; x_wconf 92' lang='lat' dir='ltr'><strong>diem,</strong></span> <span class='ocrx_word' id='word_1_33' title='bbox 1250 1620 1312 1714; x_wconf 90' lang='lat' dir='ltr'><strong>qui</strong></span> <span class='ocrx_word' id='word_1_34' title='bbox 1339 1619 1376 1695; x_wconf 94' lang='lat' dir='ltr'><strong>in</strong></span> <span class='ocrx_word' id='word_1_35' title='bbox 1396 1619 1486 1702; x_wconf 88' lang='lat' dir='ltr'><strong>diem</strong></span> <span class='ocrx_word' id='word_1_36' title='bbox 1513 1621 1678 1698; x_wconf 85' lang='lat' dir='ltr'><strong>Mercurii</strong></span> <span class='ocrx_word' id='word_1_37' title='bbox 1705 1622 1874 1714; x_wconf 86' lang='lat' dir='ltr'><strong>cadebat,</strong></span> <span class='ocrx_word' id='word_1_38' title='bbox 1902 1627 1939 1698; x_wconf 90' lang='lat' dir='ltr'><strong>et</strong></span> 
     </span>
     <span class='ocr_line' id='line_1_6' title="bbox 382 1741 1937 1839; baseline 0.002 -23"><span class='ocrx_word' id='word_1_39' title='bbox 382 1747 584 1835; x_wconf 88' lang='lat' dir='ltr'><strong>sequentes,</strong></span> <span class='ocrx_word' id='word_1_40' title='bbox 622 1741 824 1816; x_wconf 86' lang='lat' dir='ltr'><strong>Kanimirus</strong></span> <span class='ocrx_word' id='word_1_41' title='bbox 860 1741 1026 1816; x_wconf 88' lang='lat' dir='ltr'><strong>Polonioe</strong></span> <span class='ocrx_word' id='word_1_42' title='bbox 1060 1742 1139 1818; x_wconf 89' lang='lat' dir='ltr'><strong>Rex</strong></span> <span class='ocrx_word' id='word_1_43' title='bbox 1170 1743 1264 1836; x_wconf 91' lang='lat' dir='ltr'><strong>apud</strong></span> <span class='ocrx_word' id='word_1_44' title='bbox 1296 1741 1437 1818; x_wconf 86' lang='lat' dir='ltr'><strong>Vilnam</strong></span> <span class='ocrx_word' id='word_1_45' title='bbox 1468 1765 1547 1824; x_wconf 89' lang='lat' dir='ltr'><strong>oum</strong></span> <span class='ocrx_word' id='word_1_46' title='bbox 1574 1743 1759 1820; x_wconf 70' lang='lat' dir='ltr'><strong>Elisabeth</strong></span> <span class='ocrx_word' id='word_1_47' title='bbox 1793 1744 1937 1839; x_wconf 85' lang='lat' dir='ltr'><strong>Regina</strong></span> 
     </span>
     <span class='ocr_line' id='line_1_7' title="bbox 381 1863 1940 1962; baseline 0.001 -24"><span class='ocrx_word' id='word_1_48' title='bbox 381 1869 521 1940; x_wconf 89' lang='lat' dir='ltr'><strong>etcum</strong></span> <span class='ocrx_word' id='word_1_49' title='bbox 550 1865 685 1940; x_wconf 88' lang='lat' dir='ltr'><strong>duobos</strong></span> <span class='ocrx_word' id='word_1_50' title='bbox 712 1863 813 1954; x_wconf 86' lang='lat' dir='ltr'><strong>tiliis,</strong></span> <span class='ocrx_word' id='word_1_51' title='bbox 841 1863 1021 1938; x_wconf 79' lang='lat' dir='ltr'><strong>Karimiro</strong></span> <span class='ocrx_word' id='word_1_52' title='bbox 1049 1867 1085 1937; x_wconf 91' lang='lat' dir='ltr'><strong>et</strong></span> <span class='ocrx_word' id='word_1_53' title='bbox 1111 1864 1274 1956; x_wconf 87' lang='lat' dir='ltr'><strong>Alherto,</strong></span> <span class='ocrx_word' id='word_1_54' title='bbox 1304 1869 1442 1958; x_wconf 91' lang='lat' dir='ltr'><strong>tempus</strong></span> <span class='ocrx_word' id='word_1_55' title='bbox 1469 1886 1607 1962; x_wconf 86' lang='lat' dir='ltr'><strong>quoque</strong></span> <span class='ocrx_word' id='word_1_56' title='bbox 1634 1865 1876 1962; x_wconf 74' lang='lat' dir='ltr'><strong>carnisprivii</strong></span> <span class='ocrx_word' id='word_1_57' title='bbox 1904 1873 1940 1940; x_wconf 88' lang='lat' dir='ltr'><strong>ot</strong></span> 
     </span>
     <span class='ocr_line' id='line_1_8' title="bbox 381 1984 1939 2081; baseline 0.002 -24"><span class='ocrx_word' id='word_1_58' title='bbox 381 1984 456 2060; x_wconf 91' lang='lat' dir='ltr'><strong>dios</strong></span> <span class='ocrx_word' id='word_1_59' title='bbox 480 1985 771 2081; x_wconf 80' lang='lat' dir='ltr'><strong>Quadragosimae</strong></span> <span class='ocrx_word' id='word_1_60' title='bbox 790 1986 817 2076; x_wconf 72' lang='grc'><strong>1)</strong></span> <span class='ocrx_word' id='word_1_61' title='bbox 844 1985 882 2058; x_wconf 92' lang='lat' dir='ltr'><strong>in</strong></span> <span class='ocrx_word' id='word_1_62' title='bbox 901 1984 1030 2060; x_wconf 82' lang='lat' dir='ltr'><strong>Trolrlri</strong></span> <span class='ocrx_word' id='word_1_63' title='bbox 1057 1985 1187 2078; x_wconf 79' lang='lat' dir='ltr'><strong>exegit.</strong></span> <span class='ocrx_word' id='word_1_64' title='bbox 1216 1986 1408 2081; x_wconf 88' lang='lat' dir='ltr'><strong>Legationo</strong></span> <span class='ocrx_word' id='word_1_65' title='bbox 1435 1991 1553 2064; x_wconf 87' lang='lat' dir='ltr'><strong>autern</strong></span> <span class='ocrx_word' id='word_1_66' title='bbox 1579 1986 1752 2062; x_wconf 80' lang='lat' dir='ltr'><strong>Friderioi</strong></span> <span class='ocrx_word' id='word_1_67' title='bbox 1770 1986 1939 2062; x_wconf 69' lang='lat' dir='ltr'><strong>Caesada</strong></span> 
     </span>
     <span class='ocr_line' id='line_1_9' title="bbox 381 2103 1938 2201; baseline 0.001 -19"><span class='ocrx_word' id='word_1_68' title='bbox 381 2106 616 2182; x_wconf 87' lang='lat' dir='ltr'><strong>Romanorum</strong></span> <span class='ocrx_word' id='word_1_69' title='bbox 643 2127 706 2201; x_wconf 90' lang='lat' dir='ltr'><strong>per</strong></span> <span class='ocrx_word' id='word_1_70' title='bbox 731 2107 946 2200; x_wconf 89' lang='lat' dir='ltr'><strong>Raphaelom</strong></span> <span class='ocrx_word' id='word_1_71' title='bbox 974 2106 1179 2181; x_wconf 87' lang='lat' dir='ltr'><strong>Lescainslri</strong></span> <span class='ocrx_word' id='word_1_72' title='bbox 1200 2103 1365 2198; x_wconf 88' lang='lat' dir='ltr'><strong>militem,</strong></span> <span class='ocrx_word' id='word_1_73' title='bbox 1391 2111 1426 2183; x_wconf 90' lang='lat' dir='ltr'><strong>et</strong></span> <span class='ocrx_word' id='word_1_74' title='bbox 1444 2107 1633 2184; x_wconf 88' lang='lat' dir='ltr'><strong>Wladislai</strong></span> <span class='ocrx_word' id='word_1_75' title='bbox 1651 2109 1847 2184; x_wconf 88' lang='lat' dir='ltr'><strong>Bohamiaa</strong></span> <span class='ocrx_word' id='word_1_76' title='bbox 1868 2109 1938 2184; x_wconf 82' lang='lat' dir='ltr'><strong>Rc·</strong></span> 
     </span>
     <span class='ocr_line' id='line_1_10' title="bbox 380 2227 1936 2326; baseline 0.002 -23"><span class='ocrx_word' id='word_1_77' title='bbox 380 2227 435 2322; x_wconf 89' lang='lat' dir='ltr'><strong>gis</strong></span> <span class='ocrx_word' id='word_1_78' title='bbox 462 2229 528 2304; x_wconf 91' lang='lat' dir='ltr'><strong>filii</strong></span> <span class='ocrx_word' id='word_1_79' title='bbox 556 2229 629 2319; x_wconf 90' lang='lat' dir='ltr'><strong>sui,</strong></span> <span class='ocrx_word' id='word_1_80' title='bbox 657 2233 698 2302; x_wconf 91' lang='lat' dir='ltr'><strong>ut</strong></span> <span class='ocrx_word' id='word_1_81' title='bbox 725 2233 846 2304; x_wconf 88' lang='lat' dir='ltr'><strong>contra</strong></span> <span class='ocrx_word' id='word_1_82' title='bbox 863 2227 1032 2302; x_wconf 88' lang='lat' dir='ltr'><strong>hlothiam</strong></span> <span class='ocrx_word' id='word_1_83' title='bbox 1051 2227 1254 2322; x_wconf 89' lang='lat' dir='ltr'><strong>Huugariae</strong></span> <span class='ocrx_word' id='word_1_84' title='bbox 1272 2231 1404 2323; x_wconf 80' lang='lat' dir='ltr'><strong>Regem</strong></span> <span class='ocrx_word' id='word_1_85' title='bbox 1423 2230 1667 2326; x_wconf 79' lang='lat' dir='ltr'><strong>tempestivius</strong></span> <span class='ocrx_word' id='word_1_86' title='bbox 1687 2237 1936 2324; x_wconf 88' lang='lat' dir='ltr'><strong>consurgeret,</strong></span> 
     </span>
     <span class='ocr_line' id='line_1_11' title="bbox 381 2349 1936 2444; baseline -0.001 -19"><span class='ocrx_word' id='word_1_87' title='bbox 381 2354 417 2426; x_wconf 93' lang='lat' dir='ltr'><strong>et</strong></span> <span class='ocrx_word' id='word_1_88' title='bbox 447 2350 688 2424; x_wconf 89' lang='lat' dir='ltr'><strong>communibus</strong></span> <span class='ocrx_word' id='word_1_89' title='bbox 721 2349 857 2424; x_wconf 82' lang='lat' dir='ltr'><strong>uiribus</strong></span> <span class='ocrx_word' id='word_1_90' title='bbox 889 2351 1056 2423; x_wconf 85' lang='lat' dir='ltr'><strong>adversus</strong></span> <span class='ocrx_word' id='word_1_91' title='bbox 1087 2349 1190 2423; x_wconf 93' lang='lat' dir='ltr'><strong>illum</strong></span> <span class='ocrx_word' id='word_1_92' title='bbox 1222 2355 1359 2444; x_wconf 77' lang='lat' dir='ltr'><strong>gereret</strong></span> <span class='ocrx_word' id='word_1_93' title='bbox 1390 2351 1539 2441; x_wconf 91' lang='lat' dir='ltr'><strong>bellum,</strong></span> <span class='ocrx_word' id='word_1_94' title='bbox 1576 2351 1777 2426; x_wconf 89' lang='lat' dir='ltr'><strong>rumoribus</strong></span> <span class='ocrx_word' id='word_1_95' title='bbox 1813 2351 1936 2439; x_wconf 90' lang='lat' dir='ltr'><strong>etiam,</strong></span> 
     </span>
     <span class='ocr_line' id='line_1_12' title="bbox 380 2471 1936 2567; baseline 0.001 -23"><span class='ocrx_word' id='word_1_96' title='bbox 380 2471 509 2566; x_wconf 87' lang='lat' dir='ltr'><strong>quibua</strong></span> <span class='ocrx_word' id='word_1_97' title='bbox 537 2471 739 2567; x_wconf 85' lang='lat' dir='ltr'><strong>Hungariae</strong></span> <span class='ocrx_word' id='word_1_98' title='bbox 766 2472 844 2546; x_wconf 86' lang='lat' dir='ltr'><strong>Rex</strong></span> <span class='ocrx_word' id='word_1_99' title='bbox 870 2471 1023 2546; x_wconf 75' lang='lat' dir='ltr'><strong>Matthias</strong></span> <span class='ocrx_word' id='word_1_100' title='bbox 1051 2471 1217 2546; x_wconf 89' lang='lat' dir='ltr'><strong>Poloniaa</strong></span> <span class='ocrx_word' id='word_1_101' title='bbox 1245 2473 1403 2567; x_wconf 87' lang='lat' dir='ltr'><strong>Regnum</strong></span> <span class='ocrx_word' id='word_1_102' title='bbox 1424 2473 1628 2562; x_wconf 85' lang='lat' dir='ltr'><strong>invasurus,</strong></span> <span class='ocrx_word' id='word_1_103' title='bbox 1656 2495 1727 2547; x_wconf 93' lang='lat' dir='ltr'><strong>non</strong></span> <span class='ocrx_word' id='word_1_104' title='bbox 1747 2473 1936 2567; x_wconf 83' lang='lat' dir='ltr'><strong>uulgarem</strong></span> 
     </span>
     <span class='ocr_line' id='line_1_13' title="bbox 379 2591 1935 2690; baseline 0.001 -22"><span class='ocrx_word' id='word_1_105' title='bbox 379 2592 687 2688; x_wconf 80' lang='lat' dir='ltr'><strong>stipendiariorum</strong></span> <span class='ocrx_word' id='word_1_106' title='bbox 715 2597 963 2690; x_wconf 71' lang='lat' dir='ltr'><strong>aggregaverat</strong></span> <span class='ocrx_word' id='word_1_107' title='bbox 982 2591 1019 2666; x_wconf 88' lang='lat' dir='ltr'><strong>in</strong></span> <span class='ocrx_word' id='word_1_108' title='bbox 1038 2591 1153 2668; x_wconf 85' lang='lat' dir='ltr'><strong>stosio</strong></span> <span class='ocrx_word' id='word_1_109' title='bbox 1176 2614 1331 2684; x_wconf 91' lang='lat' dir='ltr'><strong>manum,</strong></span> <span class='ocrx_word' id='word_1_110' title='bbox 1362 2593 1534 2687; x_wconf 81' lang='lat' dir='ltr'><strong>pereites,</strong></span> <span class='ocrx_word' id='word_1_111' title='bbox 1563 2615 1607 2670; x_wconf 89' lang='lat' dir='ltr'><strong>ex</strong></span> <span class='ocrx_word' id='word_1_112' title='bbox 1635 2593 1851 2683; x_wconf 87' lang='lat' dir='ltr'><strong>hithuania,</strong></span> <span class='ocrx_word' id='word_1_113' title='bbox 1882 2615 1935 2670; x_wconf 89' lang='lat' dir='ltr'><strong>re·</strong></span> 
     </span>
     <span class='ocr_line' id='line_1_14' title="bbox 377 2713 1936 2810; baseline -0.001 -19"><span class='ocrx_word' id='word_1_114' title='bbox 377 2715 443 2791; x_wconf 91' lang='lat' dir='ltr'><strong>bus</strong></span> <span class='ocrx_word' id='word_1_115' title='bbox 471 2714 548 2791; x_wconf 89' lang='lat' dir='ltr'><strong>illic</strong></span> <span class='ocrx_word' id='word_1_116' title='bbox 574 2720 752 2810; x_wconf 88' lang='lat' dir='ltr'><strong>utcunque</strong></span> <span class='ocrx_word' id='word_1_117' title='bbox 779 2714 999 2808; x_wconf 88' lang='lat' dir='ltr'><strong>compositis,</strong></span> <span class='ocrx_word' id='word_1_118' title='bbox 1029 2714 1126 2808; x_wconf 88' lang='lat' dir='ltr'><strong>prius</strong></span> <span class='ocrx_word' id='word_1_119' title='bbox 1146 2737 1251 2809; x_wconf 86' lang='lat' dir='ltr'><strong>quam</strong></span> <span class='ocrx_word' id='word_1_120' title='bbox 1275 2713 1389 2790; x_wconf 92' lang='lat' dir='ltr'><strong>animo</strong></span> <span class='ocrx_word' id='word_1_121' title='bbox 1417 2715 1671 2806; x_wconf 80' lang='lat' dir='ltr'><strong>destinaverat,</strong></span> <span class='ocrx_word' id='word_1_122' title='bbox 1700 2736 1869 2805; x_wconf 84' lang='lat' dir='ltr'><strong>movens,</strong></span> <span class='ocrx_word' id='word_1_123' title='bbox 1899 2715 1936 2790; x_wconf 92' lang='lat' dir='ltr'><strong>in</strong></span> 
     </span>
     <span class='ocr_line' id='line_1_15' title="bbox 379 2835 1932 2930; baseline -0.001 -18"><span class='ocrx_word' id='word_1_124' title='bbox 379 2836 526 2927; x_wconf 78' lang='lat' dir='ltr'><strong>bubliu,</strong></span> <span class='ocrx_word' id='word_1_125' title='bbox 559 2836 645 2912; x_wconf 83' lang='lat' dir='ltr'><strong>feria</strong></span> <span class='ocrx_word' id='word_1_126' title='bbox 677 2841 801 2930; x_wconf 87' lang='lat' dir='ltr'><strong>quarta</strong></span> <span class='ocrx_word' id='word_1_127' title='bbox 832 2840 913 2912; x_wconf 90' lang='lat' dir='ltr'><strong>ante</strong></span> <span class='ocrx_word' id='word_1_128' title='bbox 943 2837 1071 2910; x_wconf 86' lang='lat' dir='ltr'><strong>testum</strong></span> <span class='ocrx_word' id='word_1_129' title='bbox 1104 2836 1275 2926; x_wconf 82' lang='lat' dir='ltr'><strong>Paschae,</strong></span> <span class='ocrx_word' id='word_1_130' title='bbox 1308 2857 1397 2930; x_wconf 89' lang='lat' dir='ltr'><strong>quae</strong></span> <span class='ocrx_word' id='word_1_131' title='bbox 1430 2837 1498 2916; x_wconf 84' lang='lat' dir='ltr'><strong>tuit</strong></span> <span class='ocrx_word' id='word_1_132' title='bbox 1534 2837 1686 2913; x_wconf 89' lang='lat' dir='ltr'><strong>secunda</strong></span> <span class='ocrx_word' id='word_1_133' title='bbox 1726 2835 1872 2930; x_wconf 83' lang='lat' dir='ltr'><strong>Aprilis</strong></span> <span class='ocrx_word' id='word_1_134' title='bbox 1887 2835 1932 2928; x_wconf 87' lang='lat'><strong>²),</strong></span> 
     </span>
    </p>
   </div>
   <div class='ocr_carea' id='block_1_6' title="bbox 283 2953 2006 3173">
    <p class='ocr_par' dir='ltr' id='par_1_6' title="bbox 283 2953 2006 3173">
     <span class='ocr_line' id='line_1_16' title="bbox 378 2953 2006 3056; baseline 0.001 -24"><span class='ocrx_word' id='word_1_135' title='bbox 378 2957 493 3050; x_wconf 87' lang='lat' dir='ltr'><strong>venit,</strong></span> <span class='ocrx_word' id='word_1_136' title='bbox 526 2961 561 3034; x_wconf 92' lang='lat' dir='ltr'><strong>et</strong></span> <span class='ocrx_word' id='word_1_137' title='bbox 591 2959 728 3033; x_wconf 86' lang='lat' dir='ltr'><strong>Pascha</strong></span> <span class='ocrx_word' id='word_1_138' title='bbox 759 2957 900 3032; x_wconf 86' lang='lat' dir='ltr'><strong>Domini</strong></span> <span class='ocrx_word' id='word_1_139' title='bbox 931 2957 1008 3032; x_wconf 93' lang='lat' dir='ltr'><strong>illic</strong></span> <span class='ocrx_word' id='word_1_140' title='bbox 1039 2955 1271 3050; x_wconf 62' lang='lat' dir='ltr'><strong>celebratae),</strong></span> <span class='ocrx_word' id='word_1_141' title='bbox 1304 2959 1445 3034; x_wconf 90' lang='lat' dir='ltr'><strong>tandem</strong></span> <span class='ocrx_word' id='word_1_142' title='bbox 1476 2963 1557 3056; x_wconf 89' lang='lat' dir='ltr'><strong>post</strong></span> <span class='ocrx_word' id='word_1_143' title='bbox 1582 2958 1659 3034; x_wconf 92' lang='lat' dir='ltr'><strong>dies</strong></span> <span class='ocrx_word' id='word_1_144' title='bbox 1687 2967 1766 3033; x_wconf 89' lang='lat' dir='ltr'><strong>octo</strong></span> <span class='ocrx_word' id='word_1_145' title='bbox 1800 2957 1932 3033; x_wconf 89' lang='lat' dir='ltr'><strong>exiude</strong></span> <span class='ocrx_word' id='word_1_146' title='bbox 1997 2953 2006 2974; x_wconf 75' lang='lat'><em>⁶</em></span> 
     </span>
     <span class='ocr_line' id='line_1_17' title="bbox 283 3079 1938 3173; baseline 0 -19"><span class='ocrx_word' id='word_1_147' title='bbox 283 3133 294 3154; x_wconf 81' lang='grc'><strong><em>,</em></strong></span> <span class='ocrx_word' id='word_1_148' title='bbox 378 3079 558 3169; x_wconf 87' lang='lat' dir='ltr'><strong>recedens,</strong></span> <span class='ocrx_word' id='word_1_149' title='bbox 586 3079 623 3154; x_wconf 93' lang='lat' dir='ltr'><strong>in</strong></span> <span class='ocrx_word' id='word_1_150' title='bbox 650 3080 898 3173; x_wconf 80' lang='lat' dir='ltr'><strong>Pyotrlroaiam</strong></span> <span class='ocrx_word' id='word_1_151' title='bbox 925 3084 1006 3173; x_wconf 90' lang='lat' dir='ltr'><strong>post</strong></span> <span class='ocrx_word' id='word_1_152' title='bbox 1033 3079 1250 3154; x_wconf 81' lang='lat' dir='ltr'><strong>Conductum</strong></span> <span class='ocrx_word' id='word_1_153' title='bbox 1277 3079 1449 3169; x_wconf 79' lang='lat' dir='ltr'><strong>Paschae,</strong></span> <span class='ocrx_word' id='word_1_154' title='bbox 1483 3079 1672 3156; x_wconf 89' lang='lat' dir='ltr'><strong>tredecima</strong></span> <span class='ocrx_word' id='word_1_155' title='bbox 1699 3079 1842 3173; x_wconf 81' lang='lat' dir='ltr'><strong>Aprilis</strong></span> <span class='ocrx_word' id='word_1_156' title='bbox 1870 3081 1938 3154; x_wconf 86' lang='lat' dir='ltr'><strong>ad·-</strong></span> 
     </span>
    </p>
   </div>
   <div class='ocr_carea' id='block_1_7' title="bbox 377 3199 1931 3417">
    <p class='ocr_par' dir='ltr' id='par_1_7' title="bbox 377 3199 1931 3417">
     <span class='ocr_line' id='line_1_18' title="bbox 378 3199 1931 3296; baseline -0.001 -22"><span class='ocrx_word' id='word_1_157' title='bbox 378 3199 496 3276; x_wconf 85' lang='lat' dir='ltr'><strong>venit:</strong></span> <span class='ocrx_word' id='word_1_158' title='bbox 532 3202 730 3295; x_wconf 87' lang='lat' dir='ltr'><strong>generalem</strong></span> <span class='ocrx_word' id='word_1_159' title='bbox 765 3201 917 3278; x_wconf 87' lang='lat' dir='ltr'><strong>diaetam</strong></span> <span class='ocrx_word' id='word_1_160' title='bbox 953 3201 1014 3276; x_wconf 88' lang='lat' dir='ltr'><strong>diu</strong></span> <span class='ocrx_word' id='word_1_161' title='bbox 1049 3200 1217 3276; x_wconf 88' lang='lat' dir='ltr'><strong>indictam</strong></span> <span class='ocrx_word' id='word_1_162' title='bbox 1252 3201 1512 3292; x_wconf 87' lang='lat' dir='ltr'><strong>celebraturus,</strong></span> <span class='ocrx_word' id='word_1_163' title='bbox 1556 3205 1592 3278; x_wconf 89' lang='lat' dir='ltr'><strong>et</strong></span> <span class='ocrx_word' id='word_1_164' title='bbox 1628 3203 1734 3277; x_wconf 87' lang='lat' dir='ltr'><strong>rebus</strong></span> <span class='ocrx_word' id='word_1_165' title='bbox 1773 3200 1931 3296; x_wconf 85' lang='lat' dir='ltr'><strong>pnhhcis</strong></span> 
     </span>
     <span class='ocr_line' id='line_1_19' title="bbox 377 3343 596 3417; baseline 0.009 -21"><span class='ocrx_word' id='word_1_166' title='bbox 377 3343 596 3417; x_wconf 83' lang='lat' dir='ltr'><strong>prorosurus.</strong></span> 
     </span>
    </p>
   </div>
   <div class='ocr_carea' id='block_1_8' title="bbox 717 3679 1575 3771">
    <p class='ocr_par' dir='ltr' id='par_1_8' title="bbox 717 3679 1575 3771">
     <span class='ocr_line' id='line_1_20' title="bbox 717 3679 1575 3771; baseline 0.001 -18"><span class='ocrx_word' id='word_1_167' title='bbox 717 3679 886 3771; x_wconf 77' lang='lat' dir='ltr'><strong>drogonus</strong></span> <span class='ocrx_word' id='word_1_168' title='bbox 909 3679 1169 3771; x_wconf 81' lang='lat' dir='ltr'><strong>uculaptacopaa</strong></span> <span class='ocrx_word' id='word_1_169' title='bbox 1191 3681 1409 3771; x_wconf 81' lang='lat' dir='ltr'><strong>toopeltanaio</strong></span> <span class='ocrx_word' id='word_1_170' title='bbox 1431 3681 1575 3756; x_wconf 76' lang='lat' dir='ltr'><strong>noritur.</strong></span> 
     </span>
    </p>
   </div>
   <div class='ocr_carea' id='block_1_9' title="bbox 375 3927 1929 4146">
    <p class='ocr_par' dir='ltr' id='par_1_9' title="bbox 375 3927 1929 4146">
     <span class='ocr_line' id='line_1_21' title="bbox 479 3927 1929 4024; baseline 0 -22"><span class='ocrx_word' id='word_1_171' title='bbox 479 3928 654 4005; x_wconf 84' lang='lat' dir='ltr'><strong>Vicesima</strong></span> <span class='ocrx_word' id='word_1_172' title='bbox 672 3951 762 4002; x_wconf 90' lang='lat' dir='ltr'><strong>nona</strong></span> <span class='ocrx_word' id='word_1_173' title='bbox 781 3928 938 4004; x_wconf 88' lang='lat' dir='ltr'><strong>Ianuarii</strong></span> <span class='ocrx_word' id='word_1_174' title='bbox 952 3929 995 4019; x_wconf 85' lang='lat'><strong>⁴),</strong></span> <span class='ocrx_word' id='word_1_175' title='bbox 1024 3929 1214 4023; x_wconf 83' lang='lat' dir='ltr'><strong>Gregorius</strong></span> <span class='ocrx_word' id='word_1_176' title='bbox 1230 3927 1261 4019; x_wconf 78' lang='grc'><strong>5)</strong></span> <span class='ocrx_word' id='word_1_177' title='bbox 1284 3928 1526 4024; x_wconf 89' lang='lat' dir='ltr'><strong>Leopoliensis</strong></span> <span class='ocrx_word' id='word_1_178' title='bbox 1545 3927 1852 4023; x_wconf 81' lang='lat' dir='ltr'><strong>archiepiscopus,</strong></span> <span class='ocrx_word' id='word_1_179' title='bbox 1872 3929 1929 4002; x_wconf 82' lang='lat' dir='ltr'><strong>uir</strong></span> 
     </span>
     <span class='ocr_line' id='line_1_22' title="bbox 375 4049 1926 4146; baseline -0.003 -20"><span class='ocrx_word' id='word_1_180' title='bbox 375 4051 553 4128; x_wconf 89' lang='lat' dir='ltr'><strong>doctriuac</strong></span> <span class='ocrx_word' id='word_1_181' title='bbox 580 4050 771 4146; x_wconf 89' lang='lat' dir='ltr'><strong>singularis</strong></span> <span class='ocrx_word' id='word_1_182' title='bbox 799 4056 834 4125; x_wconf 90' lang='lat' dir='ltr'><strong>et</strong></span> <span class='ocrx_word' id='word_1_183' title='bbox 860 4051 897 4124; x_wconf 92' lang='lat' dir='ltr'><strong>in</strong></span> <span class='ocrx_word' id='word_1_184' title='bbox 925 4049 1054 4124; x_wconf 84' lang='lat' dir='ltr'><strong>stndIia</strong></span> <span class='ocrx_word' id='word_1_185' title='bbox 1081 4050 1313 4124; x_wconf 88' lang='lat' dir='ltr'><strong>humanitatis</strong></span> <span class='ocrx_word' id='word_1_186' title='bbox 1332 4051 1488 4144; x_wconf 90' lang='lat' dir='ltr'><strong>apprime</strong></span> <span class='ocrx_word' id='word_1_187' title='bbox 1507 4051 1683 4139; x_wconf 82' lang='lat' dir='ltr'><strong>eruditus,</strong></span> <span class='ocrx_word' id='word_1_188' title='bbox 1714 4071 1796 4124; x_wconf 93' lang='lat' dir='ltr'><strong>cum</strong></span> <span class='ocrx_word' id='word_1_189' title='bbox 1816 4071 1926 4122; x_wconf 88' lang='lat' dir='ltr'><strong>annos</strong></span> 
     </span>
    </p>
   </div>
   <div class='ocr_carea' id='block_1_10' title="bbox 373 4165 2040 4625">
    <p class='ocr_par' dir='ltr' id='par_1_10' title="bbox 373 4165 2040 4625">
     <span class='ocr_line' id='line_1_23' title="bbox 375 4165 2040 4268; baseline -0.002 -20"><span class='ocrx_word' id='word_1_190' title='bbox 375 4195 482 4268; x_wconf 89' lang='lat' dir='ltr'><strong>prope</strong></span> <span class='ocrx_word' id='word_1_191' title='bbox 501 4173 649 4267; x_wconf 87' lang='lat' dir='ltr'><strong>triginta</strong></span> <span class='ocrx_word' id='word_1_192' title='bbox 671 4171 708 4245; x_wconf 92' lang='lat' dir='ltr'><strong>in</strong></span> <span class='ocrx_word' id='word_1_193' title='bbox 726 4172 933 4264; x_wconf 85' lang='lat' dir='ltr'><strong>pontificatu</strong></span> <span class='ocrx_word' id='word_1_194' title='bbox 961 4171 1152 4265; x_wconf 84' lang='lat' dir='ltr'><strong>exegisset,</strong></span> <span class='ocrx_word' id='word_1_195' title='bbox 1181 4177 1216 4245; x_wconf 91' lang='lat' dir='ltr'><strong>et</strong></span> <span class='ocrx_word' id='word_1_196' title='bbox 1242 4172 1461 4260; x_wconf 89' lang='lat' dir='ltr'><strong>notabiliter,</strong></span> <span class='ocrx_word' id='word_1_197' title='bbox 1489 4171 1659 4264; x_wconf 90' lang='lat' dir='ltr'><strong>coemptis</strong></span> <span class='ocrx_word' id='word_1_198' title='bbox 1682 4171 1840 4264; x_wconf 88' lang='lat' dir='ltr'><strong>alliquot</strong></span> <span class='ocrx_word' id='word_1_199' title='bbox 1858 4170 1925 4244; x_wconf 80' lang='lat' dir='ltr'><strong>vil·</strong></span> <span class='ocrx_word' id='word_1_200' title='bbox 2039 4165 2040 4168; x_wconf 51' lang='lat'>‘</span> 
     </span>
     <span class='ocr_line' id='line_1_24' title="bbox 373 4291 1925 4389; baseline -0.003 -20"><span class='ocrx_word' id='word_1_201' title='bbox 373 4295 437 4384; x_wconf 91' lang='lat' dir='ltr'><strong>lis,</strong></span> <span class='ocrx_word' id='word_1_202' title='bbox 465 4314 636 4369; x_wconf 88' lang='lat' dir='ltr'><strong>consensu</strong></span> <span class='ocrx_word' id='word_1_203' title='bbox 663 4293 760 4389; x_wconf 89' lang='lat' dir='ltr'><strong>regio</strong></span> <span class='ocrx_word' id='word_1_204' title='bbox 788 4294 946 4382; x_wconf 87' lang='lat' dir='ltr'><strong>obtento,</strong></span> <span class='ocrx_word' id='word_1_205' title='bbox 974 4291 1312 4385; x_wconf 89' lang='lat' dir='ltr'><strong>archiepiscopatum</strong></span> <span class='ocrx_word' id='word_1_206' title='bbox 1340 4293 1604 4386; x_wconf 81' lang='lat' dir='ltr'><strong>LeopoIIensem</strong></span> <span class='ocrx_word' id='word_1_207' title='bbox 1622 4291 1803 4380; x_wconf 86' lang='lat' dir='ltr'><strong>auxisset,</strong></span> <span class='ocrx_word' id='word_1_208' title='bbox 1834 4291 1925 4385; x_wconf 91' lang='lat' dir='ltr'><strong>apud</strong></span> 
     </span>
     <span class='ocr_line' id='line_1_25' title="bbox 375 4409 2039 4518; baseline -0.003 -29"><span class='ocrx_word' id='word_1_209' title='bbox 375 4415 554 4490; x_wconf 89' lang='lat' dir='ltr'><strong>Rohathin</strong></span> <span class='ocrx_word' id='word_1_210' title='bbox 587 4414 753 4508; x_wconf 89' lang='lat' dir='ltr'><strong>oppidum</strong></span> <span class='ocrx_word' id='word_1_211' title='bbox 786 4435 869 4486; x_wconf 87' lang='lat' dir='ltr'><strong>suae</strong></span> <span class='ocrx_word' id='word_1_212' title='bbox 900 4413 1063 4497; x_wconf 88' lang='lat' dir='ltr'><strong>ditionis,</strong></span> <span class='ocrx_word' id='word_1_213' title='bbox 1096 4434 1219 4506; x_wconf 90' lang='lat' dir='ltr'><strong>agene,</strong></span> <span class='ocrx_word' id='word_1_214' title='bbox 1257 4413 1464 4508; x_wconf 89' lang='lat' dir='ltr'><strong>nullumque</strong></span> <span class='ocrx_word' id='word_1_215' title='bbox 1495 4412 1650 4486; x_wconf 89' lang='lat' dir='ltr'><strong>dolorem</strong></span> <span class='ocrx_word' id='word_1_216' title='bbox 1681 4412 1861 4498; x_wconf 86' lang='lat' dir='ltr'><strong>sentiens,</strong></span> <span class='ocrx_word' id='word_1_217' title='bbox 1889 4409 1923 4484; x_wconf 91' lang='lat' dir='ltr'><strong>iu</strong></span> <span class='ocrx_word' id='word_1_218' title='bbox 2038 4457 2039 4518; x_wconf 60' lang='lat'><strong>,</strong></span> 
     </span>
     <span class='ocr_line' id='line_1_26' title="bbox 375 4519 2039 4625; baseline -0.004 -15"><span class='ocrx_word' id='word_1_219' title='bbox 375 4536 488 4610; x_wconf 89' lang='lat' dir='ltr'><strong>crucis</strong></span> <span class='ocrx_word' id='word_1_220' title='bbox 515 4536 671 4625; x_wconf 89' lang='lat' dir='ltr'><strong>modum,</strong></span> <span class='ocrx_word' id='word_1_221' title='bbox 700 4535 738 4609; x_wconf 92' lang='lat' dir='ltr'><strong>in</strong></span> <span class='ocrx_word' id='word_1_222' title='bbox 765 4535 926 4609; x_wconf 89' lang='lat' dir='ltr'><strong>cubiculo</strong></span> <span class='ocrx_word' id='word_1_223' title='bbox 955 4557 1033 4623; x_wconf 88' lang='lat' dir='ltr'><strong>suo,</strong></span> <span class='ocrx_word' id='word_1_224' title='bbox 1062 4534 1099 4606; x_wconf 92' lang='lat' dir='ltr'><strong>in</strong></span> <span class='ocrx_word' id='word_1_225' title='bbox 1126 4538 1254 4607; x_wconf 88' lang='lat' dir='ltr'><strong>terram</strong></span> <span class='ocrx_word' id='word_1_226' title='bbox 1282 4533 1473 4608; x_wconf 81' lang='lat' dir='ltr'><strong>facietenus</strong></span> <span class='ocrx_word' id='word_1_227' title='bbox 1499 4537 1715 4625; x_wconf 88' lang='lat' dir='ltr'><strong>prostratus,</strong></span> <span class='ocrx_word' id='word_1_228' title='bbox 1747 4533 1922 4605; x_wconf 81' lang='lat' dir='ltr'><strong>incontes-</strong></span> <span class='ocrx_word' id='word_1_229' title='bbox 2038 4519 2039 4548; x_wconf 70' lang='lat'>³</span> 
     </span>
    </p>
   </div>
   <div class='ocr_carea' id='block_1_11' title="bbox 372 4653 1922 5234">
    <p class='ocr_par' dir='ltr' id='par_1_11' title="bbox 372 4653 1922 5234">
     <span class='ocr_line' id='line_1_27' title="bbox 375 4653 1922 4747; baseline -0.005 -15"><span class='ocrx_word' id='word_1_230' title='bbox 375 4679 436 4732; x_wconf 88' lang='lat' dir='ltr'><strong>eus</strong></span> <span class='ocrx_word' id='word_1_231' title='bbox 465 4661 503 4744; x_wconf 86' lang='lat' dir='ltr'><strong>et</strong></span> <span class='ocrx_word' id='word_1_232' title='bbox 527 4655 772 4746; x_wconf 86' lang='lat' dir='ltr'><strong>iuviaticatus,</strong></span> <span class='ocrx_word' id='word_1_233' title='bbox 806 4655 978 4730; x_wconf 83' lang='lat' dir='ltr'><strong>axanImis</strong></span> <span class='ocrx_word' id='word_1_234' title='bbox 1010 4659 1170 4747; x_wconf 90' lang='lat' dir='ltr'><strong>repertus</strong></span> <span class='ocrx_word' id='word_1_235' title='bbox 1202 4659 1272 4744; x_wconf 91' lang='lat' dir='ltr'><strong>est,</strong></span> <span class='ocrx_word' id='word_1_236' title='bbox 1307 4661 1343 4729; x_wconf 91' lang='lat' dir='ltr'><strong>at</strong></span> <span class='ocrx_word' id='word_1_237' title='bbox 1368 4653 1550 4747; x_wconf 81' lang='lat' dir='ltr'><strong>LeopolIm</strong></span> <span class='ocrx_word' id='word_1_238' title='bbox 1581 4654 1710 4728; x_wconf 89' lang='lat' dir='ltr'><strong>exinde</strong></span> <span class='ocrx_word' id='word_1_239' title='bbox 1741 4653 1922 4740; x_wconf 87' lang='lat' dir='ltr'><strong>reductus,</strong></span> 
     </span>
     <span class='ocr_line' id='line_1_28' title="bbox 374 4774 1922 4870; baseline -0.005 -18"><span class='ocrx_word' id='word_1_240' title='bbox 374 4778 411 4852; x_wconf 93' lang='lat' dir='ltr'><strong>in</strong></span> <span class='ocrx_word' id='word_1_241' title='bbox 430 4799 495 4852; x_wconf 86' lang='lat' dir='ltr'><strong>eun</strong></span> <span class='ocrx_word' id='word_1_242' title='bbox 512 4776 735 4870; x_wconf 88' lang='lat' dir='ltr'><strong>Leopoliensi</strong></span> <span class='ocrx_word' id='word_1_243' title='bbox 754 4776 901 4852; x_wconf 86' lang='lat' dir='ltr'><strong>ecclesia</strong></span> <span class='ocrx_word' id='word_1_244' title='bbox 919 4778 1092 4869; x_wconf 88' lang='lat' dir='ltr'><strong>sepultus.</strong></span> <span class='ocrx_word' id='word_1_245' title='bbox 1122 4776 1187 4849; x_wconf 86' lang='lat' dir='ltr'><strong>Vir</strong></span> <span class='ocrx_word' id='word_1_246' title='bbox 1204 4775 1316 4850; x_wconf 89' lang='lat' dir='ltr'><strong>Musis</strong></span> <span class='ocrx_word' id='word_1_247' title='bbox 1339 4774 1589 4864; x_wconf 89' lang='lat' dir='ltr'><strong>amicissimus,</strong></span> <span class='ocrx_word' id='word_1_248' title='bbox 1615 4779 1651 4848; x_wconf 92' lang='lat' dir='ltr'><strong>et</strong></span> <span class='ocrx_word' id='word_1_249' title='bbox 1669 4780 1744 4847; x_wconf 90' lang='lat' dir='ltr'><strong>tam</strong></span> <span class='ocrx_word' id='word_1_250' title='bbox 1763 4775 1802 4848; x_wconf 92' lang='lat' dir='ltr'><strong>iu</strong></span> <span class='ocrx_word' id='word_1_251' title='bbox 1821 4795 1922 4866; x_wconf 87' lang='lat' dir='ltr'><strong>prosa</strong></span> 
     </span>
     <span class='ocr_line' id='line_1_29' title="bbox 373 4895 1920 4992; baseline -0.004 -18"><span class='ocrx_word' id='word_1_252' title='bbox 373 4897 527 4988; x_wconf 88' lang='lat' dir='ltr'><strong>Pierica,</strong></span> <span class='ocrx_word' id='word_1_253' title='bbox 556 4919 661 4992; x_wconf 88' lang='lat' dir='ltr'><strong>quam</strong></span> <span class='ocrx_word' id='word_1_254' title='bbox 687 4897 855 4987; x_wconf 91' lang='lat' dir='ltr'><strong>carmine,</strong></span> <span class='ocrx_word' id='word_1_255' title='bbox 883 4897 1101 4989; x_wconf 89' lang='lat' dir='ltr'><strong>caeterisque</strong></span> <span class='ocrx_word' id='word_1_256' title='bbox 1127 4896 1360 4972; x_wconf 89' lang='lat' dir='ltr'><strong>humanitatis</strong></span> <span class='ocrx_word' id='word_1_257' title='bbox 1378 4896 1524 4985; x_wconf 89' lang='lat' dir='ltr'><strong>studiis,</strong></span> <span class='ocrx_word' id='word_1_258' title='bbox 1548 4895 1585 4969; x_wconf 92' lang='lat' dir='ltr'><strong>in</strong></span> <span class='ocrx_word' id='word_1_259' title='bbox 1605 4895 1920 4970; x_wconf 76' lang='lat' dir='ltr'><strong>declamationibus</strong></span> 
     </span>
     <span class='ocr_line' id='line_1_30' title="bbox 373 5015 1917 5114; baseline -0.005 -19"><span class='ocrx_word' id='word_1_260' title='bbox 373 5041 511 5114; x_wconf 88' lang='lat' dir='ltr'><strong>quoquo</strong></span> <span class='ocrx_word' id='word_1_261' title='bbox 538 5019 582 5092; x_wconf 93' lang='lat' dir='ltr'><strong>ad</strong></span> <span class='ocrx_word' id='word_1_262' title='bbox 607 5019 793 5112; x_wconf 91' lang='lat' dir='ltr'><strong>populum,</strong></span> <span class='ocrx_word' id='word_1_263' title='bbox 822 5018 1074 5092; x_wconf 89' lang='lat' dir='ltr'><strong>memorabilis:</strong></span> <span class='ocrx_word' id='word_1_264' title='bbox 1103 5018 1204 5092; x_wconf 92' lang='lat' dir='ltr'><strong>cuius</strong></span> <span class='ocrx_word' id='word_1_265' title='bbox 1232 5017 1306 5092; x_wconf 79' lang='lat' dir='ltr'><strong>uita</strong></span> <span class='ocrx_word' id='word_1_266' title='bbox 1332 5039 1353 5091; x_wconf 90' lang='lat' dir='ltr'><strong>a</strong></span> <span class='ocrx_word' id='word_1_267' title='bbox 1379 5016 1544 5109; x_wconf 90' lang='lat' dir='ltr'><strong>Philippo</strong></span> <span class='ocrx_word' id='word_1_268' title='bbox 1576 5015 1796 5104; x_wconf 83' lang='lat' dir='ltr'><strong>Colimacho,</strong></span> <span class='ocrx_word' id='word_1_269' title='bbox 1829 5016 1917 5093; x_wconf 85' lang='lat' dir='ltr'><strong>Italo</strong></span> 
     </span>
     <span class='ocr_line' id='line_1_31' title="bbox 372 5135 1916 5234; baseline -0.005 -16"><span class='ocrx_word' id='word_1_270' title='bbox 372 5140 593 5231; x_wconf 82' lang='lat' dir='ltr'><strong>Florentino,</strong></span> <span class='ocrx_word' id='word_1_271' title='bbox 625 5140 764 5234; x_wconf 88' lang='lat' dir='ltr'><strong>egregie</strong></span> <span class='ocrx_word' id='word_1_272' title='bbox 795 5139 971 5234; x_wconf 88' lang='lat' dir='ltr'><strong>descripta</strong></span> <span class='ocrx_word' id='word_1_273' title='bbox 1002 5143 1067 5214; x_wconf 88' lang='lat' dir='ltr'><strong>est.</strong></span> <span class='ocrx_word' id='word_1_274' title='bbox 1102 5138 1318 5232; x_wconf 83' lang='lat' dir='ltr'><strong>Vacavltqne</strong></span> <span class='ocrx_word' id='word_1_275' title='bbox 1350 5137 1450 5212; x_wconf 89' lang='lat' dir='ltr'><strong>sedas</strong></span> <span class='ocrx_word' id='word_1_276' title='bbox 1481 5136 1726 5232; x_wconf 86' lang='lat' dir='ltr'><strong>Leopoliensis</strong></span> <span class='ocrx_word' id='word_1_277' title='bbox 1754 5135 1916 5215; x_wconf 88' lang='lat' dir='ltr'><strong>ecclesiae</strong></span> 
     </span>
    </p>
   </div>
   <div class='ocr_carea' id='block_1_12' title="bbox 374 5407 1912 5604">
    <p class='ocr_par' dir='ltr' id='par_1_12' title="bbox 374 5407 1912 5604">
     <span class='ocr_line' id='line_1_32' title="bbox 479 5407 1912 5500; baseline -0.003 -20"><span class='ocrx_word' id='word_1_278' title='bbox 479 5416 503 5496; x_wconf 90' lang='lat'><strong>¹)</strong></span> <span class='ocrx_word' id='word_1_279' title='bbox 525 5417 802 5495; x_wconf 80' lang='lat' dir='ltr'><strong>Quadragcsimalea</strong></span> <span class='ocrx_word' id='word_1_280' title='bbox 824 5412 888 5479; x_wconf 77' lang='lat' dir='ltr'><strong>Ed.</strong></span> <span class='ocrx_word' id='word_1_281' title='bbox 912 5412 1002 5500; x_wconf 79' lang='lat' dir='ltr'><strong>La&#39;ps.</strong></span> <span class='ocrx_word' id='word_1_282' title='bbox 1027 5413 1051 5494; x_wconf 83' lang='lat'><strong>²)</strong></span> <span class='ocrx_word' id='word_1_283' title='bbox 1074 5415 1139 5477; x_wconf 86' lang='lat' dir='ltr'><strong>dies</strong></span> <span class='ocrx_word' id='word_1_284' title='bbox 1162 5417 1271 5476; x_wconf 87' lang='lat' dir='ltr'><strong>mensis</strong></span> <span class='ocrx_word' id='word_1_285' title='bbox 1294 5415 1405 5492; x_wconf 84' lang='lat' dir='ltr'><strong>Aprilis</strong></span> <span class='ocrx_word' id='word_1_286' title='bbox 1429 5411 1492 5479; x_wconf 78' lang='lat' dir='ltr'><strong>Ed.</strong></span> <span class='ocrx_word' id='word_1_287' title='bbox 1516 5411 1607 5500; x_wconf 76' lang='lat' dir='ltr'><strong>Lipa.</strong></span> <span class='ocrx_word' id='word_1_288' title='bbox 1624 5412 1650 5496; x_wconf 55' lang='grc' dir='ltr'><strong>θ)</strong></span> <span class='ocrx_word' id='word_1_289' title='bbox 1670 5416 1834 5477; x_wconf 81' lang='lat' dir='ltr'><strong>celebrarit</strong></span> <span class='ocrx_word' id='word_1_290' title='bbox 1853 5407 1912 5475; x_wconf 75' lang='lat' dir='ltr'><strong>Ed</strong></span> 
     </span>
     <span class='ocr_line' id='line_1_33' title="bbox 374 5515 1487 5604; baseline -0.001 -22"><span class='ocrx_word' id='word_1_291' title='bbox 374 5519 463 5604; x_wconf 80' lang='lat' dir='ltr'><strong>Lipa.</strong></span> <span class='ocrx_word' id='word_1_292' title='bbox 487 5517 514 5600; x_wconf 84' lang='lat'><strong>⁴)</strong></span> <span class='ocrx_word' id='word_1_293' title='bbox 537 5521 586 5582; x_wconf 91' lang='lat' dir='ltr'><strong>die</strong></span> <span class='ocrx_word' id='word_1_294' title='bbox 606 5522 716 5582; x_wconf 90' lang='lat' dir='ltr'><strong>mensis</strong></span> <span class='ocrx_word' id='word_1_295' title='bbox 738 5521 867 5581; x_wconf 88' lang='lat' dir='ltr'><strong>Ianuarii</strong></span> <span class='ocrx_word' id='word_1_296' title='bbox 890 5517 953 5582; x_wconf 86' lang='lat' dir='ltr'><strong>Ed.</strong></span> <span class='ocrx_word' id='word_1_297' title='bbox 976 5518 1069 5602; x_wconf 82' lang='lat' dir='ltr'><strong>Lips.</strong></span> <span class='ocrx_word' id='word_1_298' title='bbox 1092 5518 1117 5600; x_wconf 67' lang='grc' dir='ltr'><strong>ε’)</strong></span> <span class='ocrx_word' id='word_1_299' title='bbox 1143 5519 1288 5596; x_wconf 80' lang='lat' dir='ltr'><strong>Georgius</strong></span> <span class='ocrx_word' id='word_1_300' title='bbox 1311 5515 1375 5580; x_wconf 78' lang='lat' dir='ltr'><strong>Ed.</strong></span> <span class='ocrx_word' id='word_1_301' title='bbox 1398 5515 1487 5601; x_wconf 81' lang='lat' dir='ltr'><strong>Lipe.</strong></span> 
     </span>
    </p>
   </div>
   <div class='ocr_carea' id='block_1_13' title="bbox 0 0 2050 6290">
    <p class='ocr_par' dir='ltr' id='par_1_13' title="bbox 0 0 2050 6290">
     <span class='ocr_line' id='line_1_34' title="bbox 0 0 2050 6290; baseline 0 5"><span class='ocrx_word' id='word_1_302' title='bbox 0 0 2050 6290; x_wconf 95' lang='lat' dir='ltr'><strong> </strong></span> 
     </span>
    </p>
   </div>
   <div class='ocr_carea' id='block_1_14' title="bbox 2039 9 2049 1310">
    <p class='ocr_par' dir='ltr' id='par_1_14' title="bbox 2039 9 2049 1310">
     <span class='ocr_line' id='line_1_35' title="bbox 2039 9 2049 1310; baseline 0 0"><span class='ocrx_word' id='word_1_303' title='bbox 2039 9 2049 1310; x_wconf 95' lang='lat' dir='ltr'><strong> </strong></span> 
     </span>
    </p>
   </div>
   <div class='ocr_carea' id='block_1_15' title="bbox 2041 1981 2043 2124">
    <p class='ocr_par' dir='ltr' id='par_1_15' title="bbox 2041 1981 2043 2124">
     <span class='ocr_line' id='line_1_36' title="bbox 2041 1981 2043 2124; baseline 0 0"><span class='ocrx_word' id='word_1_304' title='bbox 2041 1981 2043 2124; x_wconf 75' lang='lat' dir='ltr'><strong>o</strong></span> 
     </span>
    </p>
   </div>
   <div class='ocr_carea' id='block_1_16' title="bbox 2040 2171 2048 3137">
    <p class='ocr_par' dir='ltr' id='par_1_16' title="bbox 2040 2171 2048 3137">
     <span class='ocr_line' id='line_1_37' title="bbox 2040 2171 2048 3137; baseline 0 0"><span class='ocrx_word' id='word_1_305' title='bbox 2040 2171 2048 3137; x_wconf 95' lang='lat' dir='ltr'><strong> </strong></span> 
     </span>
    </p>
   </div>
  </div>
 </body>
</html>
