4264 6280
179 567 246 668 (Α.
266 565 312 642 D.
333 567 460 669 1449.)
695 593 808 646 nrnnn
835 593 1081 648 nuonncnrus
1110 575 1223 666 (xm).
1684 577 1729 650 67

184 783 241 866 „et
268 780 471 869 concludas,
504 801 636 872 proque
667 780 743 853 eius
776 781 896 852 votiva
927 782 1150 854 conclusione
1169 782 1196 870 ¹)
1230 802 1347 854 omnes
1381 781 1494 874 Regni
1528 782 1732 874 Hungariae

184 899 501 991 „archiepiscopom
530 900 726 992 episcopeo,
756 902 937 973 Praelatcs
965 906 1000 973 et
1027 903 1190 990 barones,
1225 901 1297 973 tuis
1325 901 1566 991 suasionibus
1595 907 1635 975 ut
1663 902 1730 976 tibi

183 1042 269 1109 „sua
301 1041 405 1112 opera
437 1020 622 1109 assistant,
661 1021 819 1094 inducas.
856 1021 931 1094 Nos
959 1021 1053 1094 enim
1085 1022 1151 1095 tibi
1182 1026 1301 1113 partes
1333 1021 1429 1114 ipsas
1457 1023 1501 1094 ad
1528 1022 1731 1097 huiusmodi

180 1142 420 1230 „concordiam
447 1147 483 1214 ct
508 1162 628 1232 pacem
659 1142 849 1215 autoritate
879 1148 1001 1215 nostra
1035 1143 1214 1232 hortandi,
1246 1142 1425 1229 monendi,
1465 1142 1653 1216 inducendi
1691 1148 1729 1217 et

182 1262 419 1354 „requirendi‚
447 1263 616 1354 illamque
644 1261 835 1347 tractandi,
869 1266 903 1336 et
932 1283 1008 1334 eam
1035 1267 1219 1354 perpetuo,
1254 1263 1312 1334 rel
1338 1263 1382 1333 ad
1410 1265 1548 1354 tempus
1567 1264 1730 1336 firmandi

182 1389 239 1472 „ct
267 1383 511 1476 concludendi,
541 1405 580 1455 ac
608 1405 684 1456 earn
703 1383 768 1455 sub
787 1383 924 1474 poenis,
953 1383 995 1455 de
1024 1383 1152 1475 quibus
1171 1383 1288 1455 visum
1308 1382 1432 1471 fuerit,
1454 1383 1602 1472 serrari,
1630 1405 1727 1457 mau-

183 1503 310 1592 ,dandi
337 1509 372 1576 et
399 1504 563 1593 faciendi,
602 1509 743 1596 treugas
759 1501 790 1593 2)
817 1504 962 1595 insuper
995 1508 1030 1577 ct
1062 1503 1283 1578 sufferentias
1316 1504 1358 1576 de
1389 1524 1479 1575 novo
1507 1505 1551 1576 ad
1577 1508 1728 1596 tcmpuS,

183 1624 246 1714 ,de
274 1646 342 1716 quo
358 1622 390 1714 3)
418 1624 485 1698 tibi
512 1624 705 1713 ridebitur,
735 1623 912 1699 indicendi
926 1625 969 1715 ⁴),
999 1645 1040 1698 ac
1063 1629 1104 1696 ut
1122 1625 1164 1698 ab
1193 1623 1300 1696 armis
1328 1629 1363 1697 ot
1383 1623 1560 1696 uiolentia
1578 1630 1726 1714 cessent,

182 1765 265 1836 „per
296 1765 461 1817 censuras
490 1745 764 1835 ecclesiasticas,
791 1746 981 1838 dequibus
1002 1745 1068 1819 tibi
1086 1745 1280 1834 videbitur,
1309 1744 1498 1818 mandandi
1517 1749 1553 1819 et
1570 1746 1727 1839 oogcndi,

181 1864 384 1954 „inhibendi
413 1887 550 1958 quoque
577 1867 739 1939 omnibus
767 1871 802 1940 et
830 1867 981 1961 singulis
1008 1867 1185 1959 personis,
1218 1865 1457 1958 cuiuscunque
1490 1870 1621 1956 status,
1649 1887 1727 1960 gra·

181 1985 285 2076 „dus,
316 1985 450 2059 ordinis
478 1988 535 2060 vel
563 1987 774 2060 conditionis
794 1987 940 2077 fuerint,
971 1989 1036 2060 sub
1055 1989 1184 2062 eisdem
1204 1985 1455 2060 ecclesiasticis
1479 1987 1654 2077 censuris,
1683 2009 1727 2061 ne

181 2106 310 2198 ,parti,
339 2128 401 2198 per
425 2128 528 2199 quam
547 2128 617 2199 pax
637 2106 879 2200 impediretur,
905 2108 1011 2180 donet
1029 2109 1073 2180 ad
1092 2107 1289 2180 iaciendum
1308 2108 1442 2180 bellum
1461 2107 1605 2201 aliquod
1623 2108 1724 2181 anxi·

180 2227 305 2316 „lium,
334 2228 520 2300 consilium
548 2229 606 2300 rel
633 2223 802 2317 favorem,
836 2229 1020 2320 omniaque
1053 2228 1124 2300 alia
1152 2233 1187 2301 et
1213 2227 1355 2320 singula
1386 2228 1529 2322 agendi,
1564 2227 1725 2318 faciendi,

180 2348 389 2437 „mandandi
416 2353 452 2421 et
478 2349 689 2440 exequendi,
719 2369 807 2440 qnae
834 2370 896 2440 pro
923 2350 1013 2422 bono
1041 2348 1138 2441 pacis
1165 2347 1368 2420 huiusmodi
1396 2350 1638 2442 consequendo
1666 2370 1724 2423 ne-

179 2468 353 2558 „cessaria
380 2469 584 2562 cognoveris
604 2490 665 2543 seu
685 2469 790 2542 etiam
810 2473 1022 2562 opportuna,
1051 2471 1191 2562 plenam
1216 2473 1251 2542 et
1269 2468 1415 2542 liberam
1434 2470 1624 2543 autoritate
1643 2491 1724 2562 apo-

179 2589 327 2678 „stolica
354 2589 575 2663 concedimus
594 2595 713 2663 tenore
731 2591 969 2682 praesentium
998 2592 1218 2680 facultatem,
1248 2588 1519 2663 contradictores
1548 2591 1726 2683 quoslibet

179 2694 341 2802 ,et'paci
367 2711 516 2784 rebelles
549 2711 739 2784 autoritate
775 2715 912 2800 nostra,
949 2712 1185 2804 appellatione
1217 2709 1431 2803 postposita,
1464 2712 1723 2804 compescendo.

129 2891 137 2910 ,
178 2833 328 2921 „Datum
356 2832 488 2905 Romae
506 2833 598 2924 apud
618 2833 785 2906 Sanctum
804 2834 964 2921 Petrum,
993 2833 1096 2905 Anno
1115 2831 1256 2905 Domini
1274 2831 1463 2905 Millcsimo
1491 2833 1723 2928 quadringen-

179 2950 326 3039 ,tcsimo
346 2953 611 3045 quadragesimo
630 2975 735 3042 nono,
766 2952 1030 3046 Quartodecimo
1050 2954 1220 3027 calendas
1239 2952 1391 3045 ApriliS,
1411 2952 1643 3026 Pontificatus
1662 2974 1722 3026 no-

178 3071 266 3162 ,stri
294 3093 384 3145 anno
413 3077 574 3165 quarto“.

172 3425 218 3496 lx
241 3427 344 3498 tertia
366 3428 583 3500 conventione
614 3429 758 3518 generali
787 3429 1051 3518 Protrkorienei,
1082 3430 1217 3519 primum
1239 3428 1416 3500 ambitione
1438 3428 1659 3518 episcoporum
1681 3430 1723 3502 de

170 3547 402 3636 superindicta
432 3548 494 3619 loci
524 3549 558 3619 in
588 3548 711 3620 senatu
741 3551 1009 3622 contendentium
1038 3551 1186 3637 turbate,
1217 3550 1334 3638 deinde
1360 3549 1447 3639 nege
1469 3549 1630 3622 kazimiro
1652 3552 1723 3622 iure

409 3667 537 3740 Polonie
559 3687 624 3740 nnn
647 3669 873 3758 conflrmante,
896 3671 993 3742 rebus
1015 3672 1112 3761 plane
1133 3670 1268 3742 intectis
1289 3670 1478 3742 disceditur.

275 3913 443 3988 Ordinato
474 3920 646 3989 terrarum
678 3917 890 3992 Lithuaniae
923 3923 1035 4007 statu,
1070 3917 1273 3991 Kauimirus
1305 3918 1383 3992 Rex
1399 3916 1430 4007 5)
1458 3937 1502 3990 ex
1529 3915 1722 3990 Lithuania

169 4035 342 4128 processit
374 4039 409 4108 et
435 4036 472 4108 in
500 4037 660 4130 Regnum
689 4059 791 4111 suum
818 4039 986 4112 Poloniae
1017 4039 1131 4127 venit,
1169 4044 1205 4111 et
1232 4036 1497 4112 conventionem
1524 4038 1720 4130 generalem

170 4155 325 4228 omnium
353 4159 525 4228 terrarum
552 4157 589 4229 iu
618 4157 743 4250 oppido
771 4159 956 4251 Pyotrkow
982 4159 1109 4233 tenuit.
1139 4159 1313 4252 Sbigneus
1333 4162 1450 4231 autem
1469 4157 1664 4231 Cardinalis
1682 4158 1720 4230 in

169 4274 335 4368 insigniis
371 4275 632 4366 cardinalatus,
669 4300 740 4350 una
775 4299 854 4352 cum
891 4279 1022 4371 Sophia
1052 4279 1191 4372 Regina
1204 4279 1237 4368 ὃ)
1265 4283 1347 4352 ante
1377 4277 1597 4370 Koayenicne
1629 4277 1720 4352 circa

170 4395 321 4468 Wislam
341 4396 408 4469 sibi
437 4397 602 4470 occurrit:
632 4419 734 4489 quem
763 4397 964 4470 Karimirus
981 4399 1011 4488 ⁷)
1039 4419 1118 4471 cum
1151 4399 1245 4471 omni
1276 4397 1463 4486 charitate,
1496 4398 1719 4472 veneratione

169 4517 361 4590 ethonore
388 4517 522 4609 excipit
549 4523 584 4590 et
611 4523 755 4608 tractat,
785 4520 1005 4611 congaudens
1033 4519 1225 4610 plurimum
1252 4518 1294 4591 de
1323 4539 1387 4589 sua
1415 4516 1664 4590 sublimatione
1683 4522 1718 4592 et

168 4636 309 4709 honore.
338 4635 582 4710 domitabatur¹
605 4645 722 4712 autem
750 4638 926 4731 Sbignens
945 4638 1141 4711 Cardinalis
1160 4637 1380 4710 Karimirum
1399 4637 1531 4731 Regem
1545 4637 1579 4728 8)
1606 4659 1718 4730 usque

169 4757 206 4829 in
233 4756 385 4846 Radom,
413 4757 475 4830 nbi
502 4759 580 4832 Rex
607 4759 725 4851 ipsum
752 4759 976 4832 conventioni
1004 4761 1142 4833 futurae
1169 4757 1440 4851 Ppotrlroriensi
1466 4758 1637 4832 interesse
1663 4779 1716 4831 re·

105 4951 107 4956 ,
167 4877 356 4966 nitentem,
385 4878 498 4950 multa
523 4899 624 4970 prece
652 4883 687 4952 et
714 4879 876 4953 suasione
904 4880 946 4951 ad
968 4879 1176 4953 veniendum
1195 4878 1388 4952 solicitarit
1407 4883 1442 4951 et
1460 4877 1613 4951 induxit.
1643 4879 1715 4951 Ka·

168 4997 291 5070 nimiro
319 4996 431 5089 igitur
457 4999 553 5091 Rege
586 5021 648 5090 pro
675 4999 731 5073 die
759 4999 879 5073 Sancti
903 4999 1042 5073 Nicolci
1068 4999 1106 5071 in
1129 4998 1314 5092 Pyotrlrow
1341 4997 1517 5088 veniente,
1546 5000 1715 5090 Praelati‚

277 5291 299 5372 ¹)
323 5294 533 5369 compositione
560 5287 635 5354 cod.
661 5289 768 5354 Przcz.
793 5288 818 5362 ”i
843 5291 963 5352 foedera
984 5287 1047 5352 Ec.
1071 5288 1164 5374 Dipo.
1197 5288 1224 5370 ³)
1246 5291 1285 5352 ad
1307 5291 1387 5366 quod
1409 5285 1473 5352 Ed.
1496 5287 1589 5373 Dipo.
1619 5285 1646 5373 ⁴)
1669 5294 1716 5351 fir·

165 5397 266 5456 mandi
290 5400 321 5456 ct
343 5395 535 5456 concludendi
566 5392 629 5457 Ed.
661 5391 752 5476 Lipc.
785 5393 811 5470 ⁵)
841 5394 905 5454 Rex
927 5395 1068 5455 Poloniae
1091 5391 1154 5456 Ea.
1179 5392 1271 5477 Lipc.
1302 5391 1330 5471 6)
1352 5394 1493 5454 Poloniae
1514 5393 1629 5484 Regina
1652 5390 1714 5470 Ed,

167 5496 260 5581 Lipe.
286 5495 312 5576 ⁷)
337 5497 497 5559 Gasimirus
518 5499 582 5559 Rex
604 5495 638 5558 E
650 5507 668 5558 t.
691 5495 782 5580 Le’pc.
807 5494 832 5577 Β)
856 5499 997 5560 Poloniae
1018 5499 1129 5574 Regem
1151 5494 1214 5560 Ec.
1238 5493 1328 5594 Lips,
