4052 6286
371 523 444 598 o1s
876 545 989 599 arnna
1014 545 1259 600 nuonnonrus
1287 530 1400 617 (1111).
1635 523 1703 624 (Α.
1725 522 1772 598 D.
1792 523 1920 622 1409.)

363 732 505 804 ulturus
533 731 570 806 in
598 730 697 806 illius
725 732 1001 825 expugnatione,
1036 753 1139 823 quam
1166 752 1228 823 per
1254 731 1329 806 dies
1356 737 1445 819 tres,
1479 735 1600 806 noctes
1627 733 1735 820 dnae,
1771 732 1919 824 quama-

362 851 463 945 giuta
489 851 648 926 millibus
675 852 717 925 de
745 852 820 926 suis
852 853 1008 941 amissis,
1043 852 1269 945 conquirens,
1303 874 1421 926 omnes
1452 853 1601 944 puberes
1633 859 1670 925 et
1702 853 1920 944 impuberes,

363 993 476 1046 mares
503 977 539 1045 et
567 966 730 1062 feminas,
759 973 851 1046 nulli
877 994 1022 1066 parcens
1051 973 1152 1047 sexui
1179 977 1241 1046 aut
1267 973 1390 1061 aetati,
1420 973 1563 1062 eccidit,
1598 979 1633 1047 et
1665 973 1855 1046 civitatem
1889 979 1921 1044 et

365 1111 484 1166 omnes
512 1092 740 1182 munitiones,
769 1099 804 1166 et
831 1094 950 1166 domos
978 1093 1054 1167 sius
1082 1095 1156 1166 solo
1185 1093 1365 1186 aequando
1385 1094 1557 1182 ruinavit,
1589 1093 1921 1185 habitationemque

365 1211 465 1286 illius
492 1214 701 1290 mortalibus
729 1213 925 1290 toterdirit.

814 1569 1027 1682 ANNUS
1064 1568 1300 1682 DOMINI·
1328 1569 1466 1682 1469.

366 1813 551 1902 soporum
572 1812 770 1902 10101010
791 1813 969 1886 loldaviae
992 1813 1127 1885 solenne
1143 1813 1325 1902 homagum
1339 1830 1376 1884 00
1391 1812 1553 1885 llariniro
1568 1813 1718 1886 l’oloniao
1734 1813 1818 1903 llegl
1834 1831 1921 1902 prae

365 1934 520 2008 stilorum
542 1936 750 2024 repromitte.
773 1933 978 2024 Imperatoris
1000 1933 1224 2006 namtarum
1248 1934 1464 2023 lonpigorop
1487 1934 1595 2006 nuntii
1618 1935 1745 2006 0111110
1769 1934 1923 2006 anmi.

471 2182 616 2256 Exactis
639 2182 733 2274 apud
751 2182 887 2255 Novom
906 2181 1092 2256 Civitatem
1120 2182 1288 2270 Koronin,
1318 2181 1521 2255 Karimirus
1544 2181 1622 2254 Rex
1641 2181 1833 2268 Poloniae,
1854 2181 1924 2253 Na-

368 2302 452 2376 talis
488 2303 629 2376 Domini
664 2302 803 2390 diebus,
838 2303 875 2374 in
908 2301 1176 2394 Npepolomicne
1209 2302 1404 2389 descendit,
1443 2309 1478 2373 ot
1506 2303 1655 2375 ferarum
1688 2302 1926 2374 multitudiue

368 2428 485 2515 capta,
515 2429 550 2497 et
577 2423 728 2516 primum
756 2422 793 2496 in
821 2423 930 2510 lilios,
960 2423 1084 2496 deinde
1103 2423 1140 2495 iu
1159 2423 1355 2515 episcopos,
1385 2423 1648 2495 cracoviensem
1667 2427 1705 2494 et
1724 2422 1924 2494 1111011010-

368 2544 540 2632 viennam,
568 2545 714 2618 barones
743 2550 778 2616 et
805 2543 1042 2632 consiliarios,
1071 2543 1287 2635 Capitulum,
1321 2541 1598 2616 Universitatem
1625 2548 1661 2615 et
1689 2543 1926 2615 Consulatum

370 2664 631 2740 Crotoniensem
659 2663 865 2753 distributa,
900 2663 985 2738 feria
1017 2663 1142 2756 quinta
1164 2663 1201 2736 in
1220 2663 1343 2755 vigilia
1371 2662 1664 2754 Epiphaniamm,
1694 2685 1778 2735 cum
1807 2663 1925 2734 Elisa

369 2785 452 2859 beth
471 2785 499 2876 ¹)
527 2789 685 2860 consorte
715 2806 778 2858 sua
807 2785 959 2858 feliciter
985 2784 1248 2858 Craoovisnsom
1272 2784 1393 2857 urbem
1411 2783 1573 2872 intravit,
1594 2805 1615 2854 a
1633 2783 1719 2856 liliis
1741 2783 1821 2856 suis
1843 2805 1927 2874 qna-

369 2909 465 2994 tuor,
484 2905 697 2995 wladislao,
718 2905 915 2994 Karimiro‚
945 2906 1091 2980 Alberto
1116 2910 1152 2978 et
1171 2905 1388 2994 Alexandro,
1417 2905 1573 2977 oratione
1599 2903 1844 2995 pulcherrima
1866 2925 1929 2996 per

371 3046 539 3118 organum
566 3025 756 3098 Wladislai
774 3025 998 3118 primogeniti
1017 3030 1052 3099 et
1070 3029 1157 3098 natu
1185 3024 1326 3097 maioris
1354 3023 1595 3116 pronuntiata,
1626 3029 1812 3115 exceptus.
1846 3025 1923 3097 Ste-

370 3145 416 3217 tit
431 3150 560 3220 autem
587 3145 773 3224 0100011οο
799 3146 1026 3220 hebdomadis
1054 3145 1185 3234 tribus,
1215 3145 1280 3218 sub
1308 3145 1436 3236 quibus
1464 3165 1484 3216 a
1507 3144 1768 3236 stipendiariis,
1798 3145 1865 3236 qui
1883 3147 1928 3216 ad

368 3265 630 3358 percipiendum
656 3267 864 3359 promissam
891 3267 942 3339 sis
970 3267 1180 3339 solutionem
1199 3269 1447 3353 convenerant,
1468 3263 1620 3336 induciis
1638 3285 1752 3356 usqne
1771 3265 1811 3336 in
1833 3265 1926 3337 diem

369 3386 541 3474 Paschae,
569 3392 610 3459 ut
637 3388 787 3460 fertones
814 3387 946 3461 decreti
973 3385 1114 3460 interim
1141 3385 1263 3480 colligi
1290 3389 1449 3476 possent,
1478 3384 1694 3476 impetratis,
1720 3385 1759 3456 in
1780 3385 1926 3477 singula

370 3525 489 3578 eorum
524 3507 641 3600 capita
670 3529 731 3600 per
762 3531 871 3580 unum
903 3509 1070 3580 florenum
1085 3505 1116 3596 ²)
1153 3507 1197 3579 ad
1228 3505 1399 3579 rationem
1435 3504 1547 3578 debiti
1579 3506 1862 3596 computandum
1879 3503 1923 3592 ³).

372 3623 571 3715 distribuit3
591 3631 626 3701 et
640 3628 840 3702 Craeoviam
852 3629 883 3718 ⁴)
902 3629 958 3702 die
974 3628 1067 3701 Solis
1082 3627 1358 3718 antepenultima
1377 3626 1550 3712 Ianuarii,
1570 3626 1735 3718 linquens
1748 3625 1780 3714 5)
1799 3625 1841 3696 in
1858 3633 1926 3698 ter-

370 3767 428 3818 ras
455 3747 606 3821 Rursiae
633 3769 712 3822 cnm
740 3753 899 3822 consorte
927 3771 991 3820 sua
1018 3749 1202 3821 Elisabeth
1217 3747 1248 3837 ⁶)
1277 3767 1340 3842 per
1367 3745 1473 3817 solita
1500 3746 1576 3818 locu
1594 3751 1629 3817 et
1648 3745 1825 3817 stationes
1846 3766 1925 3835 pro-

272 3931 278 3940 ,
377 3865 501 3960 cessit,
538 3871 574 3942 et
608 3869 700 3961 apud
736 3869 979 3943 Praemisliam
1010 3868 1247 3961 Carnisprivio
1277 3873 1414 3955 exacto,
1443 3866 1479 3938 in
1507 3867 1688 3956 Leopolim
1717 3865 1927 3952 concedens,

373 3987 663 4080 Quadrugesimae
681 3994 819 4082 tempus
847 3990 923 4064 illic
950 3990 1095 4078 mansit,
1123 3989 1325 4082 homagium
1352 3992 1388 4060 et
1414 3985 1598 4059 fidelitatis
1626 3987 1809 4077 corporale
1831 3985 1927 4056 iura-

371 4111 526 4180 mentum
554 4129 575 4180 a
602 4108 779 4200 Stephano
806 4109 1015 4202 Woyevoda
1042 4108 1253 4196 Moldaviae,
1283 4107 1374 4199 qnod
1402 4128 1439 4179 se
1466 4127 1528 4197 per
1554 4107 1757 4198 frequentes
1777 4107 1928 4178 nuntios

372 4232 407 4299 et
433 4226 556 4302 literas
583 4229 836 4319 praestiturum
868 4229 1058 4318 obtulerat,
1093 4233 1308 4320 recepturus.
1342 4228 1392 4298 At
1418 4225 1481 4298 ills
1509 4225 1618 4297 variis
1647 4227 1766 4298 causis
1795 4232 1836 4298 st
1864 4227 1928 4297 im·

371 4347 598 4438 pedimentis,
628 4353 663 4420 et
691 4349 886 4441 signanter,
915 4371 957 4422 ne
985 4349 1049 4421 illo
1081 4349 1262 4446 provintia
1289 4346 1505 4442 egrediente,
1538 4346 1641 4418 anci
1669 4347 1794 4434 illam,
1825 4347 1929 4418 Hun-
2024 4395 2025 4446 3

371 4467 463 4559 gari,
492 4469 549 4541 vel
577 4469 764 4543 Bessarahi
791 4475 1015 4562 occuparent,
1044 4470 1225 4563 allegatis,
1254 4470 1373 4544 venire
1391 4490 1453 4560 per
1471 4465 1644 4540 notabiles
1672 4467 1846 4553 nuntios,
1876 4465 1928 4537 vi-

372 4586 501 4662 delieet
527 4589 718 4664 Iohannem
745 4589 894 4662 11101110
921 4590 1117 4682 palatinum
1142 4590 1323 4678 Podolias,
1357 4595 1392 4663 et
1419 4588 1649 4680 Spithlronem
1681 4585 1724 4657 de
1752 4586 1927 4659 Iaroslav
2024 4569 2025 4622 ³

373 4708 663 4784 subcamerarium
695 4709 1015 4799 Praemisliensem,
1050 4712 1093 4783 ad
1121 4733 1199 4785 enm
1231 4731 1342 4802 usqne
1369 4707 1511 4796 missos,
1544 4705 1738 4779 accersitus
1766 4706 1927 4793 distulit,
2024 4735 2025 4794 p

373 4831 409 4900 el
427 4829 531 4902 verbo
559 4829 699 4920 quidem
716 4830 882 4903 hostilem
901 4829 1118 4904 iuvasionem
1136 4853 1198 4924 pro
1218 4831 1275 4904 sui
1293 4830 1518 4904 excusatione
1543 4827 1756 4919 opponebat,
1788 4847 1828 4899 re
1848 4848 1930 4900 vera
2024 4845 2025 4848 ‘

372 4952 489 5022 autem
516 4948 759 5042 captivitatem
785 4951 985 5042 verebatur,
1015 4973 1119 5045 quam
1147 4973 1200 5041 se,
1228 4972 1272 5024 ex
1299 4951 1548 5023 nonnullorum
1566 4947 1858 5022 consiliariorum
1877 4969 1927 5020 10-

400 5254 405 5267 ·
471 5241 504 5322 ‘¹)
526 5261 592 5306 eum
613 5244 768 5306 Elisabeth
789 5243 905 5322 Regina
926 5239 990 5305 Ed.
1013 5239 1104 5326 Dipo.
1136 5237 1549 5320 2)0111110011010101Ε11.
1573 5237 1668 5323 Lipe.
1700 5238 1927 5318 ³)eompuhn·
2024 5309 2025 5314 ,

374 5349 428 5410 des
450 5344 515 5410 Ed.
538 5345 630 5430 Lipa.
662 5345 690 5428 ⁴)
717 5348 892 5410 Craeoviam
920 5353 1018 5409 autem
1039 5342 1104 5412 Ed.
1128 5341 1218 5428 Lutra.
1250 5341 1277 5424 ⁶)
1307 5347 1417 5407 mensis
1443 5343 1573 5406 Ianuarii
1596 5343 1759 5404 CasImirus
1784 5343 1929 5404 Poloniae
2024 5339 2025 5388 l

373 5452 438 5512 Ber
459 5452 596 5529 hnqnom
618 5448 681 5515 Ed.
706 5447 796 5534 Lipa.
819 5448 846 5531 ⁶)
869 5449 1023 5512 Elisabeth
1043 5449 1160 5526 Regina
1180 5444 1244 5509 Ed.
1268 5445 1360 5530 Lipo.
2024 5441 2025 5452 ²
