4152 6270
163 556 232 656 (Α.
250 556 297 630 D.
318 555 445 656 1454.)
684 581 794 632 crena
820 581 1065 634 nuouncrnus
1093 563 1207 652 (xm).
1641 564 1714 635 169
1816 541 1819 547 ’

117 787 119 790 ·
168 786 255 854 „nos
283 765 431 856 superbe
458 785 630 858 avareque
658 767 759 840 nobis
787 767 1015 859 imperantes,
1050 773 1136 859 quot
1162 771 1256 840 terra
1287 767 1454 842 Prussiae
1480 767 1592 860 gessit
1618 767 1715 842 com-

167 886 428 977 ,mendatores:
449 907 527 959 cum
545 888 789 980 unusquisque
807 888 949 962 illorum
969 891 1108 981 plenam
1126 888 1347 981 principandi
1362 893 1398 961 et
1412 888 1608 981 imperandi
1623 889 1716 981 apud

167 1030 230 1098 ,se
257 1007 449 1082 consistere
475 1007 714 1082 arbitrabatur
741 1015 969 1100 potestatem
1003 1032 1071 1103 qua
1104 1009 1244 1101 quidem
1276 1009 1392 1082 inflati
1424 1009 1584 1099 licentia,
1614 1009 1717 1082 obliti

167 1127 418 1220 „professionis
446 1149 546 1216 suae,
575 1151 643 1221 qua
671 1135 791 1203 contra
818 1131 976 1205 infideles
994 1131 1148 1204 militare
1167 1130 1439 1223 spoponderant,
1467 1131 1567 1204 nulla
1586 1129 1717 1204 offensa

167 1255 254 1338 „aut
282 1249 412 1322 iniuria
438 1250 633 1340 provocati,
662 1251 699 1324 in
726 1252 861 1344 Reges,
891 1253 1142 1344 Principesque
1169 1251 1352 1339 Poloniee‚
1383 1272 1529 1343 quorum
1548 1250 1715 1324 beneficio

166 1369 353 1458 „accersiti
380 1371 423 1442 ad
451 1370 748 1462 impugnationem
768 1372 980 1462 infidelium,
1010 1372 1191 1464 dotatique
1209 1377 1244 1448 et
1261 1371 1420 1446 instituti
1438 1373 1591 1457 fuerant,
1621 1357 1717 1444 arma

167 1491 453 1579 „convertebant
482 1491 635 1564 Foedere
662 1493 813 1584 primum
833 1514 911 1566 curn
931 1493 1077 1566 Domino
1103 1493 1299 1581 Karimiro,
1328 1492 1452 1568 deinde
1471 1513 1549 1565 cum
1569 1492 1716 1564 Domino

166 1611 406 1700 „Wladislao,
441 1611 597 1704 Regibus
630 1613 813 1702 Poloniee‚
841 1635 904 1705 per
930 1614 1013 1686 illos
1047 1618 1171 1705 quater
1202 1615 1339 1686 firmato
1372 1620 1407 1686 et
1439 1611 1544 1688 toties
1572 1613 1716 1701 violato,

167 1733 307 1824 „Regni
343 1732 510 1806 Poloniae
546 1740 674 1822 terras,
712 1733 782 1806 nisi
815 1735 973 1808 cladibus
1006 1735 1131 1808 domiti
1158 1735 1326 1824 fuissent,
1363 1736 1589 1814 decreverant
1617 1754 1716 1808 occu-

166 1875 294 1945 „passe
313 1854 353 1942 ¹),
384 1858 546 1946 cogentes
578 1876 642 1926 nos
673 1855 716 1926 ad
744 1856 933 1948 gerendum
966 1877 1083 1930 secum
1116 1855 1250 1930 iniusta
1281 1856 1390 1944 bella,
1425 1854 1509 1930 licet
1535 1854 1718 1928 nobiscum

166 1995 370 2066 ,nunquam
398 1995 469 2048 rem
489 1974 661 2067 integram
676 1975 706 2064 2)
735 1975 982 2050 communicati
1001 1977 1167 2050 fuissent:
1197 1998 1275 2052 curn
1294 1976 1376 2050 illos
1395 1975 1439 2048 ad
1462 1975 1527 2048 illa
1546 1975 1716 2064 obeunda,

166 2095 325 2184 „alienos
352 2096 440 2167 fines
468 2096 660 2186 occupandi
688 2097 811 2184 lamec,
841 2101 902 2168 aut
930 2097 1037 2184 livor,
1071 2098 1270 2190 fastusque,
1303 2118 1372 2168 nou
1399 2095 1494 2170 iusta
1521 2117 1627 2168 eausa
1658 2117 1716 2170 ur·
1781 2091 1785 2096 ’

167 2221 305 2308 „geret3
334 2215 371 2286 iu
399 2214 527 2306 quibus
555 2217 687 2304 clades,
717 2217 902 2306 orbitates
935 2219 1222 2310 fortunarumque
1250 2222 1285 2291 11
1303 2239 1418 2291 rerum
1437 2222 1637 2290 nostrarum
1656 2237 1715 2308 pe·

167 2335 425 2426 „riclitationes
453 2336 531 2408 illic
558 2342 739 2428 exceptas,
769 2343 867 2410 tanto
895 2338 1019 2412 maiori
1043 2339 1276 2412 amaritudine
1294 2339 1555 2430 prosequimur,
1586 2341 1716 2428 quanto

168 2462 331 2546 ,constat
358 2479 436 2545 nos,
467 2457 613 2548 irnperio
641 2458 847 2531 Praesidum
880 2464 1077 2532 nostrorum
1105 2465 1260 2548 coactos,
1282 2471 1361 2531 ‘non
1394 2460 1507 2532 solnm
1535 2478 1717 2550 corporum

168 2583 387 2666 η11111111,
418 2578 478 2650 sed
506 2577 611 2650 ctiam
639 2578 834 2652 animarum
862 2585 1061 2652 nostrerum
1088 2601 1150 2672 per
1177 2579 1328 2652 iniustas
1355 2579 1448 2652 acies
1477 2578 1717 2670 1111111111-

168 2696 391 2788 ἲ1111111113)
426 2697 629 2785 discrimen,
665 2703 700 2772 et
731 2699 907 2791 capitibus
941 2701 1072 2774 nostris
1105 2721 1205 2774 omne
1238 2701 1353 2774 scelus
1384 2699 1510 2772 iniusti
1542 2698 1628 2772 belli
1656 2719 1717 2771 ex-

168 2819 326 2910 ,piusse,
355 2817 524 2910 Magistro
547 2824 582 2892 et
601 2818 730 2892 Ordine
748 2825 887 2892 nostras
907 2821 1024 2894 eludes
1043 2821 1154 2914 magis
1175 2841 1219 2894 ex
1238 2841 1317 2894 arce
1336 2819 1593 2912 spectantibus,
1605 2839 1718 2910 ,11111

168 2939 444 3029 ,relevantibus
474 2940 604 3012 Verum
633 2961 711 3012 cunr
739 2945 792 3012 tot
819 2941 914 3012 mala
940 2942 1039 3014 nullo
1067 2941 1216 3014 termino
1243 2946 1306 3014 aut
1324 2941 1438 3034 spatio
1463 2941 1660 3014 rideremus
1678 2941 1718 3012 fi-

168 3061 278 3150 ,niri‚
309 3065 414 3153 atque
433 3061 550 3149 nobis,
579 3061 800 3153 posterisque
819 3061 966 3150 nostris,
996 3061 1144 3136 maiores
1163 3062 1399 3150 calamitates,
1430 3061 1615 3148 orbitates,
1645 3060 1717 3132 lla-

168 3182 305 3274 „gistro
333 3187 367 3254 et
395 3181 523 3254 Ordine
555 3181 722 3254 Prussiae
750 3183 793 3253 ed
821 3183 1052 3274 rumpendum
1084 3204 1162 3256 cum
1195 3173 1291 3276 Re‘ge
1323 3189 1358 3255 et
1384 3183 1506 3275 Regno
1537 3180 1716 3270 Poloniee‚

168 3303 320 3392 „ultimo
348 3301 520 3394 corporali
548 3302 756 3394 interposito
784 3303 997 3391 iuramento,
1027 3325 1048 3376 1
1075 3325 1143 3396 quo
1171 3324 1209 3377 se
1236 3303 1374 3377 absolvi
1401 3302 1549 3376 Consilii
1576 3321 1717 3394 genera-

167 3423 240 3514 „lis
269 3422 478 3496 Basilicusis
506 3427 541 3496 et
568 3423 704 3496 Summi
731 3423 915 3497 Pontificis
949 3423 1159 3498 auctoritate
1191 3423 1383 3516 multiplici
1415 3421 1586 3496 instantia
1614 3441 1717 3514 expe·

167 3544 331 3634 ,tabant
364 3547 548 3635 pertusum
582 3544 703 3616 foedus
739 3549 775 3616 ct
810 3545 904 3618 bella
937 3545 979 3618 de
1010 3565 1100 3616 novo
1127 3545 1279 3636 gerenda
1307 3543 1501 3636 aspirante,
1538 3543 1718 3635 parari⁴):

167 3665 303 3757 „ligem
331 3669 485 3736 nostram
514 3669 549 3736 et
576 3664 740 3738 unionem
756 3663 785 3753 5)
815 3685 951 3737 omnem
970 3664 1161 3754 iustitiam,
1190 3665 1472 3756 aequitatemque
1490 3663 1718 3752 redolentem,

167 3807 264 3876 „non
297 3805 387 3876 quae
421 3783 496 3856 illis
532 3787 741 3875 potestatem
769 3784 898 3856 iustam
927 3785 1110 3873 adimeret,
1145 3785 1206 3858 sed
1239 3805 1328 3876 quae
1355 3785 1489 3858 iniuste
1516 3783 1598 3856 illos
1624 3783 1719 3857 bella

168 3904 390 3996 „suscipere
419 3910 454 3977 11
480 3905 518 3976 11
546 3926 610 3976 111
638 3905 769 3996 absque
796 3905 872 3977 iure
900 3912 935 3977 ct
963 3905 1147 3994 demerito,
1178 3926 1287 3978 vacuo
1306 3905 1360 3978 uti
1379 3925 1558 3992 mucrone,
1586 3925 1719 3996 nosque

167 4026 348 4116 „fortunis
375 4029 410 4098 et
436 4025 541 4098 rebus
570 4026 700 4098 nostris
729 4026 881 4116 spoliare
906 4026 1122 4118 prohiberet,
1152 4026 1332 4098 inivimus.
1366 4027 1482 4112 Hanc,
1511 4045 1588 4097 cum
1617 4023 1719 4096 annis

168 4147 357 4238 ,pluribus
385 4166 447 4237 per
474 4167 552 4236 nos,
582 4145 744 4238 Magistri
772 4151 808 4218 et
835 4145 975 4218 Ordinis
1008 4167 1194 4234 consensu,
1236 4168 1277 4219 uc
1303 4145 1545 4238 imperialibus
1573 4144 1717 4236 privile·

167 4268 265 4360 „giis
293 4272 328 4342 et
355 4267 665 4340 confirmetonibus
693 4267 843 4359 desuper
876 4267 1003 4356 dotati,
1038 4267 1284 4340 habuissemus
1316 4267 1353 4338 11
1380 4287 1463 4355 111,
1498 4263 1721 4338 observantia

168 4393 231 4478 ,et
248 4387 368 4478 praxi,
398 4391 497 4458 tauto
525 4388 662 4476 ardore,
693 4409 775 4460 cura
804 4397 839 4460 ct
862 4387 1105 4476 solicitudine,
1133 4409 1195 4480 pro
1224 4387 1323 4460 illius
1341 4391 1511 4479 perpetua
1529 4385 1720 4460 abolitione

168 4508 356 4599 „certatim
385 4529 453 4580 non
481 4509 696 4581 crubuerunt
725 4508 905 4596 insistere,
934 4513 974 4580 ut
1001 4529 1080 4600 nos,
1109 4509 1208 4582 uelut
1235 4507 1411 4597 ethnicos,
1440 4505 1717 4598 haereticosque,

167 4650 310 4720 „coram
339 4628 481 4700 Summe
509 4629 680 4702 Pontifice
716 4635 927 4717 assererent,
966 4633 1000 4702 11
1028 4629 1152 4702 deinde
1179 4629 1223 4701 ad
1247 4627 1429 4720 imperiale
1446 4627 1627 4700 traherent
1654 4625 1717 4698 tri·

168 4750 319 4843 ,buual:
349 4771 418 4821 non
437 4771 505 4840 quo
524 4761 586 4840 per
605 4750 882 4844 abrogationem,
911 4748 1207 4841 violationemque
1239 4747 1441 4822 huiusmodi
1459 4752 1599 4821 nostrae
1618 4745 1717 4819 unio·

167 4871 250 4962 ,nis
279 4877 314 4944 et
341 4870 433 4962 ligae
460 4869 594 4960 aliquid
623 4870 794 4943 commodi
813 4875 875 4942 eut
893 4870 1070 4962 profectus
1094 4873 1332 4961 capesserent,
1361 4867 1422 4941 sed
1440 4873 1481 4940 11
1499 4889 1538 4941 11
1557 4865 1717 4955 liberius,

167 4992 358 5084 „obstante
385 4989 460 5063 illis
487 4990 641 5079 nemine,
670 4990 863 5064 execranda
888 4989 984 5062 bella
1011 4989 1100 5083 Regi
1127 4993 1163 5062 11
1189 4989 1311 5082 Regno
1342 4988 1524 5078 Poloniee‚
1555 4985 1717 5061 caeteris·

277 5283 301 5366 ¹)
326 5303 470 5363 occupare
493 5279 556 5344 Ed.
588 5279 677 5364 Lu'ps.
710 5281 737 5360 1)
759 5283 904 5358 ingratam
929 5278 993 5341 Ed.
1017 5277 1108 5363 Lips.
1140 5279 1166 5360 ³)
1189 5279 1362 5341 distraxisse
1386 5275 1448 5341 Ed.
1472 5276 1563 5361 Lipe.
1591 5275 1618 5355 ⁴)
1641 5277 1718 5355 aspi·

159 5395 267 5468 rante,
290 5395 474 5464 conantequc
496 5384 560 5448 Ed.
583 5384 673 5468 Lips.
699 5383 724 5464 5)
749 5391 779 5446 11
800 5387 938 5446 unionem
961 5385 1124 5444 dissolvere
1146 5379 1324 5466 111111.

189 5646 215 5687 J.
230 5643 328 5693 Dlugos.
344 5643 426 5683 Hister
438 5643 517 5701 Polpn.
532 5643 557 5684 Τ.
573 5643 601 5684 V.
