4040 6290
74 547 145 651 (Α.
163 547 210 626 D.
230 548 358 649 1474.)
590 571 703 624 umus
729 571 974 627 nucnncnrus
1001 555 1116 645 (xm).
1551 556 1624 628 605

74 761 172 833 terro
198 761 340 852 agerent
366 757 529 850 praedos,
557 778 579 829 a
604 757 769 850 gentibus
794 757 903 852 regiis
930 759 1111 833 conflictae
1129 758 1158 849 ¹)
1186 763 1285 849 sunt,
1313 762 1350 834 et
1373 759 1469 834 omni
1494 761 1623 852 praede

74 883 212 972 erepta,
241 877 381 952 centnm
407 876 518 970 capti,
546 877 676 972 reliqui
702 883 764 951 aut
791 877 996 968 desiderati,
1024 885 1086 952 aut
1114 879 1238 973 fugati.

74 1235 246 1307 lotennes.
261 1234 460 1324 tegmentis
481 1233 552 1306 ltu
573 1251 691 1324 rurgno
720 1234 828 1321 clade,
858 1235 1034 1326 spoliisque
1065 1237 1101 1307 et
1125 1235 1300 1322 incendiis,
1329 1252 1395 1308 non
1418 1237 1489 1310 sire
1512 1238 1623 1310 terrm

75 1373 138 1428 ooo
159 1355 259 1441 molo,
281 1354 429 1426 lotorem
450 1353 612 1426 reburro
635 1354 756 1442 aucit,
779 1355 915 1426 tutiore
936 1358 971 1428 et
985 1355 1182 1445 instigatore
1197 1355 1317 1428 latria
1331 1356 1512 1459 ilungrriro
1527 1355 1625 1446 rege.

182 1603 327 1677 Exarsit
353 1605 391 1675 ct
418 1601 516 1674 aliud
543 1600 581 1674 in
607 1601 790 1674 Poloniam
818 1601 983 1674 Maiorem
1009 1601 1153 1675 bellum.
1182 1601 1335 1700 Mattius
1362 1603 1455 1677 enim
1478 1605 1623 1697 Hungu-

73 1725 149 1798 riae
175 1725 254 1797 Rex
287 1721 507 1796 omnifariam
538 1722 670 1822 Regem
685 1719 716 1810 2)
749 1725 784 1794 et
814 1721 976 1814 Regnum
1007 1721 1173 1794 Peloniae
1205 1723 1453 1813 lacessitums,
1492 1724 1619 1797 Ichan-

74 1866 157 1919 nem
185 1845 418 1936 Zeganensem
449 1842 597 1930 Ducem,
631 1841 712 1914 data
743 1841 907 1934 pecunia,
941 1845 1249 1935 quantumcunque
1276 1843 1308 1916 is
1335 1844 1492 1936 petebat,
1522 1844 1622 1916 inid

74 1965 209 2038 bellum
229 1964 412 2036 subornat:
441 1982 544 2054 quem
563 1967 687 2054 suapte
702 1959 733 2051 ³)
762 1965 797 2036 et
815 1962 927 2034 furiae
946 1961 1180 2036 fratricidales
1199 1967 1416 2056 (germanum
1435 1964 1527 2038 enirn
1545 1985 1623 2055 pro·

74 2084 192 2176 prium
220 2081 411 2157 Henricum
439 2083 504 2156 sub
532 2103 571 2156 eo
586 2082 618 2172 4)
646 2083 782 2174 nganc
809 2081 939 2174 impius
967 2081 1157 2172 occiderat)
1185 2089 1221 2157 et
1243 2085 1419 2158 dementia
1435 2085 1622 2174 naturalis,

76 2225 148 2298 qua
174 2203 391 2297 agitabatur,
425 2203 486 2294 qui
519 2221 655 2274 omnem
681 2202 884 2294 patrimonii
914 2201 1144 2292 miseriem,
1177 2204 1350 2277 Ducatum
1378 2205 1623 2298 reginensem,

75 2323 338 2400 Marcbionibus
361 2321 618 2396 Misenensibus
641 2344 753 2415 nuper
781 2323 1000 2412 vendiderat,
1029 2323 1244 2416 impellebat.
1280 2326 1335 2416 Is,
1364 2326 1512 2399 collecta
1539 2346 1623 2418 qna·

76 2450 159 2518 tuor
185 2443 339 2517 millium
365 2464 471 2516 manu
499 2463 542 2516 en
569 2443 784 2518 militaribus
812 2443 961 2534 Simius,
995 2444 1086 2518 inter
1113 2465 1200 2537 quos
1228 2447 1327 2519 erunt
1354 2446 1536 2535 semones,
1565 2466 1623 2518 su-

75 2571 186 2653 tores,
207 2569 358 2638 sartores
374 2562 417 2653 ὃ),
437 2563 634 2656 caeterique
653 2563 847 2638 mechanici
870 2585 914 2638 ex
933 2565 1164 2638 Wratislcvia
1188 2564 1290 2638 illum
1310 2566 1438 2655 secuti,
1468 2569 1504 2640 et
1521 2564 1623 2638 Wra-

77 2685 341 2761 tislauiensium
376 2684 575 2759 bombardis
607 2685 708 2758 iussu
739 2686 849 2778 Regis
885 2685 1088 2778 Hungarioe
1107 2685 1139 2775 θ)
1177 2684 1245 2758 sibi
1277 2685 1437 2775 traditis,
1470 2685 1624 2772 adiutos,

77 2808 172 2882 Odra
189 2807 283 2900 apud
302 2805 500 2880 Stinaoiem
518 2807 606 2879 rade
626 2807 775 2900 quodam
795 2812 830 2879 ct
847 2827 909 2898 per
925 2811 1068 2898 pontem
1088 2811 1270 2898 superato,
1290 2805 1385 2899 Rege
1401 2805 1431 2896 ⁷)
1458 2805 1625 2878 Peloniae

78 2931 267 3002 cunctante
299 2932 334 3001 et
360 2949 433 3000 rem
460 2948 586 2999 uanam
600 2926 644 3018 ⁸),
678 2927 763 3002 licet
796 2927 865 3000 sibi
890 2947 953 3019 per
980 2947 1062 3000 suos
1094 2926 1224 3000 amicos
1256 2925 1547 3014 denuntiabatur,
1583 2929 1625 2996 ut

76 3049 135 3122 sui
161 3047 268 3122 moris
296 3050 366 3137 est,
395 3051 651 3136 contemnente,
676 3047 715 3121 in
733 3069 828 3122 oram
855 3047 1160 3136 Wschcuiensem‚
1190 3046 1291 3140 quasi
1318 3045 1512 3139 propriam,
1541 3066 1622 3119 con·

75 3173 133 3241 tro
158 3166 327 3240 Peloniae
354 3167 486 3260 Regem
513 3170 762 3259 prosecuturus
790 3166 971 3256 iniurium,
1001 3167 1146 3259 irrupit,
1175 3171 1210 3240 et
1233 3166 1398 3259 oppidum
1424 3165 1621 3255 Wschoua,

75 3291 193 3362 certus
225 3287 267 3360 de
298 3285 512 3379 proditione,
547 3287 771 3361 vehementer
802 3288 845 3362 ab
878 3287 1039 3361 omnibus
1069 3287 1230 3380 partibus
1261 3287 1466 3380 impugnare
1497 3286 1623 3378 coepit.

77 3407 152 3482 Sub
179 3428 247 3500 quo
274 3411 446 3499 tempore,
475 3403 559 3481 licet
585 3408 782 3500 proditores
809 3409 852 3481 ab
880 3428 919 3481 eo
948 3407 1166 3481 subordinati
1194 3407 1361 3500 oppidum
1383 3407 1568 3481 Wschoua
1586 3407 1624 3480 in

76 3528 165 3601 locis
192 3527 373 3601 duedecim
400 3526 654 3600 intendissent:
683 3527 905 3620 prouidentia
931 3533 1048 3602 tamen
1080 3527 1225 3617 ciuium,
1260 3527 1459 3602 incendium
1486 3527 1621 3601 extinc-

76 3655 153 3722 tum
182 3652 252 3737 est,
285 3652 320 3720 et
346 3649 466 3721 hostes
493 3669 514 3720 a
540 3647 651 3720 muris
683 3653 841 3736 strenue,
875 3669 953 3720 cnm
985 3669 1111 3740 magna
1143 3669 1207 3721 sua
1239 3649 1337 3722 clade
1369 3653 1405 3722 et
1431 3647 1623 3742 ignominia

75 3768 223 3861 repulsi.
258 3768 332 3859 Quo
365 3767 483 3840 dolore
514 3767 679 3860 permoti,
712 3788 777 3841 nec
808 3769 975 3842 audentes
1006 3768 1158 3841 ulterius
1190 3769 1368 3862 progredi,
1405 3768 1623 3860 consumptis

76 3890 160 3982 igne
187 3887 355 3961 territorii
382 3887 646 3962 Wschcuiensis
675 3888 817 3980 optimis
845 3893 881 3962 et
906 3889 1052 3980 pulchre
1080 3888 1272 3962 aedificatis
1300 3888 1416 3978 uillis,
1445 3889 1489 3961 ad
1507 3889 1620 3962 taber-

76 4030 176 4098 nam,
200 4028 288 4100 quae
306 4007 508 4080 Gnartbcua
526 4007 672 4097 dicitur,
701 4029 738 4082 se
765 4009 996 4098 reduxerunt,
1025 4008 1137 4083 medic
1165 4009 1311 4082 milliari
1329 4031 1350 4082 a
1368 4008 1550 4103 Glogouia.
1578 4009 1623 4082 In

77 4149 148 4221 qua
174 4128 300 4200 castris
326 4127 470 4219 positis,
501 4129 724 4202 excursiones
751 4129 788 4201 in
815 4129 998 4202 Peloniam
1025 4129 1214 4218 faciebant,
1235 4133 1270 4202 et
1287 4131 1433 4222 praedas
1451 4129 1489 4202 in
1508 4132 1624 4203 castra

75 4249 290 4336 referebant,
319 4246 480 4320 omnibus
508 4247 721 4322 militaribus
749 4249 891 4323 Maioris
919 4249 1086 4323 Peloniae
1104 4249 1141 4322 in
1160 4254 1291 4323 metum
1310 4255 1346 4323 ct
1364 4250 1621 4323 cunctationem

76 4367 206 4456 uersis,
234 4369 374 4459 praeter
401 4367 514 4440 solnm
542 4368 686 4441 Petrum
713 4369 900 4458 tinnienti,
933 4389 1057 4463 genere
1083 4369 1237 4443 nobilem
1260 4371 1302 4444 ds
1321 4369 1456 4443 familia
1482 4368 1620 4458 Prussi,

79 4487 142 4581 qui
176 4487 272 4560 solus
300 4487 503 4577 monicus,
536 4479 616 4560 cuin
647 4488 795 4582 triginte
827 4489 1060 4562 familiaribus
1091 4489 1129 4562 in
1155 4493 1329 4563 trecentos
1359 4491 1479 4564 hostes
1510 4489 1624 4582 spolia

77 4611 223 4700 agentes
250 4605 404 4694 irruens,
433 4610 467 4679 et
495 4626 630 4680 omnem
657 4607 757 4680 illam
784 4609 1048 4682 multitudinem
1075 4630 1155 4683 cnm
1182 4630 1246 4682 sua
1271 4609 1450 4701 paucitate
1467 4615 1620 4703 prester·

76 4747 181 4815 nens,
210 4725 248 4798 in
274 4725 449 4818 reliquum
477 4726 670 4800 exercitum
696 4728 879 4818 hostilem,
913 4730 1039 4822 quiin
1066 4730 1226 4804 curribus
1254 4730 1534 4820 recontinebat,
1562 4751 1622 4823 pa-

76 4867 157 4919 rum
185 4845 331 4938 provide
361 4844 514 4935 irruens,
547 4847 732 4921 conclusus
769 4849 949 4943 quadrigis
976 4849 1081 4957 stab
1107 4850 1269 4924 hostibus
1295 4850 1450 4943 undique
1477 4851 1623 4926 circum·

76 4969 220 5055 uentus,
255 4964 444 5059 gloriosam
471 4970 506 5039 et
532 4967 723 5042 nctobilom
755 4947 918 5058 mortem,
950 4969 1073 5062 paucis
1105 4971 1147 5044 de
1179 4971 1254 5044 suis
1286 4971 1533 5062 evadentibus,
1562 4992 1621 5064 op·

186 5256 209 5338 ¹)
231 5257 406 5336 profligatae
434 5253 498 5325 Ed.
522 5253 614 5341 tipo.
647 5256 869 5338 ²>casimirum
899 5260 1011 5338 Regem
1043 5257 1107 5326 Ed.
1131 5258 1221 5344 Lipo.
1253 5259 1280 5341 θ)
1304 5267 1409 5340 suapte
1432 5268 1537 5341 sponte
1559 5257 1622 5326 Ed.

78 5359 172 5445 Dipo.
196 5356 223 5442 ⁴)
245 5362 411 5438 conquisito
433 5363 488 5423 sub
511 5380 546 5424 eo
567 5359 631 5424 Ed.
654 5359 745 5446 Lupo.
768 5361 796 5442 ³)
817 5363 960 5426 farctores
982 5361 1045 5426 Ed.
1068 5361 1162 5447 Lipr.
1186 5362 1213 5444 ⁰)
1235 5365 1366 5428 Matiniac
1387 5367 1479 5445 Regis
1500 5368 1622 5445 Huuga·

76 5466 140 5526 riae
161 5460 226 5528 md.
248 5460 339 5547 tipo.
364 5459 389 5545 ⁷)
414 5463 558 5527 (tasimiro
579 5466 661 5543 Rege
685 5459 749 5528 Ed.
772 5463 914 5549 ΜΡΝ)
929 5472 969 5529 ut
991 5485 1099 5528 vanam
1121 5464 1185 5532 md.
1206 5464 1298 5551 Dipo.
