4046 6278
417 533 493 606 424
929 553 1043 608 nrann
1068 553 1314 608 nnonncnrus
1341 538 1457 626 (xm).
1692 532 1761 634 (Α
1782 533 1830 608 D.
1849 533 1986 634 1400.)

417 759 499 812 uam
526 737 719 829 offendens,
749 737 1011 832 responsionem
1038 739 1256 833 Ecaigeri1),
1286 739 1355 814 sibi
1382 739 1557 830 insinuat,
1585 761 1728 834 rogans,
1757 745 1801 814 ut
1818 741 1983 818 Catholi-

418 857 485 948 cis,
514 859 709 933 catholicus
736 859 812 952 ipse
838 859 1024 952 Princeps,
1053 865 1240 953 postquem
1268 860 1305 934 iu
1332 855 1412 934 euni
1439 860 1554 934 omnis
1582 861 1834 936 Thartarorum
1864 865 1984 938 relate

418 979 507 1054 foret
521 977 553 1070 ²)
580 985 754 1073 potestas,
794 985 1029 1070 succurreret,
1066 986 1102 1053 et
1135 980 1450 1074 opportunitatem,
1487 987 1559 1055 tam
1591 983 1740 1056 collatae
1770 985 1982 1076 potestatis,

418 1120 524 1191 quam
550 1102 719 1193 temporis
746 1122 817 1174 non
843 1103 1052 1197 negligeret3
1080 1102 1218 1176 abunde
1245 1123 1384 1195 qnoque
1402 1124 1440 1177 se
1458 1101 1676 1195 intelligeret
1694 1104 1853 1195 felicem,
1885 1113 1981 1197 post

422 1241 526 1314 quam
554 1225 625 1294 tarn
653 1222 844 1298 necessarii
871 1229 906 1298 ot
933 1223 1125 1298 christiano
1153 1224 1283 1316 populo
1306 1223 1408 1298 utilis
1431 1221 1519 1298 balli
1536 1223 1575 1298 in
1592 1244 1630 1298 ss
1648 1224 1784 1298 rideret
1808 1225 1982 1300 recidisse

418 1341 582 1432 arbitria,
610 1341 901 1438 ingratitudinem
928 1344 1105 1418 inlisum
1133 1350 1169 1418 et
1193 1344 1352 1420 homiues
1382 1349 1655 1433 monstraturus,
1684 1344 1716 1418 si
1740 1365 1778 1420 se
1796 1346 1916 1420 huius
1932 1349 1981 1422 rai

419 1463 652 1556 neglectorem
683 1464 845 1557 gesserit.
877 1465 1080 1564 Respondit¹
1099 1468 1215 1539 autom
1240 1465 1443 1538 Karimirus
1475 1466 1569 1554 Rex,
1604 1465 1812 1558 sequidem
1844 1467 1981 1540 dudum

419 1587 572 1676 stragem
600 1589 636 1657 et
663 1584 912 1670 exterminium
944 1585 1049 1658 larci
1080 1583 1259 1677 optavisse
1287 1589 1322 1658 ot
1350 1589 1552 1677 optaturum
1585 1605 1721 1679 semper
1754 1588 1845 1675 lore,
1884 1587 1983 1661 ralut

420 1695 615 1778 communie
643 1708 678 1778 et
695 1704 828 1797 priuati
854 1705 986 1794 hostis,
1015 1705 1077 1798 qui
1096 1724 1180 1779 snae
1198 1705 1343 1780 ditionis
1362 1705 1468 1780 torris
1487 1706 1697 1799 occupandis
1715 1707 1853 1796 inhiat3
1886 1709 1977 1782 rahe

420 1828 538 1898 tamon
564 1845 637 1898 rem
664 1825 708 1898 ad
727 1826 908 1899 Praelatos
927 1830 963 1898 et
981 1825 1204 1900 consiliarios
1223 1826 1339 1920 Regni
1357 1825 1541 1916 Poloniae,
1561 1831 1596 1900 et
1614 1827 1658 1900 ad
1676 1827 1832 1902 diaetam
1851 1829 1978 1920 Ppolr·

420 1943 638 2035 horicusom,
666 1967 730 2038 pro
758 1945 931 2020 sedecima
957 1946 1013 2019 die
1040 1945 1160 2020 Martii
1175 1944 1206 2036 3)
1238 1947 1440 2036 tenendam,
1473 1948 1618 2037 referre,
1651 1951 1759 2040 atqua
1786 1969 1834 2022 ax
1863 1969 1979 2022 eorum

421 2065 596 2138 sententia
622 2067 842 2158 respondere.
870 2066 969 2140 ruht
995 2066 1033 2139 iu
1060 2070 1242 2160 acceptum
1269 2067 1475 2142 Patriarcha
1502 2067 1746 2142 Antiocheuus
1773 2068 1979 2142 huiusmodi

421 2206 628 2277 responsum
644 2187 688 2277 ⁴),
717 2193 823 2280 atque
850 2209 871 2260 a
897 2186 1078 2260 Karimiro
1105 2188 1202 2282 Roga
1224 2188 1472 2281 pulcherrimis
1490 2189 1683 2263 honoratus
1698 2189 1730 2278 ⁵)
1758 2189 1977 2274 muneribus,

423 2305 461 2379 in
480 2306 681 2380 cracoviam
711 2306 931 2400 quindecima
957 2307 1142 2382 Februarii
1159 2307 1337 2402 peruenit3
1356 2309 1483 2384 abinde
1500 2309 1545 2384 ad
1564 2309 1749 2382 Summum
1768 2309 1977 2383 Pontificem

423 2431 459 2500 et
486 2427 739 2520 Imperatorem
764 2428 1017 2517 Romanorum,
1050 2428 1279 2502 nuntiaturus
1306 2428 1363 2502 illi
1391 2429 1548 2523 singula,
1577 2450 1667 2522 quae
1695 2430 1793 2522 apud
1822 2429 1978 2522 Ecaigmi

421 2548 669 2622 Thartarcrum
696 2549 945 2642 Imperatorem
972 2553 1008 2622 et
1035 2548 1254 2624 Kaaimirum
1281 2549 1448 2624 Poloniae
1474 2551 1606 2644 Regem
1632 2555 1815 2646 gesserat,
1844 2550 1962 2624 rediit.

872 2902 1085 3017 ANNUS
1121 2899 1351 3016 DOMINI
1385 2901 1525 3015 1466.

424 3149 560 3222 locatur
581 3145 766 3239 augleumt
788 3147 962 3238 quiriacus
983 3147 1018 3218 lu
1040 3146 1142 3234 lacto,
1171 3163 1269 3218 nanu
1291 3145 1420 3236 quidam
1441 3146 1594 3218 lohanuia
1615 3145 1862 3236 lpenpanaaak
1886 3145 1977 3216 arati

425 3270 553 3344 dreani
583 3269 782 3343 homoousio
810 3271 845 3341 at
867 3269 1087 3342 lmoiotanalr
1116 3267 1246 3354 droam,
1275 3267 1360 3340 doda
1389 3284 1467 3340 raro
1496 3268 1608 3339 ucria
1630 3283 1726 3354 rrae,
1758 3267 1978 3340 trulmanna

1117 3387 1284 3461 occiditur.

529 3637 722 3713 Mansionis
750 3658 833 3712 suae
860 3644 1032 3730 tempore,
1062 3635 1266 3710 Karimirus
1291 3635 1461 3710 Poloniae
1487 3636 1582 3725 Rex,
1609 3657 1672 3728 pro
1696 3635 1827 3709 diebus
1854 3634 1975 3709 hiemis

426 3759 519 3853 apud
546 3759 793 3834 Lithuauicam
826 3779 921 3832 oram
954 3757 1129 3847 stabilito,
1163 3757 1269 3832 etiam
1298 3761 1452 3832 sacratos
1485 3757 1561 3830 illic
1593 3755 1752 3830 natalitii
1780 3755 1975 3830 salvatoris

425 3880 538 3954 nostri
564 3881 657 3970 dies,
684 3901 755 3954 una
782 3898 860 3951 cum
888 3883 1048 3952 consorte
1075 3899 1140 3952 sua
1166 3877 1303 3972 Regina
1330 3878 1531 3966 Elisabeth,
1560 3877 1653 3969 apud
1680 3876 1829 3950 Vilnam
1848 3876 1973 3969 exegit,

425 4001 530 4076 rebus
556 3999 779 4074 lithuanicis
805 3998 1037 4093 providendo,
1067 4004 1102 4072 et
1128 4019 1378 4092 nonuunquam
1410 3998 1654 4091 pertractando
1687 3998 1844 4071 ferarum
1877 4017 1972 4070 rena·

426 4121 557 4210 tiones,
584 4120 858 4213 Principumque
876 4119 1101 4194 orientalium
1129 4132 1164 4194 ot
1182 4119 1441 4212 aquilonarium
1459 4117 1632 4194 audiendo
1651 4117 1863 4208 legationes.
1894 4117 1972 4190 Con·

426 4241 511 4336 tigit
536 4241 679 4316 interim
706 4261 811 4314 causa
838 4245 874 4314 et
901 4261 1003 4314 casus
1030 4241 1223 4314 horrendus
1251 4245 1287 4314 et
1313 4239 1494 4326 immanis,
1523 4238 1623 4313 cuius
1641 4237 1854 4332 magnitudo
1873 4243 1912 4312 et
1926 4259 1972 4310 ra

426 4363 515 4438 ritas
547 4362 691 4455 impulit
717 4382 772 4436 me
799 4361 843 4436 ad
872 4359 1110 4450 scribendum,
1144 4359 1201 4434 cui
1232 4381 1296 4452 par
1327 4381 1348 4432 a
1375 4365 1530 4452 tempore
1562 4361 1747 4450 susceptae
1778 4380 1801 4432 a
1835 4357 1972 4431 Poloou

427 4503 546 4558 sacrae
572 4482 669 4572 hdei,
697 4502 760 4574 per
787 4480 1055 4556 similitudinem
1087 4481 1288 4573 exemplum
1315 4501 1385 4554 uon
1407 4501 1485 4554 reor
1512 4479 1604 4572 apud
1627 4499 1686 4554 eos
1705 4477 1920 4572 contigissem
1945 4483 1972 4552 ot

427 4625 626 4697 quanquam
654 4602 805 4695 speciem
832 4601 982 4695 praefati
1009 4601 1173 4676 iocinoris
1202 4601 1306 4678 silere
1332 4601 1445 4696 magis
1473 4606 1508 4675 et
1536 4599 1754 4693 supprimere
1774 4621 1884 4692 quarn
1903 4621 1970 4692 pro

426 4724 526 4818 loqui
552 4725 716 4798 delectet:
745 4723 783 4797 in
811 4725 964 4797 savorem
979 4723 1010 4812 θ)
1038 4722 1198 4796 iustitiae
1224 4727 1260 4798 at
1287 4722 1325 4796 in
1353 4721 1496 4796 sceleris
1523 4720 1760 4796 enormissimi
1784 4721 1970 4795 execratio·

427 4865 524 4934 nanr,
552 4845 722 4919 mandabo
750 4843 842 4918 illud
868 4843 982 4918 literis
1011 4848 1046 4916 et
1072 4842 1273 4918 annalibus.
1301 4844 1423 4918 Lunae
1451 4841 1544 4916 euim
1570 4841 1627 4916 dio
1651 4845 1755 4916 sexta
1772 4842 1933 4916 Ianuarii
1946 4841 1969 4927 τ)

427 4965 466 5042 iu
488 4965 765 5060 Epiphaniamm
784 4966 912 5040 festum
931 4965 1090 5054 cedente,
1119 4965 1268 5040 Iacobus
1288 4963 1487 5056 Bogleushi
1514 4964 1557 5037 de
1579 4963 1680 5036 domo
1709 4961 1967 5056 Koealarogib,

536 5259 561 5340 ¹)
584 5260 720 5338 Ecaigeri
742 5260 934 5321 Tartarornm
956 5257 1146 5335 Imperatoris
1167 5253 1231 5318 Ed.
1254 5252 1346 5339 Lipr.
1370 5253 1398 5334 ²)
1422 5259 1502 5316 esset
1522 5251 1585 5316 Ed.
1603 5250 1695 5336 Lips.
1716 5253 1866 5334 ³>urcensis
1882 5253 1967 5316 hierli

428 5363 492 5430 Ed.
515 5362 607 5448 Lips.
632 5362 659 5445 ⁴)
680 5365 902 5442 responsionem
924 5358 988 5424 Ed.
1011 5358 1103 5444 Lipa.
1128 5358 1154 5440 ⁵)
1179 5365 1300 5422 ornatus
1323 5351 1387 5421 Ed.
1410 5355 1503 5443 Lipe.
1535 5353 1564 5442 ⁰)
1586 5359 1617 5418 iu
1639 5358 1775 5422 favorem
1796 5363 1895 5420 taram
1916 5354 1967 5418 lid.

431 5466 524 5551 Lipe.
549 5465 574 5548 7)
596 5469 706 5530 mensis
728 5467 868 5529 Ianuariiv
884 5462 948 5529 Ed.
972 5461 1063 5548 Lipe.
1088 5462 1114 5542 ⁸)
1136 5463 1318 5543 Koalyerogi
1339 5459 1405 5537 Ed.
1429 5459 1522 5545 La'pa.
1592 5521 1595 5530 ,
