4126 6280
417 519 491 589 174
924 537 1037 589 arana
1063 537 1308 588 uuouucrnus
1337 517 1450 607 (arn).
1686 513 1753 613 (Α.
1775 513 1820 587 D.
1841 513 1953 613 1454.)

413 746 493 816 pam
522 725 685 816 quintum
714 723 750 795 iu
779 723 941 810 Romam,
971 729 1006 794 et
1024 723 1067 794 ad
1086 722 1304 795 Fridericum
1326 723 1560 794 Romanorum
1588 723 1854 814 Imperatorem,
1882 747 1952 796 eeu-

413 849 557 918 rentum
578 845 604 934 ¹)
638 845 837 917 Electernm
870 849 905 915 et
938 843 1141 934 Principum
1181 842 1388 915 Almauniae
1425 844 1517 934 apud
1554 843 1782 916 Ratisbenarn
1817 867 1876 936 pro
1906 845 1953 917 die

414 966 534 1038 Sancti
562 964 704 1058 Georgii
732 969 908 1057 agentem,
946 969 981 1034 et
1015 964 1162 1036 Nicolae
1190 963 1469 1036 Cbraanstewslri
1503 963 1643 1036 tribune
1676 964 1892 1038 Cracoriensi
1918 968 1953 1038 ad

414 1088 544 1180 Regem
573 1086 775 1178 Hungariae
803 1090 838 1158 et
867 1085 1055 1157 Behemiae
1083 1084 1286 1156 Ladislaum
1323 1083 1359 1156 in
1387 1085 1553 1176 Pragam,
1588 1086 1631 1156 ad
1658 1086 1953 1159 contradicendum

413 1206 582 1299 querelis,
613 1206 644 1280 si
663 1227 752 1298 quae
771 1229 791 1278 a
809 1206 997 1278 cruciferis
1016 1210 1307 1298 proponerentur,
1337 1205 1574 1294 transmissio,
1594 1228 1637 1278 ex
1658 1208 1824 1280 Cracevia
1842 1209 1915 1280 Rex
1928 1209 1954 1297 ²)

412 1328 606 1421 egreditur,
636 1331 746 1400 matre
774 1333 808 1400 et
836 1332 995 1400 consorte
1023 1327 1058 1400 in
1078 1326 1243 1400 draconis
1270 1327 1421 1415 relictis,
1451 1333 1486 1398 et
1513 1348 1576 1418 per
1603 1328 1803 1414 Visliciam‚
1833 1329 1953 1401 Sando-

414 1449 552 1521 miriam
580 1453 615 1520 et
642 1448 788 1537 Lublin,
821 1469 883 1540 pro
916 1448 972 1521 dic
1005 1447 1185 1520 Dominico
1219 1448 1342 1520 Indica
1375 1447 1411 1520 in
1441 1450 1608 1521 Braescae
1637 1450 1884 1537 Rutheuicale,
1912 1452 1948 1520 ad

414 1570 587 1662 agendum
621 1569 884 1642 conventionem
917 1591 995 1642 cnm
1028 1569 1217 1640 Litbuanis
1251 1553 1469 1658 institutam,
1508 1570 1760 1643 comitantibus
1793 1591 1872 1642 eum
1903 1571 1951 1642 lo-

415 1691 529 1764 hauue
562 1691 604 1764 de
632 1690 783 1764 Gaianae
814 1691 1005 1762 castellano
1038 1695 1074 1763 et
1105 1689 1302 1783 capitanea,
1339 1691 1495 1762 Iohanne
1524 1691 1566 1762 de
1593 1692 1770 1764 lhancaiu
1809 1693 1954 1783 palatine

414 1812 634 1886 cracoviensi
662 1816 696 1885 et
724 1813 827 1884 Petro
856 1811 969 1903 Regni
996 1811 1162 1884 Peleniae
1190 1811 1492 1900 vicecancellario,
1522 1813 1691 1903 pervenit.
1732 1814 1787 1886 lbi
1817 1814 1951 1886 Lithna·

414 1933 494 2008 uiae
521 1933 710 2006 baronibus
739 1931 916 2024 exposite,
946 1933 1127 2005 Prussiam
1147 1933 1183 2004 iu
1203 1954 1302 2005 suam
1322 1939 1357 2006 et
1376 1933 1490 2026 Regni
1514 1934 1681 2008 Peleniae
1700 1935 1868 2008 ditionem
1886 1956 1956 2007 ceu·

414 2054 562 2129 cessisse
577 2053 620 2145 3),
650 2055 799 2146 imperat
827 2052 918 2141 illis,
952 2057 992 2126 ut
1018 2053 1183 2147 gentibus
1216 2054 1384 2128 Lirouiae
1426 2055 1462 2128 iu
1496 2056 1693 2136 subsidium
1726 2056 1895 2148 Magistro
1928 2063 1957 2128 et

414 2175 650 2266 cruciforme
683 2175 833 2248 transire
867 2175 1085 2264 uolentibus
1119 2176 1308 2248 transitum
1341 2175 1549 2268 prohibeant
1580 2183 1615 2250 et
1647 2178 1893 2270 praecludunt,
1929 2184 1958 2249 et

415 2297 446 2370 si
474 2296 708 2371 necessarium
741 2295 863 2385 fuerit,
898 2318 959 2387 pre
993 2301 1126 2388 aestate
1160 2297 1308 2369 instanti
1343 2297 1606 2370 exercitualiter
1637 2298 1757 2372 venire
1786 2299 1822 2370 in
1851 2299 1957 2370 subsi-

415 2417 512 2492 dium
540 2417 612 2491 sint
639 2417 766 2510 parati.
795 2417 863 2489 His
891 2419 1074 2506 contectis,
1109 2418 1363 2492 Scudomiriam
1390 2419 1586 2512 regreditur
1613 2423 1648 2492 et
1676 2419 1727 2492 ibi
1755 2422 1863 2492 festos
1890 2420 1957 2494 dies

417 2541 590 2628 Paschae,
624 2544 734 2612 matre
762 2544 797 2612 et
825 2545 984 2611 consorte
1012 2540 1055 2611 ad
1083 2561 1162 2612 eum
1192 2541 1433 2629 venientibus,
1476 2542 1566 2633 agit;
1601 2541 1729 2632 quibus
1763 2542 1956 2627 transactis,

417 2661 636 2734 Sandemiria
662 2681 841 2753 egressae,
871 2660 908 2732 in
935 2661 1201 2735 conventionem
1229 2662 1508 2750 Lancicieusem‚
1539 2683 1600 2754 pre
1619 2664 1733 2754 prima
1752 2663 1808 2735 die
1837 2661 1957 2751 naiin

415 2783 634 2871 institutam,
663 2782 852 2856 eomitante
880 2803 959 2854 euru
987 2789 1136 2875 utraque
1163 2783 1315 2876 Regina,
1346 2783 1499 2856 transiit.

470 3138 505 3210 lu
528 3138 744 3210 ceurentium
767 3138 966 3210 lanciciensi
989 3137 1029 3210 da
1052 3138 1315 3228 multitudidem
1338 3139 1429 3226 aliia,
1452 3139 1493 3210 de
1515 3140 1612 3210 retur
1634 3143 1744 3210 autam
1766 3139 1913 3210 Prussiae

1013 3260 1148 3350 plurium
1171 3263 1369 3333 tractantur.

524 3508 744 3580 Aduenieute
772 3509 979 3581 Sanctorum
1007 3508 1167 3600 Philippi
1196 3514 1231 3582 et
1258 3508 1377 3582 Iacobi
1406 3509 1655 3600 Apostolorum
1679 3509 1751 3593 die,
1781 3508 1959 3581 consentio

417 3629 593 3722 generalis
612 3628 649 3700 in
664 3629 829 3701 Lancicia
847 3629 959 3702 teneri
980 3638 1101 3721 coepta
1120 3637 1174 3703 est
1189 3637 1223 3703 et
1237 3630 1280 3702 ad
1295 3629 1385 3702 diem
1405 3637 1566 3702 octavum
1586 3629 1800 3702 continuata.
1822 3631 1866 3702 Et
1886 3651 1957 3702 cnm

417 3748 619 3821 Kaaimirus
647 3748 725 3822 Rex
741 3750 771 3838 6)
800 3750 843 3821 ad
871 3771 946 3822 eam
974 3750 1257 3843 praesentialiter
1289 3750 1460 3836 venisset,
1496 3749 1627 3843 singuli
1660 3750 1766 3822 etiam
1794 3750 1956 3826 Praelati,

417 3869 624 3962 praesertim
643 3869 809 3943 Peleniae
828 3869 987 3959 Maioris,
1017 3873 1060 3943 ad
1079 3871 1177 3943 illam
1197 3875 1380 3944 venerunt.
1411 3871 1606 3943 cardinalis
1626 3877 1661 3943 et
1680 3871 1865 3962 episcopus
1884 3871 1957 3943 Gra-

417 3990 592 4064 coviensis
629 3989 803 4082 Sbigneus
841 3991 995 4064 studiose
1032 3992 1089 4064 illi
1126 3991 1296 4065 interesse
1332 3991 1462 4072 noluit,
1502 4013 1544 4062 ue
1576 4012 1631 4063 res
1660 3991 1841 4079 Prussiae,
1880 4011 1959 4082 quas

417 4109 636 4202 aprincipio
664 4132 733 4183 uon
761 4111 983 4202 probaverat,
1018 4113 1186 4204 temporis
1216 4133 1379 4185 successu
1396 4113 1426 4200 7)
1462 4132 1664 4204 promerere
1697 4115 1887 4203 cogeretur.
1916 4112 1960 4182 De

417 4231 521 4305 terris
549 4231 770 4304 cracoviensi
799 4235 833 4304 et
860 4233 1029 4321 Russiae,
1070 4239 1207 4325 praeter
1234 4235 1465 4306 castellanum
1498 4239 1532 4305 et
1564 4231 1761 4324 palatinum
1776 4230 1807 4319 8)
1845 4231 1958 4304 draco·

417 4352 571 4439 cieuses,
601 4352 721 4424 nullus
749 4351 799 4424 ibi
826 4351 1000 4425 interluit.
1036 4357 1150 4426 Aucta
1182 4358 1298 4427 tamen
1327 4353 1395 4425 luit
1422 4353 1607 4425 conventio
1640 4350 1840 4443 praesentia
1870 4351 1958 4422 Wla·

417 4472 523 4545 dislai
550 4478 585 4545 et
604 4472 760 4545 Boleslai
778 4473 955 4546 Maeoniae
974 4475 1126 4561 Ducum,
1157 4475 1218 4565 qui
1246 4495 1370 4566 magna
1389 4472 1542 4545 militum
1562 4477 1702 4545 caterva
1722 4471 1862 4563 stipati,
1891 4470 1958 4542 infe

418 4593 599 4685 splendide
627 4598 855 4666 accesserant.
887 4595 976 4666 Acta
1004 4594 1123 4667 estin
1150 4594 1274 4689 primis
1301 4593 1508 4666 deliberatio
1537 4615 1641 4686 super
1663 4593 1769 4665 rebus
1789 4591 1958 4677 Prussiae,

417 4714 460 4786 ad
488 4735 575 4806 quas
602 4713 852 4806 promerendas
885 4714 1028 4787 Gabriel
1059 4715 1102 4788 de
1130 4715 1268 4806 Bayseu
1300 4714 1478 4807 palatinus
1515 4713 1758 4803 balmensisl)
1795 4735 1873 4785 cum
1899 4712 1958 4783 ali·

418 4834 546 4926 quibus
574 4833 711 4908 ciuibus
730 4835 896 4909 Prussiae
914 4835 1118 4922 advenerat,
1148 4841 1183 4908 et
1201 4835 1359 4908 unanimi
1383 4841 1463 4908 voto
1483 4835 1673 4908 decretum:
1703 4840 1744 4906 ut
1763 4835 1842 4907 Rex
1861 4835 1958 4906 Prus-

525 5142 547 5224 ¹)
570 5145 794 5206 conventionem
819 5139 894 5207 C'od.
920 5142 986 5207 Lis.
1012 5143 1037 5224 ⁹)
1061 5145 1222 5206 Oasimirns
1245 5145 1309 5206 Rex
1331 5142 1394 5206 Ed.
1419 5142 1508 5227 Lipu.
1541 5145 1566 5224 ³)
1590 5145 1755 5206 excessisse
1780 5139 1855 5207 Coc.
1877 5138 1958 5206 Cala.
2042 5141 2043 5206 l

417 5245 443 5327 ⁴)
467 5254 497 5309 et
519 5248 678 5311 Oruciferis
708 5249 848 5310 Prussiae
880 5238 943 5312 Ed.
975 5247 1067 5332 Lipr.
1100 5248 1126 5328 ⁶)
1149 5251 1261 5310 Mensis
1291 5251 1361 5310 Maii
1393 5247 1455 5311 Ed.
1480 5247 1570 5331 Lips.
1601 5248 1629 5326 ⁶)
1651 5251 1715 5310 Rex
1738 5249 1878 5309 Peleniae
1901 5241 1959 5306 Ed.

420 5349 510 5434 Lips.
536 5349 560 5430 ⁷)
585 5370 726 5428 processu
750 5349 811 5415 Ed.
836 5349 926 5434 Lips.
958 5351 983 5422 Β)
1005 5359 1122 5429 praeter
1144 5353 1284 5414 Ioannem
1307 5354 1344 5413 de
1367 5353 1482 5413 Ozinen
1513 5354 1727 5432 Castellannm,
1759 5353 1957 5428 capitaneum·

417 5473 490 5534 que,
513 5459 543 5516 et
565 5456 704 5516 loannem
728 5456 764 5516 de
787 5457 899 5534 Tacziu
922 5457 1089 5517 Palatinum
1112 5453 1173 5518 Ed.
1197 5454 1287 5538 Lipe.
1317 5455 1342 5536 ⁹)
1367 5457 1551 5517 Chelmensis
1576 5448 1652 5519 Coc.
1676 5453 1785 5516 Praea.
