4046 6278
73 565 361 666 (Α.ῠ.1463.)
596 593 708 646 urana
734 595 980 649 uuonnorrrus
1007 575 1122 667 (xm).
1556 581 1630 653 379

67 779 196 868 gerice
222 778 478 871 populandum,
508 778 570 870 qui
596 780 823 872 populatione
851 781 959 854 latius
988 786 1150 870 extensa,
1180 783 1298 857 decem
1326 789 1361 858 et
1389 789 1523 878 septem
1546 787 1621 860 ani·

71 921 214 973 marum
245 898 432 990 utriusque
465 920 571 972 sexus
603 921 647 973 ex
679 901 859 995 Hungaris
891 902 1022 992 millia,
1058 908 1194 978 caetera
1224 905 1353 996 praeda
1384 906 1560 997 neglecta,
1593 906 1631 980 in

71 1021 323 1114 captivitatem
355 1020 540 1092 ducebant.
575 1020 694 1094 Sensit
726 1025 797 1094 tam
830 1022 1008 1116 ingentem
1040 1044 1182 1098 suorum
1214 1023 1402 1117 perniciem
1426 1031 1462 1099 et
1485 1027 1631 1117 cladem,

72 1142 140 1233 qui
170 1147 255 1215 tnnc
281 1141 374 1234 apud
400 1141 543 1213 Futhak
570 1145 615 1213 et·
633 1143 776 1230 Zaslon,
806 1145 960 1216 futuram
989 1143 1207 1219 invasionem
1236 1146 1350 1238 Regni
1378 1147 1434 1220 sui
1462 1169 1482 1220 a
1509 1148 1633 1221 Turcis

71 1263 232 1352 veritus,
265 1283 344 1336 cum
377 1261 472 1333 omni
503 1261 661 1334 exercitu
695 1283 757 1334 suo
790 1265 916 1355 agebat
948 1265 1095 1353 stativa,
1129 1265 1282 1338 Mathias
1311 1267 1513 1360 Hungariae
1540 1270 1631 1359 Rex,

72 1383 293 1477 quingentos
321 1387 518 1475 equestres,
548 1383 610 1474 qui
637 1384 730 1474 apud
757 1383 860 1456 illum
887 1384 1091 1459 militabant
1110 1405 1153 1459 ex
1173 1385 1333 1474 Polonis,
1362 1399 1509 1480 quornm
1527 1390 1632 1463 Felix

76 1507 122 1578 de
154 1505 352 1598 Panyov1)
384 1523 508 1596 genere
542 1503 775 1595 Godnyamba,
813 1508 848 1576 et
875 1503 1050 1577 Iohannes
1083 1505 1185 1578 albas
1212 1505 1254 1578 (le
1281 1505 1482 1580 Srnecalvev
1507 1529 1634 1602 genere

72 1626 232 1715 Doliva,
265 1629 365 1698 erant
401 1625 578 1712 ductores,
613 1624 855 1716 septingentos
887 1630 1067 1716 equestres
1096 1645 1139 1699 ex
1168 1627 1363 1719 Hungaris,
1393 1650 1540 1721 qnorum
1568 1630 1629 1704 So-

71 1746 252 1839 lvolipeter
266 1745 297 1834 ²)
325 1746 449 1818 ductor
476 1750 566 1833 erat,
595 1745 638 1816 ad
662 1745 916 1836 prohibendum
944 1746 1207 1838 populationem
1226 1748 1453 1822 transmittit:
1483 1750 1545 1842 qni
1564 1749 1631 1824 etsi

73 1873 244 1942 excutere
271 1867 451 1960 praedam,
481 1869 516 1939 et
544 1865 708 1958 congredi
735 1887 813 1939 cum
833 1867 955 1940 Turcis
975 1866 1225 1956 tentavissent,
1257 1868 1359 1942 facile
1379 1873 1495 1943 tamen
1513 1871 1628 1962 pauci,

72 1991 119 2063 ab
139 1988 277 2082 ingenti
296 1988 486 2060 Tarcovum
514 1985 742 2060 multitudiue
770 1987 945 2076 deterriti,
965 1986 1002 2059 in
1022 1985 1188 2079 oppidum
1207 1987 1398 2076 munitum,
1427 1990 1520 2081 quocl
1542 1991 1630 2064 San·

73 2116 157 2184 otus
185 2106 422 2202 Gregoriusq
450 2109 664 2200 appellatur,
695 2109 795 2180 nulla
821 2107 1066 2201 congressione
1093 2109 1201 2196 facta,
1232 2129 1269 2181 se
1296 2113 1378 2182 ante
1404 2110 1525 2184 hostes
1543 2111 1630 2185 reci·

72 2231 194 2324 piunt.
223 2230 381 2323 Urgebat
408 2228 531 2322 ingens
550 2229 702 2300 Polonos
727 2228 841 2317 dolor,
870 2228 1067 2320 mirumque
1085 2228 1122 2300 in
1141 2229 1281 2301 modum
1301 2230 1550 2322 quatiebantur
1567 2253 1630 2325 pro

73 2351 287 2425 abductione
306 2349 579 2438 Catholicorum‚
600 2348 741 2422 illorum
766 2349 983 2442 praecordia:
1013 2354 1225 2442 quapropter
1243 2369 1363 2424 omnes
1382 2352 1426 2424 ad
1443 2373 1552 2425 unum
1571 2354 1628 2427 be·

74 2473 273 2560 etinavunt,
302 2469 479 2543 autmari
506 2474 568 2542 aut
595 2470 746 2543 vincere.
774 2469 928 2562 Vespere
955 2469 1075 2561 itaque
1102 2456 1194 2543 facto
1213 2473 1248 2544 et
1267 2471 1420 2546 tenebris
1439 2472 1510 2546 iam
1528 2495 1629 2548 exor-

74 2594 141 2682 tis,
173 2614 269 2666 arma
288 2595 447 2680 sumunt,
476 2589 668 2663 faciliorem
688 2612 725 2664 se
743 2590 786 2664 ue
805 2590 1034 2663 multitudine
1058 2591 1248 2664 Turoorum
1272 2592 1342 2665 rati
1369 2593 1434 2665 snb
1467 2593 1628 2688 caligine,

74 2737 184 2808 quam
212 2714 277 2786 rub
305 2711 452 2800 lumine,
481 2709 665 2783 victoriam
699 2712 914 2786 obtenturos.
949 2710 1041 2803 Quos
1069 2731 1147 2783 oum
1175 2710 1349 2786 vidissent
1381 2713 1543 2808 Hungari
1570 2715 1629 2790 ob·

74 2837 213 2910 stinata
239 2833 385 2908 andacia
411 2833 455 2905 ad
479 2832 623 2906 evidens
650 2833 846 2925 periculum
873 2831 1006 2924 parari,
1040 2831 1189 2906 desertis
1216 2833 1514 2908 commilitonibus
1542 2835 1629 2926 suis,

74 2979 199 3030 omnes
231 2957 275 3028 ad
302 2960 417 3028 castra
443 2953 540 3047 regia
571 2955 748 3028 secedunt.
783 2955 887 3028 Solus
915 2952 1139 3026 Pannonicus
1174 2953 1246 3026 lux
1280 2953 1502 3047 Sololipeter
1529 2957 1627 3031 dese·

74 3100 153 3152 rere
181 3077 310 3167 socios,
339 3079 547 3169 progente,
576 3096 638 3168 pro
665 3076 802 3169 Regno,
830 3095 892 3168 pre
912 3074 998 3147 focis
1026 3073 1101 3146 suis
1122 3078 1356 3167 pugnaturos,
1386 3075 1629 3172 turpissimum

75 3205 133 3292 (ut
163 3202 253 3288 erat)
281 3199 427 3285 ducens,
457 3196 552 3288 ipsos
575 3217 654 3268 cum
674 3195 907 3268 familiaribus
935 3193 1010 3268 suis
1038 3193 1188 3268 sedecim
1215 3197 1455 3269 tantummodo
1484 3197 1628 3271 comita·

74 3323 194 3395 batur.
231 3321 307 3392 Iam
340 3305 531 3391 Tarcorum
563 3315 739 3390 exercitus
772 3317 878 3389 simul
911 3336 990 3387 cum
1022 3315 1240 3408 captivorum
1272 3317 1401 3407 praeda
1428 3317 1471 3390 ad
1498 3317 1629 3391 fluenta

76 3442 215 3528 Sawae,
244 3441 344 3512 nulla
370 3459 482 3530 pausa
508 3439 615 3527 facta,
644 3437 861 3510 invasionem
879 3436 1032 3524 veritus,
1061 3441 1283 3528 pervenerat,
1303 3457 1480 3530 navesque
1500 3439 1628 3530 quibus

75 3566 260 3654 superaret
288 3560 437 3646 Sanam,
471 3557 712 3651 frequentibus
745 3557 881 3630 nuntiis
909 3555 1145 3646 transmissis,
1181 3556 1250 3630 eibi
1277 3557 1314 3630 in
1342 3559 1489 3631 alteram
1515 3559 1628 3652 ripam

75 3683 206 3757 adduci
232 3681 454 3773 deposcebat:
483 3680 624 3752 interim
652 3680 807 3752 Polonns
835 3677 1040 3766 adveniens,
1070 3676 1172 3750 illnm
1192 3677 1347 3751 animose
1365 3685 1484 3767 nocte,
1505 3685 1628 3753 octava

75 3804 132 3877 die
162 3803 305 3890 Iunii4)
332 3799 480 3873 invadit.
510 3800 578 3872 Sed
606 3821 683 3872 curn
713 3801 846 3872 Turcus
874 3797 1103 3872 multitudine
1126 3799 1253 3886 fretus,
1282 3821 1391 3871 novos
1409 3821 1471 3892 pro
1491 3799 1626 3873 deside·

75 3926 167 3998 ratis
195 3929 231 3998 et
258 3921 387 3995 sauciis
416 3920 654 3993 submitteret:
683 3921 837 3992 Polonus
861 3919 1039 4012 paucitate
1059 3939 1122 3991 sua
1140 3920 1245 4011 probe
1263 3923 1363 4008 nota,
1384 3919 1535 4012 ingeniis
1555 3942 1625 3993 ma·

75 4047 148 4140 gis,
180 4066 284 4136 quam
311 4042 447 4114 viribus
474 4049 593 4127 utens,
628 4041 815 4132 quinquies
846 4061 999 4132 pugnam
1027 4039 1216 4111 insiliendo
1244 4039 1281 4112 in
1307 4040 1461 4129 hostem,
1492 4042 1624 4114 confer-

75 4165 216 4239 tissime
243 4162 435 4251 conseruit,
465 4168 500 4234 et
528 4162 714 4254 quinquies
746 4168 827 4253 pest
858 4159 1144 4253 defatigationem
1177 4160 1335 4248 nimiam,
1365 4165 1405 4231 ut
1432 4161 1627 4254 vegetatior

74 4288 204 4362 iterum
231 4289 344 4373 lieret,
373 4283 525 4356 remisit.
560 4282 735 4356 Universa
763 4287 879 4355 autem
908 4286 1009 4354 nocte
1027 4281 1213 4374 pugnando
1233 4281 1433 4374 absumpta,
1454 4281 1536 4353 dnm
1556 4285 1625 4355 ter-

76 4409 125 4482 ris
154 4407 313 4482 redditus
342 4406 431 4477 foret
458 4404 548 4492 (lies,
579 4405 712 4477 ancus
741 4410 814 4474 tum
833 4402 984 4495 primum
1004 4401 1204 4490 dinoscens,
1233 4423 1375 4493 aquam
1394 4421 1502 4492 parva
1521 4424 1626 4475 manu

78 4535 232 4622 stragem
258 4527 434 4620 ingentem
461 4525 684 4616 pertulisset,
713 4525 838 4597 rubere
865 4523 1009 4614 insuper
1035 4519 1160 4608 nimio,
1190 4521 1281 4613 qnod
1305 4526 1386 4594 ante
1405 4527 1544 4595 tenuem
1563 4523 1625 4594 ho·

79 4655 185 4737 stem,
214 4650 316 4741 plura
344 4646 458 4719 stadia
485 4645 772 4737 retrogradando,
803 4644 1022 4718 secessisset:
1052 4643 1227 4715 cohortari
1255 4663 1291 4714 se
1315 4647 1349 4715 et
1367 4642 1625 4734 appropinqua·

77 4771 109 4844 vi
123 4771 167 4860 ὅ),
198 4775 302 4862 atque
320 4767 358 4840 in
376 4767 463 4839 duas
483 4775 634 4852 turmas,
660 4787 805 4857 querum
826 4787 895 4837 una
913 4787 933 4837 a
953 4765 1083 4852 fronte,
1109 4763 1220 4835 altera
1247 4783 1267 4834 a
1292 4767 1386 4854 tergo
1405 4762 1577 4834 Polonum
1592 4762 1624 4852 θ)

78 4897 234 4985 urgeret,
261 4888 416 4962 dividere
443 4887 487 4959 acl
513 4887 797 4977 reintegra-udum
824 4907 976 4978 pugnam
1004 4883 1129 4976 coepit.
1158 4883 1283 4956 Stabat
1300 4883 1393 4955 inter
1409 4884 1495 4956 haec
1513 4883 1623 4975 capti·

81 5033 201 5086 voram
240 5031 283 5083 ex
316 5007 715 5101 Hungaris,.marinm,
756 5007 961 5080 feminarum
993 5011 1029 5079 et
1055 5005 1282 5097 parvulorum
1315 5005 1478 5094 frequens
1510 5003 1625 5092 turba,

187 5305 211 5381 ¹)
240 5275 278 5365 cle
306 5305 452 5379 Prenyow
483 5296 559 5364 cad.
592 5295 680 5362 Calo.
713 5297 739 5378 ²)
769 5300 874 5360 Petrus
904 5298 942 5358 de
971 5297 1064 5358 Zolrol
1094 5313 1192 5357 comes
1215 5295 1425 5356 Temesiensis.
1450 5291 1476 5371 ⁸)
1499 5294 1625 5355 Sanctus

82 5409 225 5486 Georgius
247 5403 309 5469 Ed.
339 5404 431 5488 Lips.
462 5403 489 5486 ⁴)
518 5405 629 5465 mensis
659 5403 736 5464 Iunii
758 5399 822 5464 Ed.
848 5398 938 5484 Lipe.
972 5399 998 5480 ὅ)
1030 5399 1207 5478 aproximari
1239 5393 1316 5484 Cod.
1343 5393 1453 5460 Praea.
1484 5393 1511 5476 ⁶)
1540 5397 1626 5457 Polo·

81 5515 157 5575 niam
181 5507 244 5573 Ea.
267 5506 357 5592 Lipa.
