4052 6286
367 483 444 555 490
876 499 989 554 ursus
1014 499 1260 554 nuonncnrus
1288 483 1403 572 (xm).
1638 477 1708 579 (Α.
1727 477 1777 553 D.
1796 477 1937 577 14187.)Ι

368 689 422 760 los
450 687 537 758 dnos
564 686 640 759 illic
667 685 908 758 tantummodo
936 685 1167 774 offenderant,
1197 686 1361 759 mandata
1384 686 1480 779 regia
1499 692 1699 779 exponunt,
1728 705 1920 779 pacemque

367 805 615 898 multipliciter
645 805 869 898 persuadent.
902 807 1033 898 Regem
1063 805 1231 880 Poloniae
1250 807 1278 896 1)
1310 807 1456 880 edocent
1486 806 1714 900 impeditum,
1752 805 1851 898 quod
1882 827 1920 878 er

368 928 473 1000 iustis
501 931 537 1001 et
563 926 771 1000 necessariis
803 926 921 1000 causis
949 947 1018 999 non
1044 927 1159 1018 possit
1185 928 1347 1020 Regnum
1379 927 1568 1002 Bohemiae
1595 949 1659 1022 per
1686 949 1741 1018 sc,
1773 947 1842 999 noc
1867 947 1923 1018 pur

368 1047 498 1137 filium,
531 1048 700 1121 hactenus
733 1047 924 1138 suscipere,
959 1068 1021 1121 nec
1047 1046 1181 1120 bellum
1213 1047 1439 1121 Bohomicnm
1471 1049 1509 1121 in
1537 1069 1591 1136 se,
1626 1049 1687 1141 qui
1702 1047 1735 1138 2)
1770 1047 1922 1120 nondum

367 1169 617 1260 respiraverat,
647 1168 847 1240 mansfemo.
876 1165 925 1240 Hi
951 1166 1020 1239 dno
1047 1171 1165 1240 autem
1192 1167 1339 1240 barones
1366 1168 1538 1260 praedicti
1566 1189 1635 1241 non
1662 1167 1874 1242 abnuebant
1891 1187 1922 1240 se

369 1310 511 1362 caueam
539 1310 653 1375 suam,
683 1287 867 1360 dummodo
896 1292 931 1359 et
958 1287 1087 1360 caeteri
1115 1286 1295 1360 societatis
1314 1309 1397 1361 snae
1416 1287 1599 1380 Principes
1618 1293 1654 1362 et
1671 1287 1830 1362 barones
1849 1307 1921 1359 con·

370 1413 513 1482 ventum
541 1407 632 1500 apud
660 1408 926 1482 wratislaviam
952 1428 1014 1500 pro
1043 1406 1099 1480 die
1127 1407 1275 1480 Sanctae
1302 1407 1431 1481 Luciae
1460 1408 1634 1499 habendo,
1663 1409 1701 1481 id
1720 1407 1921 1500 probarent,

369 1531 407 1602 in
434 1533 642 1622 potestatem
670 1529 837 1601 Poloniae
864 1527 973 1621 Regis
1000 1527 1236 1620 deposituros,
1265 1533 1481 1602 astruentes:
1515 1529 1652 1602 nullum
1684 1529 1787 1602 inter
1813 1527 1921 1619 nege

371 1649 474 1724 Orbis
502 1653 638 1738 extare,
666 1649 724 1722 cui
742 1649 924 1738 fidentiae,
955 1669 1059 1740 quam
1076 1648 1289 1721 Polonorum
1308 1648 1414 1741 Regi,
1435 1649 1594 1741 Principi
1611 1646 1921 1736 christianissimo,

370 1772 470 1844 illem
498 1770 765 1843 committerent.
802 1768 987 1842 Addebant
1014 1773 1049 1842 et
1076 1767 1145 1860 ipsi
1182 1769 1439 1860 exceptionem,
1474 1769 1616 1861 singula
1647 1769 1863 1855 elidentem,
1888 1773 1923 1838 ut

371 1891 537 1963 videlicet
564 1911 627 1962 arn
655 1890 874 1981 Konopiscne
902 1891 990 1962 foret
1016 1887 1144 1977 libera,
1178 1894 1316 1962 caetera
1349 1909 1486 1981 quoque
1513 1890 1604 1963 bona
1631 1889 1683 1962 eie
1712 1896 1750 1962 et
1780 1888 1922 1962 caetemu

372 2010 560 2083 catholicis
585 2010 704 2083 ablata
730 2010 955 2083 redderentur
982 2009 1115 2100 (decem
1142 2009 1234 2082 enim
1262 2015 1297 2082 et
1324 2013 1401 2082 octo
1428 2029 1525 2083 arces
1550 2015 1585 2082 et
1604 2010 1776 2084 civitates
1796 2029 1839 2082 ac
1856 2029 1923 2080 mu·

372 2131 525 2203 nitiones
552 2151 593 2204 ea
619 2135 753 2203 aestate
780 2129 952 2223 Georgius
980 2129 1045 2202 sub
1073 2129 1264 2202 Catholicis
1291 2129 1585 2221 conquisiverat);
1614 2153 1693 2205 arce
1713 2135 1840 2204 autem
1858 2129 1923 2201 llo·

372 2252 534 2343 nopiscue
567 2253 623 2324 vel
650 2271 719 2322 non
743 2251 874 2340 soluta,
903 2251 961 2324 vel
989 2255 1205 2341 expugnata,
1234 2250 1369 2322 nullum
1392 2255 1572 2343 praestare
1587 2250 1619 2341 8)
1646 2245 1689 2326 de
1707 2271 1802 2344 pace
1822 2271 1923 2343 spem,

374 2373 434 2445 sed
461 2393 524 2444 nec
551 2373 595 2444 ad
622 2376 781 2463 treugam
796 2371 827 2460 4)
853 2369 980 2444 locum.
1009 2370 1095 2444 Gnm
1122 2369 1273 2462 deniqne
1300 2369 1418 2442 nuntii
1444 2371 1533 2463 regii
1560 2371 1670 2444 Ilava
1695 2373 1857 2465 Pragam
1877 2391 1924 2444 re

373 2492 578 2580 vertissent,
608 2497 643 2564 et
670 2512 792 2583 operas
821 2512 920 2580 suae,
950 2487 1122 2583 quamvis
1138 2489 1275 2580 fideles,
1304 2513 1324 2562 a
1350 2495 1450 2582 parte
1476 2497 1628 2584 utraque
1645 2492 1817 2566 uiderent
1834 2491 1926 2564 duris

375 2610 635 2685 conditionibus
672 2611 905 2684 circumlitos:
942 2629 1150 2702 magnopere
1187 2608 1395 2684 contendere
1427 2616 1629 2703 coeperunt,
1662 2617 1705 2684 ut
1738 2613 1926 2706 Georgium

374 2754 395 2805 a
413 2731 591 2824 proposito
619 2731 810 2823 occupandi
827 2730 936 2804 castri
954 2730 1174 2822 Konopiecre
1192 2732 1433 2820 detraherent,
1461 2737 1502 2803 nt
1519 2733 1651 2804 malum
1670 2733 1820 2824 ingens,
1842 2732 1926 2823 qnod

375 2873 419 2924 ex
447 2851 624 2924 deditione
655 2851 755 2942 sequi
788 2852 1014 2939 verebantur,
1048 2855 1255 2925 averterent.
1292 2852 1338 2923 Ε)
1366 2853 1527 2942 quamvis
1560 2852 1734 2946 Georgius
1766 2853 1927 2944 iniquum

375 2978 608 3060 asseveraret,
637 2976 672 3045 et
698 2993 822 3063 parum
850 2971 932 3044 sibi
946 2969 1149 3060 honestum,
1178 2976 1218 3043 ut
1245 2991 1309 3044 arx
1336 2971 1479 3044 hostilis
1507 2976 1542 3045 et
1569 2973 1645 3045 eine
1665 2973 1826 3062 obsidio,
1855 2993 1925 3064 pro

376 3091 511 3185 pediam
538 3093 575 3164 in
601 3097 812 3184 potestatem
844 3111 943 3165 suam
974 3097 1202 3183 proventura,
1237 3096 1272 3164 et
1299 3111 1362 3182 pro
1395 3111 1465 3183 qua
1495 3092 1734 3184 conquirenda
1766 3093 1927 3184 copiosus
1996 3081 1998 3086 ’

377 3212 521 3305 sanguis
549 3212 708 3286 certatim
736 3213 837 3284 fusus
864 3217 934 3301 ost,
963 3215 999 3284 et
1017 3211 1190 3303 plurimae
1208 3211 1387 3302 impensae
1407 3217 1604 3301 emunctae,
1630 3214 1707 3286 solo
1728 3233 1927 3286 sermonum
1996 3219 1998 3316 }

376 3353 504 3426 vapore
532 3336 567 3405 et
594 3333 703 3420 fumo,
732 3331 775 3405 de
801 3353 906 3404 manu
935 3351 998 3403 sna
1025 3331 1166 3404 deberet
1197 3331 1366 3405 rescindi:
1399 3333 1523 3405 videns
1559 3337 1677 3406 tamen
1712 3334 1857 3406 animos
1883 3335 1926 3406 la

376 3458 536 3547 gatorum
552 3451 582 3542 5)
609 3453 794 3540 infractos,
824 3456 859 3524 et
886 3455 1040 3525 castrum
1071 3450 1291 3544 Konopiseue
1323 3453 1432 3544 (qnod
1464 3449 1557 3544 apud
1584 3453 1775 3546 plerosque
1806 3455 1928 3526 durum

378 3573 564 3646 videbatur
591 3576 627 3645 et
653 3571 886 3664 impossibile)
915 3571 1096 3645 obsidione
1128 3571 1253 3660 solvit,
1288 3577 1323 3644 et
1351 3578 1511 3665 treugam
1527 3572 1559 3662 6)
1587 3573 1631 3645 ad
1657 3575 1753 3648 diem
1778 3574 1928 3648 Conver-

379 3694 487 3766 sionis
525 3692 645 3765 Sancti
681 3693 786 3765 Pauli
818 3691 1040 3782 duraturam,
1072 3692 1245 3764 firmatam
1276 3692 1472 3783 legatorum
1503 3693 1634 3782 literis,
1667 3694 1819 3786 accepit.
1847 3694 1928 3766 Eius

379 3815 444 3886 hae
472 3819 570 3886 erant
598 3812 829 3885 conditiones:
858 3819 899 3885 ut
925 3816 1049 3904 treuga
1064 3811 1095 3900 7)
1123 3811 1287 3901 durante,
1318 3812 1434 3884 omnia
1461 3818 1600 3886 cessent
1625 3813 1793 3906 homagia
1822 3821 1860 3887 et
1881 3813 1928 3886 vi-

379 3933 532 4026 tuperia,
562 3931 695 4024 captivi
721 3932 765 4003 ad
793 3933 1014 4031 sponsionem
1047 3931 1287 4004 dimissionem
1318 3933 1481 4006 habeant.
1512 3933 1675 4006 (lustrum
1708 3933 1929 4026 Konopisao

333 4117 337 4124 ,
380 4054 594 4128 obsidionem
612 4073 681 4125 non
699 4053 855 4141 tolleret,
887 4051 948 4126 sed
971 4073 1035 4126 nec
1053 4052 1173 4125 bastae
1188 4050 1221 4141 ⁸)
1247 4052 1374 4141 violet,
1403 4057 1465 4125 aut
1484 4054 1591 4145 plura
1608 4054 1799 4144 victualia,
1831 4075 1928 4147 quam

381 4195 469 4267 quae
496 4195 558 4266 pro
586 4179 741 4265 tempore
755 4173 786 4262 ο)
815 4174 1030 4260 sufficerent,
1059 4172 1205 4246 inferat:
1234 4171 1449 4262 subiturum,
1479 4173 1579 4265 lapsa
1601 4177 1744 4267 treuga,
1765 4194 1849 4247 cum
1869 4175 1928 4247 eie

379 4296 458 4368 dem
485 4294 643 4386 personia
671 4297 706 4366 et
732 4293 852 4380 robus,
882 4313 970 4386 quae
998 4294 1136 4366 fuerant
1163 4293 1200 4364 in
1219 4291 1302 4381 illo,
1331 4277 1616 4382 obsidionem,ei
1632 4294 1671 4367 in
1690 4293 1814 4368 diaeta
1832 4293 1927 4368 Wra

379 4415 596 4504 tielaviensi,
611 4431 693 4506 :pro
722 4413 777 4487 die
806 4413 955 4487 Sanctae
982 4411 1112 4486 Lucina
1145 4412 1310 4502 tenenda,
1344 4417 1468 4506 treuga
1493 4414 1643 4488 ulterior
1669 4419 1794 4488 secuta
1813 4414 1927 4504 ¹⁰)‚et

380 4535 418 4608 in
445 4535 612 4608 Poloniae
638 4534 769 4628 Regem
795 4553 858 4626 por
883 4539 1019 4625 partem
1046 4532 1232 4623 baronum,
1261 4532 1364 4605 iuxta
1390 4553 1430 4606 ac
1455 4553 1519 4626 per
1536 4532 1744 4627 Georgium,
1775 4553 1926 4627 compro

298 4753 301 4759 Δ
381 4655 529 4729 missum
554 4675 624 4727 non
651 4655 768 4728 fuerit.
798 4653 922 4726 Parem
950 4673 1087 4746 quoque
1114 4651 1348 4726 conditionem
1376 4659 1530 4726 castrum
1562 4652 1702 4726 Oevald
1720 4654 1770 4744 ¹¹)
1797 4655 1837 4726 in
1865 4655 1925 4728 Lu·

382 4775 473 4848 satia
500 4797 519 4848 a
546 4780 645 4868 parte
672 4774 929 4848 Gatholicorum
956 4771 1168 4847 observabit.
1197 4773 1388 4847 Gatbolicis
1415 4779 1532 4848 antem
1555 4773 1592 4846 in
1610 4775 1785 4848 Poloniae
1802 4775 1927 4868 Regem

490 5086 511 5164 1)
535 5086 711 5148 Gasimirum
732 5085 873 5146 Poloniae
894 5085 1007 5160 Regem
1028 5079 1092 5144 Ed.
1115 5078 1207 5164 Ia‘pa.
1231 5078 1256 5162 ²)
1280 5082 1360 5158 quod
1382 5079 1446 5143 Ed.
1469 5079 1559 5164 Lipa.
1584 5080 1743 5160 ³)reatare
1758 5079 1822 5146 Ea
1845 5081 1927 5166 nepe

384 5187 411 5266 ⁴)
434 5189 471 5249 de
492 5188 612 5250 loedere
634 5185 697 5250 Eu.
722 5185 812 5270 Lipe.
844 5185 869 5266 5)
893 5186 1072 5262 Legatorum
1094 5185 1236 5246 Poloniae
1257 5185 1349 5260 Regis
1372 5181 1436 5246 Ed.
1459 5181 1549 5268 Dipo.
1574 5181 1602 5264 ⁶)
1625 5185 1730 5247 foedus
1752 5182 1815 5248 Ea
1841 5183 1926 5268 Lapa

386 5287 551 5370 ⁷)toedere
580 5288 644 5353 Ed.
675 5262 766 5373 Lipr.
798 5289 826 5370 ⁸)
855 5289 1078 5367 propugnacula
1106 5283 1170 5350 Ed.
1201 5281 1292 5370 Iripe.
1325 5286 1353 5368 ⁹)
1375 5299 1429 5367 pro
1450 5294 1583 5366 tempore
1601 5287 1733 5350 {cadmia
1755 5281 1817 5350 Ed.
1843 5285 1925 5371 Lapa

388 5390 429 5477 ¹⁰)
452 5395 589 5457 induciae
610 5394 766 5456 ulteriores
789 5399 908 5455 secutae
930 5389 992 5454 Ed.
1015 5388 1106 5475 Lipe.
1133 5389 1173 5470 ¹¹)
1192 5390 1334 5454 omne
1360 5388 1435 5454 Μ.
1458 5387 1570 5454 Praea
1590 5389 1814 5472 (aalma).
