4040 6290
373 514 449 594 b72
882 537 996 592 umus
1021 535 1265 590 nnonncnrus
1292 517 1406 607 (xm).
1642 513 1719 615 (Α
1737 513 1789 598 n.
1807 513 1921 614 1171.)

372 721 455 795 1616
486 721 584 798 16616
615 721 754 794 fuerant
786 720 926 796 eiectae.
960 720 1089 794 Verum
1121 742 1200 796 cum
1232 721 1436 797 Karimirus
1467 722 1634 796 Poloniae
1663 723 1767 810 Rex,
1797 725 1919 813 turpem

372 844 531 932 treugam
549 839 725 932 Hungari,
755 862 860 932 quam
878 840 905 928 ¹)
933 841 1108 914 Iohannes
1136 841 1336 914 'lirinensis
1356 841 1557 933 episcopus,
1583 863 1664 915 cum
1682 841 1871 914 Leonardo
1886 844 1920 917 de

372 959 521 1035 Perusic
563 960 730 1052 Magistro
762 959 896 1034 Palatii
927 961 1128 1051 apostolici,
1167 961 1383 1050 Graeculam,
1421 962 1600 1036 Karimiro
1632 960 1814 1034 Poloniae
1840 961 1920 1054 Rogo

377 1079 536 1167 absente,
566 1081 775 1168 attulerant,
803 1099 965 1170 perosus,
997 1079 1193 1170 reiecisset,
1226 1080 1436 1154 tractatibus
1464 1081 1562 1172 pacis
1589 1081 1789 1172 disruptis,
1817 1101 1854 1152 re
1877 1082 1919 1152 in·

376 1200 483 1288 fecta,
512 1197 713 1274 lirinensis
742 1199 925 1292 episcopus
952 1199 1069 1274 rediit.

377 1551 557 1626 [ariminus
578 1549 649 1622 ilex
670 1551 820 1624 Poloniae
846 1551 964 1624 iterum
990 1551 1032 1624 od
1054 1554 1202 1642 treugam
1224 1570 1295 1624 eun
1316 1553 1403 1644 hege
1425 1554 1546 1624 lathia
1568 1571 1625 1642 per
1647 1555 1920 1633 1611666611-

378 1673 489 1759 garon
516 1670 747 1744 conletemur
774 1672 955 1755 consentit,
984 1674 1018 1742 et
1045 1671 1318 1744 eontnbutionen
1339 1690 1358 1742 a
1381 1673 1450 1743 ruia
1472 1690 1528 1762 pro
1551 1674 1720 1750 solvendis
1749 1674 1916 1762 stipendia·
2000 1753 2001 1782 ἕ

871 1790 990 1863 riorum
1009 1790 1130 1864 dabitis
1152 1809 1249 1880 aegro
1270 1791 1435 1882 inpetrat.

484 2034 688 2128 Quindecim
707 2033 904 2123 mensibus,
923 2034 1126 2108 Karimirus
1145 2036 1313 2112 Poloniae
1326 2038 1416 2126 Rex,
1431 2039 1469 2110 in
1484 2038 1650 2111 cracovia
1668 2038 1818 2111 assidue
1835 2059 1921 2112 erae·

378 2159 444 2246 tis,
473 2155 613 2235 tandem
633 2157 793 2244 serpente
812 2156 849 2226 in
868 2154 1033 2228 cracovia
1052 2155 1238 2246 epidimiae
1265 2161 1380 2248 peste,
1410 2158 1465 2232 die
1492 2157 1590 2230 Iovis
1614 2158 1788 2232 vicesima
1815 2159 1922 2252 Angr-

381 2274 487 2366 6111),
516 2275 558 2350 16
586 2273 751 2348 Oracovia
778 2274 971 2366 egreditur,
999 2275 1177 2350 Sardinali
1205 2277 1328 2359 Sancti
1352 2277 1461 2351 Marci
1480 2277 1517 2350 in
1535 2277 1701 2352 Gracovia
1724 2278 1924 2366 relictam

380 2397 420 2469 in
444 2393 713 2487 Npopolomicne
743 2413 919 2466 unacum
947 2400 1106 2468 consorte
1134 2416 1199 2468 sua
1225 2395 1409 2470 Elisabeth
1426 2394 1456 2485 3)
1485 2401 1520 2468 61
1548 2397 1709 2470 omnibus
1739 2398 1924 2471 66116666

380 2514 653 2608 transgrediens.
682 2511 811 2585 Paucis
838 2511 915 2584 illic
941 2513 1137 2605 absumptis
1165 2513 1304 2602 diebus,
1337 2515 1394 2588 die
1421 2516 1602 2604 Mercurii,
1635 2517 1811 2590 vicesima
1838 2523 1925 2589 serta

381 2634 537 2728 Augusti
552 2633 595 2723 4),
624 2633 662 2704 16
688 2631 826 2704 Novam
853 2631 1040 2705 Civitatem
1066 2633 1220 2708 Koronin
1246 2634 1372 2722 intrat,
1402 2635 1463 2708 ubi
1491 2635 1535 2708 ad
1562 2635 1665 2707 illum
1692 2637 1924 2710 1166666116-

381 2753 512 2828 dinalis
538 2757 573 2824 et
600 2751 814 2844 apostolicus
841 2751 1014 2842 Legatus,
1043 2752 1099 2825 die
1128 2753 1238 2842 Solis,
1267 2753 1456 2828 tredecima
1480 2754 1697 2846 Septembris
1714 2756 1747 2845 ⁵)
1777 2755 1921 2829 advenit.

383 2873 456 2947 Ubi
484 2869 726 2964 frequentibus
753 2870 962 2944 tractatibus
994 2871 1036 2946 de
1067 2893 1152 2964 paco
1180 2878 1242 2945 aut
1269 2873 1344 2946 eins
1378 2873 1592 2947 sufferentiis
1607 2875 1651 2964 1),
1678 2875 1834 2963 habitio,
1862 2876 1922 2948 Ka

384 2992 545 3068 nimirum
571 2989 749 3082 Regemb
776 2991 821 3062 ad
847 3011 983 3064 omnem
1015 3013 1161 3084 aequam
1192 3013 1312 3086 pacem
1344 2993 1541 3084 proclivum
1569 2994 1765 3083 offendens,
1796 2995 1853 3070 die
1876 2996 1923 3068 Io·

384 3112 457 3201 vis,
494 3109 628 3183 decima
662 3109 812 3202 septima
838 3110 1040 3184 Decembris
1056 3110 1088 3200 ⁸)
1122 3133 1167 3185 ex
1193 3111 1294 3184 Nova
1322 3111 1520 3202 1116116161)
1553 3113 1753 3204 discedens,
1783 3116 1823 3188 in
1849 3115 1923 3188 Sau-

385 3232 467 3306 decn
499 3229 659 3319 divertit,
692 3230 794 3303 novis
827 3229 955 3303 studiis
988 3235 1022 3302 et
1049 3231 1228 3306 laboribus
1260 3252 1407 3322 aequam
1439 3235 1600 3324 treugam
1617 3233 1663 3322 10)
1697 3236 1921 3308 conlocemus.

385 3350 595 3424 Kanimirus
611 3349 690 3422 Rex
709 3349 766 3439 11),
795 3352 872 3421 6616
894 3350 1120 3424 hebdomadis
1147 3351 1240 3442 apud
1262 3351 1399 3424 Novam
1418 3352 1604 3427 divitatem
1622 3351 1667 3442 ¹²)
1696 3355 1850 3444 exactis,
1867 3353 1921 3426 suh

386 3471 530 3564 quibus,
563 3491 625 3562 pro
653 3469 709 3544 die
737 3468 858 3542 Sancti
889 3468 1073 3542 Michaelis
1108 3471 1231 3544 habita
1262 3475 1433 3544 terrarum
1465 3471 1748 3546 cracoviensium
1787 3494 1921 3549 convene

385 3591 498 3678 tione,
525 3610 588 3682 pro
617 3589 794 3661 solvendis
825 3588 977 3662 residuis
1010 3589 1317 3681 stipendiariorum
1345 3591 1490 3676 debitis,
1524 3591 1756 3684 crispolis,
1785 3593 1922 3684 praedis,

387 3710 492 3782 furtis
521 3715 555 3782 et
583 3707 765 3780 omnifario
793 3707 1043 3780 maleficiorum
1069 3730 1210 3801 genere,
1244 3716 1279 3782 et
1307 3711 1487 3800 signanter
1513 3711 1604 3784 bona
1631 3713 1872 3786 ecclesiastica
1895 3717 1922 3784 61

388 3829 539 3902 decimas
567 3827 779 3919 diripiendo,
808 3828 969 3921 Regnum
997 3831 1215 3920 premebant,
1244 3851 1345 3922 aegre
1373 3830 1530 3902 subsidio
1557 3851 1620 3922 per
1647 3852 1711 3904 sex
1733 3853 1873 3924 grossos
1888 3832 1922 3903 de

389 3951 490 4022 laneo
523 3947 672 4037 dandos,
710 3947 868 4036 obtento,
905 3949 948 4020 ad
981 3949 1149 4042 agendam
1181 3949 1332 4021 diaetam
1363 3951 1560 4042 generalem
1592 3972 1655 4042 pro
1687 3951 1745 4024 die
1774 3951 1921 4035 Omnium

390 4069 598 4142 Sanctorum
616 4067 653 4140 iu
672 4067 868 4160 Pyolrhova
898 4089 942 4141 en
960 4068 1061 4140 Nova
1080 4068 1230 4142 diritate
1250 4067 1294 4158 13)
1323 4069 1409 4142 feria
1428 4070 1580 4142 secunda
1598 4075 1680 4147 ante
1698 4071 1829 4147 festum
1847 4071 1919 4145 San·

389 4191 523 4265 ctorum
551 4186 706 4260 Simonis
733 4191 768 4260 et
794 4187 903 4262 Iudae
930 4187 1181 4280 Apostolorum
1209 4209 1386 4280 egressus,
1415 4189 1598 4280 processit.
1648 4189 1650 4192 ’

498 4529 521 4607 ¹)
543 4535 645 4607 turpes
667 4529 807 4590 inducias.
822 4529 995 4606 Hnngariae
1023 4528 1114 4606 Regia
1142 4529 1286 4608 Mathiae,
1319 4547 1393 4604 quas
1420 4526 1483 4590 Ed.
1508 4527 1598 4612 Lips.
1630 4527 1656 4608 ⁹)
1679 4532 1791 4590 mensis
1812 4530 1922 4606 Augurii

391 4630 454 4696 Ed.
481 4629 569 4714 Lipa.
594 4629 620 4711 8)
644 4632 759 4709 Regina
780 4632 934 4693 Elisabeth
956 4628 1019 4691 Ed.
1043 4629 1136 4713 Lips.
1161 4628 1186 4709 4)
1210 4633 1320 4692 666616
1342 4631 1470 4708 Augusti
1492 4629 1555 4692 Ed.
1579 4629 1672 4714 Lipc.
1698 4629 1726 4710 ⁵)
1741 4635 1850 4693 mensio
1864 4633 1922 4707 Sep·

391 4737 513 4798 tembris
535 4732 598 4797 Ed.
623 4732 713 4817 Lc'ps.
737 4733 763 4812 1)
785 4734 913 4795 induciis
935 4731 998 4795 Ed.
1022 4731 1112 4816 Lipe.
1138 4731 1163 4812 ⁷)
1185 4734 1327 4795 Poloniae
1348 4735 1459 4810 Regem
1482 4731 1544 4796 Ed.
1569 4731 1659 4816 Mpa.
1685 4733 1713 4812 ⁸)
1735 4736 1843 4796 mensis
1863 4735 1920 4810 Sep

392 4839 514 4902 tembris
536 4829 600 4898 ab.
622 4834 712 4919 Ispa.
737 4832 764 4917 ⁹)
787 4855 866 4897 nova
888 4837 1007 4898 civitate
1028 4837 1156 4896 Koronin
1179 4832 1243 4902 Ed.
1262 4833 1353 4917 Lipc
1381 4835 1420 4914 11)
1442 4855 1545 4913 pacem
1560 4837 1637 4897 inter
1651 4838 1823 4914 Hungmiae
1837 4843 1865 4898 et
1877 4838 1919 4895 Po

392 4943 491 5004 leniae
512 4941 609 5017 Reges
631 4937 695 5003 Ed.
718 4936 810 5022 Lipe.
837 4937 876 5019 11)
899 4940 1040 5002 Poloniae
1061 4940 1125 5000 Rex
1147 4936 1210 5000 Ed.
1233 4937 1323 5021 Lipe.
1350 4936 1389 5018 11)
1413 4940 1492 5017 apud
1513 4959 1620 5002 novam
1642 4941 1792 5006 civilatem
1811 4939 1921 5002 Korcn'u

394 5041 457 5108 Ed.
480 5039 572 5124 Lipc.
599 5039 637 5124 ¹³)
661 5061 697 5104 ex
719 5061 797 5105 nova
818 5043 938 5105 civitate
960 5043 1089 5104 Koronin
1112 5032 1176 5106 Ed.
1200 5039 1294 5124 Lipa.
