<?xml version="1.0" encoding="UTF-8"?>
<!DOCTYPE html PUBLIC "-//W3C//DTD XHTML 1.0 Transitional//EN"
    "http://www.w3.org/TR/xhtml1/DTD/xhtml1-transitional.dtd">
<html xmlns="http://www.w3.org/1999/xhtml" xml:lang="en" lang="en">
 <head>
  <title>
</title>
<meta http-equiv="Content-Type" content="text/html;charset=utf-8" />
  <meta name='ocr-system' content='tesseract 3.04.00' />
  <meta name='ocr-capabilities' content='ocr_page ocr_carea ocr_par ocr_line ocrx_word'/>
</head>
<body>
  <div class='ocr_page' id='page_1' title='image "./operaomnia06paulgoog_0474.png"; bbox 0 0 4052 6286; ppageno 0'>
   <div class='ocr_carea' id='block_1_1' title="bbox 380 525 1932 630">
    <p class='ocr_par' dir='ltr' id='par_1_1' title="bbox 380 525 1932 630">
     <span class='ocr_line' id='line_1_1' title="bbox 380 525 1932 630; baseline 0.002 -27"><span class='ocrx_word' id='word_1_1' title='bbox 380 525 456 605; x_wconf 80' lang='lat'>462</span> <span class='ocrx_word' id='word_1_2' title='bbox 887 551 1002 610; x_wconf 81' lang='lat' dir='ltr'>aman</span> <span class='ocrx_word' id='word_1_3' title='bbox 1026 552 1272 610; x_wconf 82' lang='lat' dir='ltr'>nuonnonrus</span> <span class='ocrx_word' id='word_1_4' title='bbox 1299 535 1414 624; x_wconf 82' lang='lat'>(1111).</span> <span class='ocrx_word' id='word_1_5' title='bbox 1648 527 1714 630; x_wconf 86' lang='grc' dir='ltr'>(Α.</span> <span class='ocrx_word' id='word_1_6' title='bbox 1735 526 1783 605; x_wconf 83' lang='lat' dir='ltr'>D.</span> <span class='ocrx_word' id='word_1_7' title='bbox 1804 527 1932 628; x_wconf 70' lang='grc'><strong>1601.)</strong></span> 
     </span>
    </p>
   </div>
   <div class='ocr_carea' id='block_1_2' title="bbox 304 737 2025 5179">
    <p class='ocr_par' dir='ltr' id='par_1_2' title="bbox 304 737 2025 5179">
     <span class='ocr_line' id='line_1_2' title="bbox 376 737 1929 831; baseline 0.002 -21"><span class='ocrx_word' id='word_1_8' title='bbox 376 737 544 812; x_wconf 86' lang='lat' dir='ltr'>Poloniae</span> <span class='ocrx_word' id='word_1_9' title='bbox 572 759 765 830; x_wconf 76' lang='lat' dir='ltr'>connexae,</span> <span class='ocrx_word' id='word_1_10' title='bbox 794 740 934 816; x_wconf 88' lang='lat' dir='ltr'>iunotae</span> <span class='ocrx_word' id='word_1_11' title='bbox 961 745 998 815; x_wconf 91' lang='lat' dir='ltr'>ot</span> <span class='ocrx_word' id='word_1_12' title='bbox 1023 743 1144 816; x_wconf 88' lang='lat' dir='ltr'>unitae</span> <span class='ocrx_word' id='word_1_13' title='bbox 1172 745 1208 815; x_wconf 88' lang='lat' dir='ltr'>ot</span> <span class='ocrx_word' id='word_1_14' title='bbox 1234 739 1481 831; x_wconf 82' lang='lat' dir='ltr'>inrisoeratae,</span> <span class='ocrx_word' id='word_1_15' title='bbox 1510 741 1563 814; x_wconf 93' lang='lat' dir='ltr'>ita</span> <span class='ocrx_word' id='word_1_16' title='bbox 1588 744 1630 813; x_wconf 90' lang='lat' dir='ltr'>ut</span> <span class='ocrx_word' id='word_1_17' title='bbox 1656 741 1729 814; x_wconf 85' lang='lat' dir='ltr'>sint</span> <span class='ocrx_word' id='word_1_18' title='bbox 1755 761 1837 814; x_wconf 90' lang='lat' dir='ltr'>oum</span> <span class='ocrx_word' id='word_1_19' title='bbox 1864 740 1929 813; x_wconf 77' lang='lat' dir='ltr'>lle</span> 
     </span>
     <span class='ocr_line' id='line_1_3' title="bbox 375 859 1929 956; baseline 0.002 -26"><span class='ocrx_word' id='word_1_20' title='bbox 375 879 444 953; x_wconf 87' lang='lat' dir='ltr'>gno</span> <span class='ocrx_word' id='word_1_21' title='bbox 472 859 638 933; x_wconf 85' lang='lat' dir='ltr'>Poloniae</span> <span class='ocrx_word' id='word_1_22' title='bbox 664 881 773 934; x_wconf 90' lang='lat' dir='ltr'>unum</span> <span class='ocrx_word' id='word_1_23' title='bbox 801 867 836 935; x_wconf 90' lang='lat' dir='ltr'>et</span> <span class='ocrx_word' id='word_1_24' title='bbox 862 861 1085 937; x_wconf 79' lang='lat' dir='ltr'>individuum</span> <span class='ocrx_word' id='word_1_25' title='bbox 1112 883 1255 956; x_wconf 85' lang='lat' dir='ltr'>eorpus,</span> <span class='ocrx_word' id='word_1_26' title='bbox 1283 883 1354 936; x_wconf 89' lang='lat' dir='ltr'>una</span> <span class='ocrx_word' id='word_1_27' title='bbox 1370 883 1471 956; x_wconf 88' lang='lat' dir='ltr'>gens,</span> <span class='ocrx_word' id='word_1_28' title='bbox 1500 883 1593 935; x_wconf 89' lang='lat' dir='ltr'>unus</span> <span class='ocrx_word' id='word_1_29' title='bbox 1611 862 1762 955; x_wconf 90' lang='lat' dir='ltr'>populus</span> <span class='ocrx_word' id='word_1_30' title='bbox 1784 860 1824 933; x_wconf 92' lang='lat' dir='ltr'>in</span> <span class='ocrx_word' id='word_1_31' title='bbox 1842 859 1929 933; x_wconf 86' lang='lat' dir='ltr'>ami·</span> 
     </span>
     <span class='ocr_line' id='line_1_4' title="bbox 304 977 1929 1076; baseline 0.002 -25"><span class='ocrx_word' id='word_1_32' title='bbox 304 996 307 1002; x_wconf 90' lang='grc'>·</span> <span class='ocrx_word' id='word_1_33' title='bbox 375 977 476 1067; x_wconf 86' lang='lat' dir='ltr'>uitia,</span> <span class='ocrx_word' id='word_1_34' title='bbox 505 981 641 1054; x_wconf 84' lang='lat' dir='ltr'>foedere</span> <span class='ocrx_word' id='word_1_35' title='bbox 668 985 703 1055; x_wconf 88' lang='lat' dir='ltr'>et</span> <span class='ocrx_word' id='word_1_36' title='bbox 729 981 875 1057; x_wconf 89' lang='lat' dir='ltr'>unione:</span> <span class='ocrx_word' id='word_1_37' title='bbox 905 983 1043 1056; x_wconf 91' lang='lat' dir='ltr'>nullum</span> <span class='ocrx_word' id='word_1_38' title='bbox 1061 983 1187 1072; x_wconf 87' lang='lat' dir='ltr'>alium,</span> <span class='ocrx_word' id='word_1_39' title='bbox 1207 1003 1312 1076; x_wconf 90' lang='lat' dir='ltr'>quam</span> <span class='ocrx_word' id='word_1_40' title='bbox 1330 981 1929 1076; x_wconf 84' lang='lat' dir='ltr'>RegesPoloniae,praetorSu1u·</span> 
     </span>
     <span class='ocr_line' id='line_1_5' title="bbox 374 1101 1931 1198; baseline 0.003 -26"><span class='ocrx_word' id='word_1_41' title='bbox 374 1121 470 1173; x_wconf 90' lang='lat' dir='ltr'>mum</span> <span class='ocrx_word' id='word_1_42' title='bbox 499 1101 723 1192; x_wconf 76' lang='lat' dir='ltr'>Pontificem,</span> <span class='ocrx_word' id='word_1_43' title='bbox 755 1125 818 1196; x_wconf 90' lang='lat' dir='ltr'>pro</span> <span class='ocrx_word' id='word_1_44' title='bbox 855 1105 969 1198; x_wconf 88' lang='lat' dir='ltr'>eapite</span> <span class='ocrx_word' id='word_1_45' title='bbox 1006 1109 1041 1178; x_wconf 90' lang='lat' dir='ltr'>et</span> <span class='ocrx_word' id='word_1_46' title='bbox 1068 1104 1246 1198; x_wconf 81' lang='lat' dir='ltr'><strong>superiore</strong></span> <span class='ocrx_word' id='word_1_47' title='bbox 1277 1103 1506 1198; x_wconf 74' lang='lat' dir='ltr'>recognituri,</span> <span class='ocrx_word' id='word_1_48' title='bbox 1539 1103 1648 1176; x_wconf 89' lang='lat' dir='ltr'>laturi</span> <span class='ocrx_word' id='word_1_49' title='bbox 1678 1104 1828 1196; x_wconf 85' lang='lat' dir='ltr'>insuper</span> <span class='ocrx_word' id='word_1_50' title='bbox 1855 1103 1931 1176; x_wconf 90' lang='lat' dir='ltr'>illis</span> 
     </span>
     <span class='ocr_line' id='line_1_6' title="bbox 376 1225 1930 1320; baseline 0.002 -27"><span class='ocrx_word' id='word_1_51' title='bbox 376 1225 497 1294; x_wconf 76' lang='lat' dir='ltr'>oohha</span> <span class='ocrx_word' id='word_1_52' title='bbox 523 1243 644 1296; x_wconf 90' lang='lat' dir='ltr'>omues</span> <span class='ocrx_word' id='word_1_53' title='bbox 667 1225 786 1299; x_wconf 91' lang='lat' dir='ltr'>hostes</span> <span class='ocrx_word' id='word_1_54' title='bbox 814 1225 941 1300; x_wconf 89' lang='lat' dir='ltr'>solatia</span> <span class='ocrx_word' id='word_1_55' title='bbox 960 1227 999 1316; x_wconf 91' lang='lat'>¹),</span> <span class='ocrx_word' id='word_1_56' title='bbox 1028 1231 1063 1300; x_wconf 92' lang='lat' dir='ltr'>et</span> <span class='ocrx_word' id='word_1_57' title='bbox 1089 1249 1270 1320; x_wconf 90' lang='lat' dir='ltr'>nunquam</span> <span class='ocrx_word' id='word_1_58' title='bbox 1296 1227 1379 1300; x_wconf 89' lang='lat' dir='ltr'>illos</span> <span class='ocrx_word' id='word_1_59' title='bbox 1407 1226 1444 1299; x_wconf 91' lang='lat' dir='ltr'>iu</span> <span class='ocrx_word' id='word_1_60' title='bbox 1471 1225 1648 1320; x_wconf 81' lang='lat' dir='ltr'>prosperis</span> <span class='ocrx_word' id='word_1_61' title='bbox 1679 1231 1742 1299; x_wconf 89' lang='lat' dir='ltr'>aut</span> <span class='ocrx_word' id='word_1_62' title='bbox 1767 1225 1930 1298; x_wconf 82' lang='lat' dir='ltr'>aduersis</span> 
     </span>
     <span class='ocr_line' id='line_1_7' title="bbox 375 1341 1928 1442; baseline 0.003 -29"><span class='ocrx_word' id='word_1_63' title='bbox 375 1341 563 1432; x_wconf 87' lang='lat' dir='ltr'>deserturi,</span> <span class='ocrx_word' id='word_1_64' title='bbox 592 1365 655 1419; x_wconf 91' lang='lat' dir='ltr'>neo</span> <span class='ocrx_word' id='word_1_65' title='bbox 681 1345 757 1419; x_wconf 92' lang='lat' dir='ltr'>eine</span> <span class='ocrx_word' id='word_1_66' title='bbox 785 1367 903 1420; x_wconf 90' lang='lat' dir='ltr'>eorum</span> <span class='ocrx_word' id='word_1_67' title='bbox 930 1347 1076 1442; x_wconf 82' lang='lat' dir='ltr'>spetiali</span> <span class='ocrx_word' id='word_1_68' title='bbox 1103 1349 1251 1424; x_wconf 85' lang='lat' dir='ltr'>seientia</span> <span class='ocrx_word' id='word_1_69' title='bbox 1273 1354 1309 1424; x_wconf 91' lang='lat' dir='ltr'>et</span> <span class='ocrx_word' id='word_1_70' title='bbox 1326 1369 1514 1436; x_wconf 87' lang='lat' dir='ltr'>eonsensu,</span> <span class='ocrx_word' id='word_1_71' title='bbox 1543 1345 1755 1422; x_wconf 73' lang='lat' dir='ltr'>celebraturi</span> <span class='ocrx_word' id='word_1_72' title='bbox 1776 1345 1928 1430; x_wconf 64' lang='lat' dir='ltr'>foedera</span> 
     </span>
     <span class='ocr_line' id='line_1_8' title="bbox 375 1463 1930 1564; baseline 0.002 -29"><span class='ocrx_word' id='word_1_73' title='bbox 375 1466 437 1535; x_wconf 89' lang='lat' dir='ltr'>aut</span> <span class='ocrx_word' id='word_1_74' title='bbox 463 1484 607 1556; x_wconf 89' lang='lat' dir='ltr'>guerras</span> <span class='ocrx_word' id='word_1_75' title='bbox 623 1463 654 1554; x_wconf 80' lang='lat'>²)</span> <span class='ocrx_word' id='word_1_76' title='bbox 682 1466 873 1541; x_wconf 89' lang='lat' dir='ltr'>Oatholiois</span> <span class='ocrx_word' id='word_1_77' title='bbox 902 1469 1042 1542; x_wconf 89' lang='lat' dir='ltr'>moturi.</span> <span class='ocrx_word' id='word_1_78' title='bbox 1071 1472 1179 1558; x_wconf 90' lang='lat' dir='ltr'>Item,</span> <span class='ocrx_word' id='word_1_79' title='bbox 1209 1470 1301 1564; x_wconf 88' lang='lat' dir='ltr'>quod</span> <span class='ocrx_word' id='word_1_80' title='bbox 1329 1469 1546 1544; x_wconf 86' lang='lat' dir='ltr'>Ohelmensie</span> <span class='ocrx_word' id='word_1_81' title='bbox 1573 1467 1723 1542; x_wconf 87' lang='lat' dir='ltr'>aeolesia</span> <span class='ocrx_word' id='word_1_82' title='bbox 1755 1467 1802 1539; x_wconf 87' lang='lat' dir='ltr'>ad</span> <span class='ocrx_word' id='word_1_83' title='bbox 1830 1487 1930 1539; x_wconf 85' lang='lat' dir='ltr'>suan</span> 
     </span>
     <span class='ocr_line' id='line_1_9' title="bbox 374 1583 1929 1680; baseline 0.001 -22"><span class='ocrx_word' id='word_1_84' title='bbox 374 1583 554 1658; x_wconf 78' lang='lat' dir='ltr'>matricem</span> <span class='ocrx_word' id='word_1_85' title='bbox 583 1592 618 1660; x_wconf 91' lang='lat' dir='ltr'>et</span> <span class='ocrx_word' id='word_1_86' title='bbox 644 1587 873 1680; x_wconf 88' lang='lat' dir='ltr'>primitialem</span> <span class='ocrx_word' id='word_1_87' title='bbox 901 1591 1085 1664; x_wconf 87' lang='lat' dir='ltr'>eoolesiam</span> <span class='ocrx_word' id='word_1_88' title='bbox 1112 1591 1349 1666; x_wconf 75' lang='lat' dir='ltr'>Ouesnensem</span> <span class='ocrx_word' id='word_1_89' title='bbox 1374 1591 1494 1666; x_wconf 90' lang='lat' dir='ltr'>redeat</span> <span class='ocrx_word' id='word_1_90' title='bbox 1513 1593 1548 1664; x_wconf 91' lang='lat' dir='ltr'>et</span> <span class='ocrx_word' id='word_1_91' title='bbox 1565 1589 1622 1662; x_wconf 93' lang='lat' dir='ltr'>illi</span> <span class='ocrx_word' id='word_1_92' title='bbox 1649 1587 1856 1674; x_wconf 86' lang='lat' dir='ltr'>reuniatur,</span> <span class='ocrx_word' id='word_1_93' title='bbox 1887 1607 1929 1659; x_wconf 87' lang='lat' dir='ltr'>ox</span> 
     </span>
     <span class='ocr_line' id='line_1_10' title="bbox 374 1705 1928 1805; baseline 0.002 -28"><span class='ocrx_word' id='word_1_94' title='bbox 374 1705 529 1801; x_wconf 89' lang='lat' dir='ltr'>regulari</span> <span class='ocrx_word' id='word_1_95' title='bbox 556 1705 594 1780; x_wconf 90' lang='lat' dir='ltr'>in</span> <span class='ocrx_word' id='word_1_96' title='bbox 621 1710 835 1782; x_wconf 80' lang='lat' dir='ltr'>saecularem</span> <span class='ocrx_word' id='word_1_97' title='bbox 862 1710 1119 1801; x_wconf 86' lang='lat' dir='ltr'>transferenda,</span> <span class='ocrx_word' id='word_1_98' title='bbox 1140 1712 1177 1785; x_wconf 91' lang='lat' dir='ltr'>in</span> <span class='ocrx_word' id='word_1_99' title='bbox 1196 1711 1328 1786; x_wconf 86' lang='lat' dir='ltr'>ditione</span> <span class='ocrx_word' id='word_1_100' title='bbox 1347 1711 1454 1805; x_wconf 85' lang='lat' dir='ltr'>Regis</span> <span class='ocrx_word' id='word_1_101' title='bbox 1474 1713 1509 1785; x_wconf 92' lang='lat' dir='ltr'>et</span> <span class='ocrx_word' id='word_1_102' title='bbox 1528 1709 1643 1803; x_wconf 88' lang='lat' dir='ltr'>Regni</span> <span class='ocrx_word' id='word_1_103' title='bbox 1660 1708 1834 1782; x_wconf 88' lang='lat' dir='ltr'>Poleniae</span> <span class='ocrx_word' id='word_1_104' title='bbox 1852 1727 1928 1800; x_wconf 82' lang='lat' dir='ltr'>par·</span> 
     </span>
     <span class='ocr_line' id='line_1_11' title="bbox 373 1828 1929 1924; baseline 0.001 -24"><span class='ocrx_word' id='word_1_105' title='bbox 373 1831 479 1919; x_wconf 89' lang='lat' dir='ltr'>petuo</span> <span class='ocrx_word' id='word_1_106' title='bbox 507 1828 686 1902; x_wconf 88' lang='lat' dir='ltr'>duratura.</span> <span class='ocrx_word' id='word_1_107' title='bbox 715 1829 823 1919; x_wconf 91' lang='lat' dir='ltr'>Item,</span> <span class='ocrx_word' id='word_1_108' title='bbox 853 1832 944 1924; x_wconf 91' lang='lat' dir='ltr'>quod</span> <span class='ocrx_word' id='word_1_109' title='bbox 971 1833 1119 1906; x_wconf 77' lang='lat' dir='ltr'>eeclesia</span> <span class='ocrx_word' id='word_1_110' title='bbox 1146 1832 1363 1907; x_wconf 89' lang='lat' dir='ltr'>Varmiensis</span> <span class='ocrx_word' id='word_1_111' title='bbox 1390 1853 1469 1906; x_wconf 89' lang='lat' dir='ltr'>oum</span> <span class='ocrx_word' id='word_1_112' title='bbox 1497 1852 1560 1904; x_wconf 91' lang='lat' dir='ltr'>sno</span> <span class='ocrx_word' id='word_1_113' title='bbox 1578 1830 1742 1922; x_wconf 88' lang='lat' dir='ltr'>Oapitulo</span> <span class='ocrx_word' id='word_1_114' title='bbox 1761 1835 1799 1902; x_wconf 87' lang='lat' dir='ltr'>et</span> <span class='ocrx_word' id='word_1_115' title='bbox 1819 1829 1929 1902; x_wconf 91' lang='lat' dir='ltr'>omni-</span> 
     </span>
     <span class='ocr_line' id='line_1_12' title="bbox 374 1947 1929 2048; baseline 0.001 -27"><span class='ocrx_word' id='word_1_116' title='bbox 374 1947 441 2021; x_wconf 89' lang='lat' dir='ltr'>bus</span> <span class='ocrx_word' id='word_1_117' title='bbox 468 1949 594 2022; x_wconf 90' lang='lat' dir='ltr'>oaetris</span> <span class='ocrx_word' id='word_1_118' title='bbox 622 1954 657 2023; x_wconf 91' lang='lat' dir='ltr'>et</span> <span class='ocrx_word' id='word_1_119' title='bbox 684 1949 889 2025; x_wconf 82' lang='lat' dir='ltr'>eivitatibue</span> <span class='ocrx_word' id='word_1_120' title='bbox 908 1952 1131 2027; x_wconf 90' lang='lat' dir='ltr'>inditionem</span> <span class='ocrx_word' id='word_1_121' title='bbox 1158 1959 1194 2027; x_wconf 90' lang='lat' dir='ltr'>et</span> <span class='ocrx_word' id='word_1_122' title='bbox 1221 1953 1277 2027; x_wconf 87' lang='lat' dir='ltr'>ius</span> <span class='ocrx_word' id='word_1_123' title='bbox 1305 1953 1429 2048; x_wconf 86' lang='lat' dir='ltr'>Regis,</span> <span class='ocrx_word' id='word_1_124' title='bbox 1453 1953 1636 2046; x_wconf 90' lang='lat' dir='ltr'>Regnique</span> <span class='ocrx_word' id='word_1_125' title='bbox 1662 1950 1837 2024; x_wconf 85' lang='lat' dir='ltr'>Polouiae</span> <span class='ocrx_word' id='word_1_126' title='bbox 1853 1971 1929 2041; x_wconf 91' lang='lat' dir='ltr'>per-</span> 
     </span>
     <span class='ocr_line' id='line_1_13' title="bbox 373 2071 1928 2168; baseline 0 -25"><span class='ocrx_word' id='word_1_127' title='bbox 373 2073 479 2162; x_wconf 91' lang='lat' dir='ltr'>petue</span> <span class='ocrx_word' id='word_1_128' title='bbox 508 2075 679 2158; x_wconf 90' lang='lat' dir='ltr'>transeat,</span> <span class='ocrx_word' id='word_1_129' title='bbox 713 2073 998 2147; x_wconf 77' lang='lat' dir='ltr'>renuntiantibus</span> <span class='ocrx_word' id='word_1_130' title='bbox 1026 2073 1100 2147; x_wconf 87' lang='lat' dir='ltr'>illis</span> <span class='ocrx_word' id='word_1_131' title='bbox 1128 2074 1297 2168; x_wconf 89' lang='lat' dir='ltr'>Magistro</span> <span class='ocrx_word' id='word_1_132' title='bbox 1325 2079 1361 2149; x_wconf 90' lang='lat' dir='ltr'>et</span> <span class='ocrx_word' id='word_1_133' title='bbox 1387 2074 1524 2148; x_wconf 91' lang='lat' dir='ltr'>Ordine.</span> <span class='ocrx_word' id='word_1_134' title='bbox 1552 2074 1661 2161; x_wconf 89' lang='lat' dir='ltr'>Item,</span> <span class='ocrx_word' id='word_1_135' title='bbox 1691 2072 1785 2164; x_wconf 90' lang='lat' dir='ltr'>quod</span> <span class='ocrx_word' id='word_1_136' title='bbox 1810 2071 1857 2143; x_wconf 89' lang='lat' dir='ltr'>ad</span> <span class='ocrx_word' id='word_1_137' title='bbox 1876 2092 1928 2143; x_wconf 83' lang='lat' dir='ltr'>eo·</span> 
     </span>
     <span class='ocr_line' id='line_1_14' title="bbox 373 2189 1930 2288; baseline 0.001 -26"><span class='ocrx_word' id='word_1_138' title='bbox 373 2189 516 2264; x_wconf 82' lang='lat' dir='ltr'>alesiam</span> <span class='ocrx_word' id='word_1_139' title='bbox 548 2191 788 2267; x_wconf 87' lang='lat' dir='ltr'>Ohelmensem</span> <span class='ocrx_word' id='word_1_140' title='bbox 820 2196 1011 2287; x_wconf 85' lang='lat' dir='ltr'>praefatam</span> <span class='ocrx_word' id='word_1_141' title='bbox 1043 2199 1290 2288; x_wconf 79' lang='lat' dir='ltr'>promoveatur</span> <span class='ocrx_word' id='word_1_142' title='bbox 1321 2193 1531 2269; x_wconf 81' lang='lat' dir='ltr'>secretarius</span> <span class='ocrx_word' id='word_1_143' title='bbox 1566 2192 1686 2288; x_wconf 90' lang='lat' dir='ltr'>regius</span> <span class='ocrx_word' id='word_1_144' title='bbox 1715 2191 1930 2266; x_wconf 82' lang='lat' dir='ltr'>Vinoentius</span> 
     </span>
     <span class='ocr_line' id='line_1_15' title="bbox 373 2311 1930 2404; baseline 0.001 -20"><span class='ocrx_word' id='word_1_145' title='bbox 373 2311 586 2404; x_wconf 80' lang='lat' dir='ltr'>erlbaasa‚</span> <span class='ocrx_word' id='word_1_146' title='bbox 606 2312 792 2387; x_wconf 89' lang='lat' dir='ltr'>habiturus</span> <span class='ocrx_word' id='word_1_147' title='bbox 811 2319 846 2389; x_wconf 93' lang='lat' dir='ltr'>et</span> <span class='ocrx_word' id='word_1_148' title='bbox 864 2315 1171 2390; x_wconf 89' lang='lat' dir='ltr'>Pomesauiensem</span> <span class='ocrx_word' id='word_1_149' title='bbox 1189 2317 1226 2390; x_wconf 92' lang='lat' dir='ltr'>in</span> <span class='ocrx_word' id='word_1_150' title='bbox 1246 2316 1481 2390; x_wconf 78' lang='lat' dir='ltr'>commendam</span> <span class='ocrx_word' id='word_1_151' title='bbox 1500 2316 1543 2388; x_wconf 90' lang='lat' dir='ltr'>ad</span> <span class='ocrx_word' id='word_1_152' title='bbox 1563 2314 1692 2401; x_wconf 81' lang='lat' dir='ltr'>vitam;</span> <span class='ocrx_word' id='word_1_153' title='bbox 1716 2314 1798 2388; x_wconf 88' lang='lat' dir='ltr'>eius</span> <span class='ocrx_word' id='word_1_154' title='bbox 1818 2319 1930 2386; x_wconf 89' lang='lat' dir='ltr'>morta</span> 
     </span>
     <span class='ocr_line' id='line_1_16' title="bbox 372 2432 1927 2531; baseline 0.001 -27"><span class='ocrx_word' id='word_1_155' title='bbox 372 2437 508 2522; x_wconf 78' lang='lat' dir='ltr'>secuto,</span> <span class='ocrx_word' id='word_1_156' title='bbox 536 2432 580 2505; x_wconf 91' lang='lat' dir='ltr'>ad</span> <span class='ocrx_word' id='word_1_157' title='bbox 606 2434 869 2529; x_wconf 79' lang='lat' dir='ltr'>regularitatem</span> <span class='ocrx_word' id='word_1_158' title='bbox 898 2441 933 2510; x_wconf 88' lang='lat' dir='ltr'>et</span> <span class='ocrx_word' id='word_1_159' title='bbox 959 2435 1128 2512; x_wconf 91' lang='lat' dir='ltr'>ditionem</span> <span class='ocrx_word' id='word_1_160' title='bbox 1155 2436 1316 2531; x_wconf 77' lang='lat' dir='ltr'>Magistri</span> <span class='ocrx_word' id='word_1_161' title='bbox 1342 2436 1509 2511; x_wconf 87' lang='lat' dir='ltr'>reditura.</span> <span class='ocrx_word' id='word_1_162' title='bbox 1537 2437 1644 2525; x_wconf 86' lang='lat' dir='ltr'>Item,</span> <span class='ocrx_word' id='word_1_163' title='bbox 1673 2435 1767 2528; x_wconf 85' lang='lat' dir='ltr'>quod</span> <span class='ocrx_word' id='word_1_164' title='bbox 1796 2437 1927 2518; x_wconf 82' lang='lat' dir='ltr'>oasha,</span> 
     </span>
     <span class='ocr_line' id='line_1_17' title="bbox 371 2550 1928 2650; baseline 0 -24"><span class='ocrx_word' id='word_1_165' title='bbox 371 2550 550 2642; x_wconf 75' lang='lat' dir='ltr'>divitates,</span> <span class='ocrx_word' id='word_1_166' title='bbox 578 2553 721 2647; x_wconf 90' lang='lat' dir='ltr'>oppida,</span> <span class='ocrx_word' id='word_1_167' title='bbox 751 2555 859 2630; x_wconf 84' lang='lat' dir='ltr'>villae</span> <span class='ocrx_word' id='word_1_168' title='bbox 886 2563 921 2630; x_wconf 92' lang='lat' dir='ltr'>et</span> <span class='ocrx_word' id='word_1_169' title='bbox 948 2557 1125 2650; x_wconf 88' lang='lat' dir='ltr'>quaelibet</span> <span class='ocrx_word' id='word_1_170' title='bbox 1161 2560 1237 2631; x_wconf 87' lang='lat' dir='ltr'>looo</span> <span class='ocrx_word' id='word_1_171' title='bbox 1272 2557 1510 2632; x_wconf 77' lang='lat' dir='ltr'>aeclesiastica</span> <span class='ocrx_word' id='word_1_172' title='bbox 1536 2557 1727 2631; x_wconf 90' lang='lat' dir='ltr'>reddantur</span> <span class='ocrx_word' id='word_1_173' title='bbox 1754 2575 1822 2648; x_wconf 89' lang='lat' dir='ltr'>per</span> <span class='ocrx_word' id='word_1_174' title='bbox 1848 2575 1928 2646; x_wconf 89' lang='lat' dir='ltr'>par·</span> 
     </span>
     <span class='ocr_line' id='line_1_18' title="bbox 371 2675 1929 2770; baseline 0.001 -24"><span class='ocrx_word' id='word_1_175' title='bbox 371 2677 443 2746; x_wconf 88' lang='lat' dir='ltr'>tem</span> <span class='ocrx_word' id='word_1_176' title='bbox 469 2678 654 2768; x_wconf 88' lang='lat' dir='ltr'>utramque</span> <span class='ocrx_word' id='word_1_177' title='bbox 681 2695 799 2750; x_wconf 89' lang='lat' dir='ltr'>eorum</span> <span class='ocrx_word' id='word_1_178' title='bbox 827 2677 1002 2768; x_wconf 78' lang='lat' dir='ltr'>ecelesiis,</span> <span class='ocrx_word' id='word_1_179' title='bbox 1031 2680 1215 2752; x_wconf 81' lang='lat' dir='ltr'>solvantur</span> <span class='ocrx_word' id='word_1_180' title='bbox 1240 2679 1323 2752; x_wconf 88' lang='lat' dir='ltr'>hino</span> <span class='ocrx_word' id='word_1_181' title='bbox 1350 2677 1432 2753; x_wconf 92' lang='lat' dir='ltr'>inde</span> <span class='ocrx_word' id='word_1_182' title='bbox 1459 2699 1576 2752; x_wconf 89' lang='lat' dir='ltr'>omnes</span> <span class='ocrx_word' id='word_1_183' title='bbox 1610 2675 1761 2770; x_wconf 76' lang='lat' dir='ltr'>captivi,</span> <span class='ocrx_word' id='word_1_184' title='bbox 1793 2679 1929 2748; x_wconf 82' lang='lat' dir='ltr'>stratae</span> 
     </span>
     <span class='ocr_line' id='line_1_19' title="bbox 372 2794 1928 2892; baseline 0.001 -27"><span class='ocrx_word' id='word_1_185' title='bbox 372 2798 525 2869; x_wconf 82' lang='lat' dir='ltr'>ueterem</span> <span class='ocrx_word' id='word_1_186' title='bbox 556 2795 709 2870; x_wconf 88' lang='lat' dir='ltr'>habeant</span> <span class='ocrx_word' id='word_1_187' title='bbox 739 2819 858 2888; x_wconf 87' lang='lat' dir='ltr'>usum,</span> <span class='ocrx_word' id='word_1_188' title='bbox 892 2797 1111 2874; x_wconf 86' lang='lat' dir='ltr'>abstineatur</span> <span class='ocrx_word' id='word_1_189' title='bbox 1138 2799 1180 2872; x_wconf 88' lang='lat' dir='ltr'>ob</span> <span class='ocrx_word' id='word_1_190' title='bbox 1209 2799 1304 2872; x_wconf 90' lang='lat' dir='ltr'>omui</span> <span class='ocrx_word' id='word_1_191' title='bbox 1335 2796 1558 2892; x_wconf 86' lang='lat' dir='ltr'>impositione</span> <span class='ocrx_word' id='word_1_192' title='bbox 1588 2817 1759 2870; x_wconf 83' lang='lat' dir='ltr'>uovorum</span> <span class='ocrx_word' id='word_1_193' title='bbox 1774 2794 1809 2885; x_wconf 83' lang='lat'>³)</span> <span class='ocrx_word' id='word_1_194' title='bbox 1839 2795 1928 2868; x_wconf 85' lang='lat' dir='ltr'>tolo·</span> 
     </span>
     <span class='ocr_line' id='line_1_20' title="bbox 372 2913 1925 3010; baseline 0.001 -22"><span class='ocrx_word' id='word_1_195' title='bbox 372 2935 516 2990; x_wconf 86' lang='lat' dir='ltr'>neotum</span> <span class='ocrx_word' id='word_1_196' title='bbox 544 2921 580 2990; x_wconf 90' lang='lat' dir='ltr'>et</span> <span class='ocrx_word' id='word_1_197' title='bbox 598 2917 905 3010; x_wconf 84' lang='lat' dir='ltr'>depositoriorum3</span> <span class='ocrx_word' id='word_1_198' title='bbox 935 2921 978 2993; x_wconf 91' lang='lat' dir='ltr'>ad</span> <span class='ocrx_word' id='word_1_199' title='bbox 1006 2921 1170 2995; x_wconf 87' lang='lat' dir='ltr'>Ordinem</span> <span class='ocrx_word' id='word_1_200' title='bbox 1190 2913 1338 2994; x_wconf 88' lang='lat' dir='ltr'>Sanotoe</span> <span class='ocrx_word' id='word_1_201' title='bbox 1357 2919 1487 2992; x_wconf 87' lang='lat' dir='ltr'>Mariae</span> <span class='ocrx_word' id='word_1_202' title='bbox 1506 2919 1806 2992; x_wconf 71' lang='lat' dir='ltr'>theutonieorum</span> <span class='ocrx_word' id='word_1_203' title='bbox 1825 2937 1925 3009; x_wconf 89' lang='lat' dir='ltr'>prae·</span> 
     </span>
     <span class='ocr_line' id='line_1_21' title="bbox 372 3034 1925 3134; baseline -0.001 -25"><span class='ocrx_word' id='word_1_204' title='bbox 372 3034 505 3109; x_wconf 84' lang='lat' dir='ltr'>dietum</span> <span class='ocrx_word' id='word_1_205' title='bbox 538 3037 643 3111; x_wconf 92' lang='lat' dir='ltr'>etiam</span> <span class='ocrx_word' id='word_1_206' title='bbox 671 3039 713 3111; x_wconf 89' lang='lat' dir='ltr'>ds</span> <span class='ocrx_word' id='word_1_207' title='bbox 740 3039 892 3113; x_wconf 88' lang='lat' dir='ltr'>subditis</span> <span class='ocrx_word' id='word_1_208' title='bbox 920 3041 1034 3134; x_wconf 85' lang='lat' dir='ltr'>Regni</span> <span class='ocrx_word' id='word_1_209' title='bbox 1052 3041 1220 3114; x_wconf 87' lang='lat' dir='ltr'>Polouiae</span> <span class='ocrx_word' id='word_1_210' title='bbox 1238 3061 1407 3134; x_wconf 83' lang='lat' dir='ltr'>personna</span> <span class='ocrx_word' id='word_1_211' title='bbox 1425 3043 1664 3127; x_wconf 87' lang='lat' dir='ltr'>assumantur,</span> <span class='ocrx_word' id='word_1_212' title='bbox 1694 3057 1844 3130; x_wconf 86' lang='lat' dir='ltr'>oapaoes</span> <span class='ocrx_word' id='word_1_213' title='bbox 1864 3036 1925 3108; x_wconf 92' lang='lat' dir='ltr'>Or·</span> 
     </span>
     <span class='ocr_line' id='line_1_22' title="bbox 372 3155 1925 3251; baseline 0.001 -23"><span class='ocrx_word' id='word_1_214' title='bbox 372 3155 482 3245; x_wconf 88' lang='lat' dir='ltr'>dinis,</span> <span class='ocrx_word' id='word_1_215' title='bbox 511 3156 563 3230; x_wconf 90' lang='lat' dir='ltr'>ita</span> <span class='ocrx_word' id='word_1_216' title='bbox 591 3162 722 3248; x_wconf 87' lang='lat' dir='ltr'>tamen,</span> <span class='ocrx_word' id='word_1_217' title='bbox 752 3160 845 3251; x_wconf 89' lang='lat' dir='ltr'>qued</span> <span class='ocrx_word' id='word_1_218' title='bbox 875 3182 945 3234; x_wconf 92' lang='lat' dir='ltr'>non</span> <span class='ocrx_word' id='word_1_219' title='bbox 977 3161 1167 3236; x_wconf 84' lang='lat' dir='ltr'>exoodatur</span> <span class='ocrx_word' id='word_1_220' title='bbox 1198 3161 1385 3249; x_wconf 87' lang='lat' dir='ltr'>medietas,</span> <span class='ocrx_word' id='word_1_221' title='bbox 1414 3165 1450 3234; x_wconf 90' lang='lat' dir='ltr'>et</span> <span class='ocrx_word' id='word_1_222' title='bbox 1476 3160 1512 3232; x_wconf 92' lang='lat' dir='ltr'>in</span> <span class='ocrx_word' id='word_1_223' title='bbox 1541 3157 1798 3232; x_wconf 87' lang='lat' dir='ltr'>distribuendis</span> <span class='ocrx_word' id='word_1_224' title='bbox 1826 3157 1925 3230; x_wconf 88' lang='lat' dir='ltr'>Oom·</span> 
     </span>
     <span class='ocr_line' id='line_1_23' title="bbox 372 3276 1926 3374; baseline 0 -25"><span class='ocrx_word' id='word_1_225' title='bbox 372 3276 560 3350; x_wconf 86' lang='lat' dir='ltr'>mendariie</span> <span class='ocrx_word' id='word_1_226' title='bbox 587 3287 622 3351; x_wconf 93' lang='lat' dir='ltr'>et</span> <span class='ocrx_word' id='word_1_227' title='bbox 649 3279 774 3354; x_wconf 80' lang='lat' dir='ltr'>offitiis</span> <span class='ocrx_word' id='word_1_228' title='bbox 811 3278 953 3354; x_wconf 89' lang='lat' dir='ltr'>Ordinis</span> <span class='ocrx_word' id='word_1_229' title='bbox 990 3281 1161 3354; x_wconf 87' lang='lat' dir='ltr'>habeatur</span> <span class='ocrx_word' id='word_1_230' title='bbox 1193 3281 1300 3355; x_wconf 90' lang='lat' dir='ltr'>etiam</span> <span class='ocrx_word' id='word_1_231' title='bbox 1332 3281 1375 3353; x_wconf 88' lang='lat' dir='ltr'>ad</span> <span class='ocrx_word' id='word_1_232' title='bbox 1408 3281 1492 3354; x_wconf 90' lang='lat' dir='ltr'>illos</span> <span class='ocrx_word' id='word_1_233' title='bbox 1519 3283 1715 3374; x_wconf 65' lang='lat' dir='ltr'>respectum</span> <span class='ocrx_word' id='word_1_234' title='bbox 1754 3277 1926 3370; x_wconf 83' lang='lat' dir='ltr'>Magister</span> 
     </span>
     <span class='ocr_line' id='line_1_24' title="bbox 372 3395 1924 3494; baseline 0.001 -27"><span class='ocrx_word' id='word_1_235' title='bbox 372 3395 524 3490; x_wconf 86' lang='lat' dir='ltr'>eligatur</span> <span class='ocrx_word' id='word_1_236' title='bbox 549 3397 711 3489; x_wconf 90' lang='lat' dir='ltr'>idoneus,</span> <span class='ocrx_word' id='word_1_237' title='bbox 740 3400 872 3493; x_wconf 85' lang='lat' dir='ltr'>absque</span> <span class='ocrx_word' id='word_1_238' title='bbox 899 3401 1066 3476; x_wconf 87' lang='lat' dir='ltr'>demerito</span> <span class='ocrx_word' id='word_1_239' title='bbox 1093 3407 1129 3475; x_wconf 90' lang='lat' dir='ltr'>et</span> <span class='ocrx_word' id='word_1_240' title='bbox 1157 3401 1232 3477; x_wconf 91' lang='lat' dir='ltr'>sine</span> <span class='ocrx_word' id='word_1_241' title='bbox 1261 3401 1409 3475; x_wconf 85' lang='lat' dir='ltr'>seientia</span> <span class='ocrx_word' id='word_1_242' title='bbox 1435 3401 1543 3493; x_wconf 89' lang='lat' dir='ltr'>Regis</span> <span class='ocrx_word' id='word_1_243' title='bbox 1562 3405 1597 3475; x_wconf 90' lang='lat' dir='ltr'>et</span> <span class='ocrx_word' id='word_1_244' title='bbox 1615 3400 1730 3494; x_wconf 90' lang='lat' dir='ltr'>Regni</span> <span class='ocrx_word' id='word_1_245' title='bbox 1753 3397 1924 3471; x_wconf 84' lang='lat' dir='ltr'>Poloniao</span> 
     </span>
     <span class='ocr_line' id='line_1_25' title="bbox 371 3519 1921 3616; baseline 0 -26"><span class='ocrx_word' id='word_1_246' title='bbox 371 3537 441 3590; x_wconf 92' lang='lat' dir='ltr'>non</span> <span class='ocrx_word' id='word_1_247' title='bbox 468 3519 694 3593; x_wconf 82' lang='lat' dir='ltr'>amovendus.</span> <span class='ocrx_word' id='word_1_248' title='bbox 723 3521 829 3611; x_wconf 90' lang='lat' dir='ltr'>Item,</span> <span class='ocrx_word' id='word_1_249' title='bbox 863 3523 955 3615; x_wconf 91' lang='lat' dir='ltr'>quod</span> <span class='ocrx_word' id='word_1_250' title='bbox 987 3523 1081 3610; x_wconf 83' lang='lat' dir='ltr'>Rex,</span> <span class='ocrx_word' id='word_1_251' title='bbox 1110 3523 1287 3616; x_wconf 90' lang='lat' dir='ltr'>Regnum,</span> <span class='ocrx_word' id='word_1_252' title='bbox 1320 3522 1488 3615; x_wconf 82' lang='lat' dir='ltr'>Magister</span> <span class='ocrx_word' id='word_1_253' title='bbox 1514 3529 1550 3595; x_wconf 91' lang='lat' dir='ltr'>et</span> <span class='ocrx_word' id='word_1_254' title='bbox 1576 3521 1683 3608; x_wconf 89' lang='lat' dir='ltr'>Ordo,</span> <span class='ocrx_word' id='word_1_255' title='bbox 1711 3521 1757 3593; x_wconf 86' lang='lat' dir='ltr'>ad</span> <span class='ocrx_word' id='word_1_256' title='bbox 1786 3520 1921 3591; x_wconf 90' lang='lat' dir='ltr'>nullam</span> 
     </span>
     <span class='ocr_line' id='line_1_26' title="bbox 370 3639 1920 3734; baseline 0.002 -26"><span class='ocrx_word' id='word_1_257' title='bbox 370 3641 582 3728; x_wconf 85' lang='lat' dir='ltr'>potestatem</span> <span class='ocrx_word' id='word_1_258' title='bbox 610 3641 883 3715; x_wconf 78' lang='lat' dir='ltr'>ecelesiastieam</span> <span class='ocrx_word' id='word_1_259' title='bbox 911 3643 968 3715; x_wconf 83' lang='lat' dir='ltr'>rol</span> <span class='ocrx_word' id='word_1_260' title='bbox 995 3643 1204 3716; x_wconf 85' lang='lat' dir='ltr'>mundanam</span> <span class='ocrx_word' id='word_1_261' title='bbox 1231 3647 1403 3731; x_wconf 80' lang='lat' dir='ltr'>recurret,</span> <span class='ocrx_word' id='word_1_262' title='bbox 1431 3649 1466 3716; x_wconf 92' lang='lat' dir='ltr'>et</span> <span class='ocrx_word' id='word_1_263' title='bbox 1493 3641 1688 3734; x_wconf 89' lang='lat' dir='ltr'>praesentis</span> <span class='ocrx_word' id='word_1_264' title='bbox 1707 3639 1808 3733; x_wconf 87' lang='lat' dir='ltr'>paois</span> <span class='ocrx_word' id='word_1_265' title='bbox 1828 3640 1920 3712; x_wconf 91' lang='lat' dir='ltr'>solu·</span> 
     </span>
     <span class='ocr_line' id='line_1_27' title="bbox 371 3755 1920 3856; baseline 0.002 -26"><span class='ocrx_word' id='word_1_266' title='bbox 371 3755 501 3832; x_wconf 90' lang='lat' dir='ltr'>tionem</span> <span class='ocrx_word' id='word_1_267' title='bbox 529 3765 643 3852; x_wconf 89' lang='lat' dir='ltr'>petet,</span> <span class='ocrx_word' id='word_1_268' title='bbox 672 3783 735 3835; x_wconf 91' lang='lat' dir='ltr'>neo</span> <span class='ocrx_word' id='word_1_269' title='bbox 761 3765 882 3836; x_wconf 91' lang='lat' dir='ltr'>utetur</span> <span class='ocrx_word' id='word_1_270' title='bbox 909 3763 1111 3856; x_wconf 89' lang='lat' dir='ltr'>impetrata,</span> <span class='ocrx_word' id='word_1_271' title='bbox 1140 3764 1196 3837; x_wconf 84' lang='lat' dir='ltr'>vel</span> <span class='ocrx_word' id='word_1_272' title='bbox 1223 3769 1320 3836; x_wconf 91' lang='lat' dir='ltr'>motu</span> <span class='ocrx_word' id='word_1_273' title='bbox 1348 3763 1487 3856; x_wconf 90' lang='lat' dir='ltr'>proprie</span> <span class='ocrx_word' id='word_1_274' title='bbox 1516 3781 1690 3836; x_wconf 86' lang='lat' dir='ltr'>oouoeesa.</span> <span class='ocrx_word' id='word_1_275' title='bbox 1724 3761 1836 3849; x_wconf 87' lang='lat' dir='ltr'>Item,</span> <span class='ocrx_word' id='word_1_276' title='bbox 1865 3781 1920 3833; x_wconf 86' lang='lat' dir='ltr'>aa·</span> 
     </span>
     <span class='ocr_line' id='line_1_28' title="bbox 371 3879 1920 3977; baseline 0.002 -27"><span class='ocrx_word' id='word_1_277' title='bbox 371 3882 499 3966; x_wconf 89' lang='lat' dir='ltr'>strum,</span> <span class='ocrx_word' id='word_1_278' title='bbox 530 3879 673 3972; x_wconf 79' lang='lat' dir='ltr'>civitas,</span> <span class='ocrx_word' id='word_1_279' title='bbox 702 3881 885 3975; x_wconf 91' lang='lat' dir='ltr'>oppidum,</span> <span class='ocrx_word' id='word_1_280' title='bbox 914 3883 1078 3973; x_wconf 88' lang='lat' dir='ltr'>munitio,</span> <span class='ocrx_word' id='word_1_281' title='bbox 1107 3883 1273 3958; x_wconf 90' lang='lat' dir='ltr'>interris</span> <span class='ocrx_word' id='word_1_282' title='bbox 1300 3883 1408 3977; x_wconf 89' lang='lat' dir='ltr'>regiis</span> <span class='ocrx_word' id='word_1_283' title='bbox 1435 3881 1676 3968; x_wconf 88' lang='lat' dir='ltr'>Pomeroniae,</span> <span class='ocrx_word' id='word_1_284' title='bbox 1706 3881 1920 3968; x_wconf 86' lang='lat' dir='ltr'>Ohelmensi,</span> 
     </span>
     <span class='ocr_line' id='line_1_29' title="bbox 370 3995 2025 4104; baseline 0.002 -34"><span class='ocrx_word' id='word_1_285' title='bbox 370 3995 654 4091; x_wconf 85' lang='lat' dir='ltr'>Miohaloriensi,</span> <span class='ocrx_word' id='word_1_286' title='bbox 684 4003 943 4095; x_wconf 86' lang='lat' dir='ltr'>quomodolibet</span> <span class='ocrx_word' id='word_1_287' title='bbox 970 4004 1178 4097; x_wconf 79' lang='lat' dir='ltr'>intercepta,</span> <span class='ocrx_word' id='word_1_288' title='bbox 1208 4005 1265 4078; x_wconf 87' lang='lat' dir='ltr'>vel</span> <span class='ocrx_word' id='word_1_289' title='bbox 1292 4004 1459 4097; x_wconf 87' lang='lat' dir='ltr'>Magistro</span> <span class='ocrx_word' id='word_1_290' title='bbox 1479 4002 1625 4090; x_wconf 86' lang='lat' dir='ltr'>tradita,</span> <span class='ocrx_word' id='word_1_291' title='bbox 1653 4002 1758 4075; x_wconf 91' lang='lat' dir='ltr'>debet</span> <span class='ocrx_word' id='word_1_292' title='bbox 1776 4001 1870 4094; x_wconf 85' lang='lat' dir='ltr'>Regi</span> <span class='ocrx_word' id='word_1_293' title='bbox 1888 4007 1921 4074; x_wconf 91' lang='lat' dir='ltr'>ot</span> <span class='ocrx_word' id='word_1_294' title='bbox 2023 4063 2025 4104; x_wconf 67' lang='lat'>,</span> 
     </span>
     <span class='ocr_line' id='line_1_30' title="bbox 370 4107 2025 4218; baseline 0.001 -25"><span class='ocrx_word' id='word_1_295' title='bbox 370 4119 491 4214; x_wconf 88' lang='lat' dir='ltr'>Regno</span> <span class='ocrx_word' id='word_1_296' title='bbox 510 4122 678 4197; x_wconf 90' lang='lat' dir='ltr'>Poloniae</span> <span class='ocrx_word' id='word_1_297' title='bbox 696 4123 855 4212; x_wconf 89' lang='lat' dir='ltr'>restitui,</span> <span class='ocrx_word' id='word_1_298' title='bbox 884 4131 945 4195; x_wconf 90' lang='lat' dir='ltr'>aut</span> <span class='ocrx_word' id='word_1_299' title='bbox 972 4146 1051 4197; x_wconf 89' lang='lat' dir='ltr'>oum</span> <span class='ocrx_word' id='word_1_300' title='bbox 1078 4125 1282 4199; x_wconf 90' lang='lat' dir='ltr'>assistentia</span> <span class='ocrx_word' id='word_1_301' title='bbox 1308 4123 1470 4218; x_wconf 85' lang='lat' dir='ltr'>Magistri</span> <span class='ocrx_word' id='word_1_302' title='bbox 1497 4121 1709 4216; x_wconf 84' lang='lat' dir='ltr'>expugnari,</span> <span class='ocrx_word' id='word_1_303' title='bbox 1738 4121 1859 4210; x_wconf 92' lang='lat' dir='ltr'>reddi,</span> <span class='ocrx_word' id='word_1_304' title='bbox 1888 4126 1922 4194; x_wconf 90' lang='lat' dir='ltr'>ot</span> <span class='ocrx_word' id='word_1_305' title='bbox 2024 4107 2025 4136; x_wconf 70' lang='lat'><em>³</em></span> 
     </span>
     <span class='ocr_line' id='line_1_31' title="bbox 370 4242 1922 4339; baseline 0.001 -27"><span class='ocrx_word' id='word_1_306' title='bbox 370 4261 389 4312; x_wconf 92' lang='lat' dir='ltr'>e</span> <span class='ocrx_word' id='word_1_307' title='bbox 416 4261 593 4315; x_wconf 83' lang='lat' dir='ltr'>oourerso.</span> <span class='ocrx_word' id='word_1_308' title='bbox 623 4243 730 4333; x_wconf 90' lang='lat' dir='ltr'>Item,</span> <span class='ocrx_word' id='word_1_309' title='bbox 759 4243 852 4336; x_wconf 91' lang='lat' dir='ltr'>qued</span> <span class='ocrx_word' id='word_1_310' title='bbox 878 4249 1009 4333; x_wconf 85' lang='lat' dir='ltr'>eastra,</span> <span class='ocrx_word' id='word_1_311' title='bbox 1038 4244 1202 4319; x_wconf 81' lang='lat' dir='ltr'>ciuitates</span> <span class='ocrx_word' id='word_1_312' title='bbox 1229 4246 1272 4318; x_wconf 90' lang='lat' dir='ltr'>ad</span> <span class='ocrx_word' id='word_1_313' title='bbox 1295 4245 1426 4339; x_wconf 89' lang='lat' dir='ltr'>Regem</span> <span class='ocrx_word' id='word_1_314' title='bbox 1445 4251 1481 4317; x_wconf 90' lang='lat' dir='ltr'>et</span> <span class='ocrx_word' id='word_1_315' title='bbox 1499 4244 1659 4337; x_wconf 86' lang='lat' dir='ltr'>Regnum</span> <span class='ocrx_word' id='word_1_316' title='bbox 1677 4242 1867 4330; x_wconf 87' lang='lat' dir='ltr'>Poloniao,</span> <span class='ocrx_word' id='word_1_317' title='bbox 1887 4247 1922 4314; x_wconf 90' lang='lat' dir='ltr'>ot</span> 
     </span>
     <span class='ocr_line' id='line_1_32' title="bbox 370 4359 1921 4458; baseline 0.003 -28"><span class='ocrx_word' id='word_1_318' title='bbox 370 4359 446 4434; x_wconf 85' lang='lat' dir='ltr'>riae</span> <span class='ocrx_word' id='word_1_319' title='bbox 471 4361 648 4454; x_wconf 88' lang='lat' dir='ltr'>reoiprooa</span> <span class='ocrx_word' id='word_1_320' title='bbox 674 4363 719 4437; x_wconf 86' lang='lat' dir='ltr'>ad</span> <span class='ocrx_word' id='word_1_321' title='bbox 745 4363 954 4458; x_wconf 86' lang='lat' dir='ltr'>Magistrum</span> <span class='ocrx_word' id='word_1_322' title='bbox 982 4370 1017 4438; x_wconf 88' lang='lat' dir='ltr'>et</span> <span class='ocrx_word' id='word_1_323' title='bbox 1044 4365 1224 4455; x_wconf 90' lang='lat' dir='ltr'>Ordinem,</span> <span class='ocrx_word' id='word_1_324' title='bbox 1257 4387 1301 4440; x_wconf 88' lang='lat' dir='ltr'>ex</span> <span class='ocrx_word' id='word_1_325' title='bbox 1328 4365 1464 4439; x_wconf 80' lang='lat' dir='ltr'>foedere</span> <span class='ocrx_word' id='word_1_326' title='bbox 1491 4362 1725 4456; x_wconf 88' lang='lat' dir='ltr'>pertinentes,</span> <span class='ocrx_word' id='word_1_327' title='bbox 1763 4362 1804 4434; x_wconf 92' lang='lat' dir='ltr'>in</span> <span class='ocrx_word' id='word_1_328' title='bbox 1832 4363 1921 4436; x_wconf 83' lang='lat' dir='ltr'>festo</span> 
     </span>
     <span class='ocr_line' id='line_1_33' title="bbox 370 4480 1920 4579; baseline 0 -26"><span class='ocrx_word' id='word_1_329' title='bbox 370 4480 492 4554; x_wconf 86' lang='lat' dir='ltr'>Saneti</span> <span class='ocrx_word' id='word_1_330' title='bbox 518 4483 687 4557; x_wconf 87' lang='lat' dir='ltr'>Iohannis</span> <span class='ocrx_word' id='word_1_331' title='bbox 719 4485 903 4578; x_wconf 87' lang='lat' dir='ltr'>Baptistae</span> <span class='ocrx_word' id='word_1_332' title='bbox 934 4485 1082 4559; x_wconf 89' lang='lat' dir='ltr'>ouilibet</span> <span class='ocrx_word' id='word_1_333' title='bbox 1113 4487 1266 4579; x_wconf 86' lang='lat' dir='ltr'>partium</span> <span class='ocrx_word' id='word_1_334' title='bbox 1294 4485 1421 4560; x_wconf 90' lang='lat' dir='ltr'>debent</span> <span class='ocrx_word' id='word_1_335' title='bbox 1447 4482 1648 4578; x_wconf 75' lang='lat' dir='ltr'>consignari</span> <span class='ocrx_word' id='word_1_336' title='bbox 1676 4487 1712 4556; x_wconf 92' lang='lat' dir='ltr'>et</span> <span class='ocrx_word' id='word_1_337' title='bbox 1739 4482 1857 4572; x_wconf 90' lang='lat' dir='ltr'>reddi,</span> <span class='ocrx_word' id='word_1_338' title='bbox 1887 4489 1920 4555; x_wconf 86' lang='lat' dir='ltr'>ot</span> 
     </span>
     <span class='ocr_line' id='line_1_34' title="bbox 369 4599 2024 4698; baseline 0.002 -25"><span class='ocrx_word' id='word_1_339' title='bbox 369 4599 500 4674; x_wconf 78' lang='lat' dir='ltr'>uirium</span> <span class='ocrx_word' id='word_1_340' title='bbox 528 4601 811 4678; x_wconf 82' lang='lat' dir='ltr'>atsubditorum</span> <span class='ocrx_word' id='word_1_341' title='bbox 842 4605 955 4679; x_wconf 90' lang='lat' dir='ltr'>omnis</span> <span class='ocrx_word' id='word_1_342' title='bbox 987 4605 1166 4680; x_wconf 89' lang='lat' dir='ltr'>hostilitas</span> <span class='ocrx_word' id='word_1_343' title='bbox 1196 4613 1231 4681; x_wconf 91' lang='lat' dir='ltr'>et</span> <span class='ocrx_word' id='word_1_344' title='bbox 1256 4605 1402 4681; x_wconf 89' lang='lat' dir='ltr'>rebellio</span> <span class='ocrx_word' id='word_1_345' title='bbox 1430 4601 1600 4698; x_wconf 86' lang='lat' dir='ltr'>perpetuo</span> <span class='ocrx_word' id='word_1_346' title='bbox 1637 4603 1838 4692; x_wconf 79' lang='lat' dir='ltr'>obliterari,</span> <span class='ocrx_word' id='word_1_347' title='bbox 1867 4603 1919 4676; x_wconf 77' lang='lat' dir='ltr'>vi·</span> <span class='ocrx_word' id='word_1_348' title='bbox 2023 4607 2024 4610; x_wconf 68' lang='lat'><em>&#39;</em></span> 
     </span>
     <span class='ocr_line' id='line_1_35' title="bbox 368 4723 1917 4820; baseline 0 -24"><span class='ocrx_word' id='word_1_349' title='bbox 368 4725 494 4814; x_wconf 90' lang='lat' dir='ltr'>taeque</span> <span class='ocrx_word' id='word_1_350' title='bbox 521 4744 639 4797; x_wconf 90' lang='lat' dir='ltr'>eorum</span> <span class='ocrx_word' id='word_1_351' title='bbox 667 4729 703 4798; x_wconf 88' lang='lat' dir='ltr'>et</span> <span class='ocrx_word' id='word_1_352' title='bbox 729 4726 881 4800; x_wconf 87' lang='lat' dir='ltr'>fortunis</span> <span class='ocrx_word' id='word_1_353' title='bbox 908 4727 1079 4801; x_wconf 88' lang='lat' dir='ltr'>aeouritas</span> <span class='ocrx_word' id='word_1_354' title='bbox 1106 4729 1212 4820; x_wconf 89' lang='lat' dir='ltr'>plena</span> <span class='ocrx_word' id='word_1_355' title='bbox 1228 4727 1364 4816; x_wconf 90' lang='lat' dir='ltr'>haberi,</span> <span class='ocrx_word' id='word_1_356' title='bbox 1394 4731 1429 4801; x_wconf 89' lang='lat' dir='ltr'>ot</span> <span class='ocrx_word' id='word_1_357' title='bbox 1448 4727 1541 4820; x_wconf 93' lang='lat' dir='ltr'>quod</span> <span class='ocrx_word' id='word_1_358' title='bbox 1559 4744 1678 4798; x_wconf 89' lang='lat' dir='ltr'>omnes</span> <span class='ocrx_word' id='word_1_359' title='bbox 1697 4723 1917 4812; x_wconf 88' lang='lat' dir='ltr'>donationes,</span> 
     </span>
     <span class='ocr_line' id='line_1_36' title="bbox 368 4841 2024 4940; baseline 0.003 -27"><span class='ocrx_word' id='word_1_360' title='bbox 368 4841 588 4918; x_wconf 86' lang='lat' dir='ltr'>venditiones</span> <span class='ocrx_word' id='word_1_361' title='bbox 615 4850 651 4918; x_wconf 91' lang='lat' dir='ltr'>et</span> <span class='ocrx_word' id='word_1_362' title='bbox 677 4845 923 4933; x_wconf 87' lang='lat' dir='ltr'>alienationes,</span> <span class='ocrx_word' id='word_1_363' title='bbox 951 4847 1034 4922; x_wconf 88' lang='lat' dir='ltr'>hino</span> <span class='ocrx_word' id='word_1_364' title='bbox 1060 4847 1141 4923; x_wconf 88' lang='lat' dir='ltr'>inde</span> <span class='ocrx_word' id='word_1_365' title='bbox 1167 4848 1205 4921; x_wconf 92' lang='lat' dir='ltr'>in</span> <span class='ocrx_word' id='word_1_366' title='bbox 1233 4847 1333 4921; x_wconf 92' lang='lat' dir='ltr'>bouis</span> <span class='ocrx_word' id='word_1_367' title='bbox 1362 4846 1596 4940; x_wconf 86' lang='lat' dir='ltr'>quibuslibet,</span> <span class='ocrx_word' id='word_1_368' title='bbox 1616 4845 1655 4918; x_wconf 93' lang='lat' dir='ltr'>in</span> <span class='ocrx_word' id='word_1_369' title='bbox 1672 4849 1811 4937; x_wconf 87' lang='lat' dir='ltr'>partem</span> <span class='ocrx_word' id='word_1_370' title='bbox 1831 4845 1918 4918; x_wconf 89' lang='lat' dir='ltr'>alte·</span> <span class='ocrx_word' id='word_1_371' title='bbox 2023 4885 2024 4888; x_wconf 15' lang='grc' dir='ltr'><strong><em>κ</em></strong></span> 
     </span>
     <span class='ocr_line' id='line_1_37' title="bbox 367 4955 2024 5061; baseline 0 -23"><span class='ocrx_word' id='word_1_372' title='bbox 367 4985 442 5038; x_wconf 90' lang='lat' dir='ltr'>ram</span> <span class='ocrx_word' id='word_1_373' title='bbox 469 4963 628 5054; x_wconf 80' lang='lat' dir='ltr'>dedendi,</span> <span class='ocrx_word' id='word_1_374' title='bbox 658 4965 723 5040; x_wconf 93' lang='lat' dir='ltr'>sub</span> <span class='ocrx_word' id='word_1_375' title='bbox 745 4967 882 5061; x_wconf 87' lang='lat' dir='ltr'>guerris</span> <span class='ocrx_word' id='word_1_376' title='bbox 897 4969 928 5058; x_wconf 88' lang='lat'>⁴)</span> <span class='ocrx_word' id='word_1_377' title='bbox 957 4970 1083 5056; x_wconf 85' lang='lat' dir='ltr'>laetae,</span> <span class='ocrx_word' id='word_1_378' title='bbox 1112 4969 1261 5044; x_wconf 90' lang='lat' dir='ltr'>debeant</span> <span class='ocrx_word' id='word_1_379' title='bbox 1279 4989 1417 5041; x_wconf 81' lang='lat' dir='ltr'>nassum</span> <span class='ocrx_word' id='word_1_380' title='bbox 1436 4971 1471 5042; x_wconf 91' lang='lat' dir='ltr'>et</span> <span class='ocrx_word' id='word_1_381' title='bbox 1488 4971 1680 5041; x_wconf 75' lang='lat' dir='ltr'>retractum</span> <span class='ocrx_word' id='word_1_382' title='bbox 1698 4965 1755 5039; x_wconf 90' lang='lat' dir='ltr'>iri.</span> <span class='ocrx_word' id='word_1_383' title='bbox 1785 4964 1915 5039; x_wconf 86' lang='lat' dir='ltr'>Omnes</span> <span class='ocrx_word' id='word_1_384' title='bbox 2022 4955 2024 5012; x_wconf 64' lang='lat' dir='ltr'>t</span> 
     </span>
     <span class='ocr_line' id='line_1_38' title="bbox 365 5083 1915 5179; baseline 0.001 -21"><span class='ocrx_word' id='word_1_385' title='bbox 365 5083 506 5179; x_wconf 83' lang='lat' dir='ltr'>profugi</span> <span class='ocrx_word' id='word_1_386' title='bbox 532 5089 568 5160; x_wconf 91' lang='lat' dir='ltr'>et</span> <span class='ocrx_word' id='word_1_387' title='bbox 594 5087 733 5176; x_wconf 84' lang='lat' dir='ltr'>exules,</span> <span class='ocrx_word' id='word_1_388' title='bbox 762 5087 934 5163; x_wconf 87' lang='lat' dir='ltr'>militares</span> <span class='ocrx_word' id='word_1_389' title='bbox 961 5089 1135 5163; x_wconf 79' lang='lat' dir='ltr'>duntaxat</span> <span class='ocrx_word' id='word_1_390' title='bbox 1165 5094 1201 5164; x_wconf 88' lang='lat' dir='ltr'>et</span> <span class='ocrx_word' id='word_1_391' title='bbox 1226 5087 1378 5178; x_wconf 89' lang='lat' dir='ltr'>nobiles,</span> <span class='ocrx_word' id='word_1_392' title='bbox 1408 5087 1452 5161; x_wconf 90' lang='lat' dir='ltr'>ad</span> <span class='ocrx_word' id='word_1_393' title='bbox 1479 5089 1570 5162; x_wconf 92' lang='lat' dir='ltr'>bona</span> <span class='ocrx_word' id='word_1_394' title='bbox 1597 5109 1662 5161; x_wconf 89' lang='lat' dir='ltr'>sua</span> <span class='ocrx_word' id='word_1_395' title='bbox 1693 5087 1843 5176; x_wconf 81' lang='lat' dir='ltr'>reverti,</span> <span class='ocrx_word' id='word_1_396' title='bbox 1871 5086 1915 5160; x_wconf 86' lang='lat' dir='ltr'>de</span> 
     </span>
    </p>
   </div>
   <div class='ocr_carea' id='block_1_3' title="bbox 2023 3091 2028 4059">
    <p class='ocr_par' dir='ltr' id='par_1_3' title="bbox 2023 3091 2028 4059">
     <span class='ocr_line' id='line_1_39' title="bbox 2023 3091 2028 4059; baseline 0 0"><span class='ocrx_word' id='word_1_397' title='bbox 2023 3091 2028 4059; x_wconf 95' lang='lat' dir='ltr'> </span> 
     </span>
    </p>
   </div>
   <div class='ocr_carea' id='block_1_4' title="bbox 367 5355 1916 5552">
    <p class='ocr_par' dir='ltr' id='par_1_4' title="bbox 367 5355 1916 5552">
     <span class='ocr_line' id='line_1_40' title="bbox 476 5355 1916 5448; baseline -0.003 -20"><span class='ocrx_word' id='word_1_398' title='bbox 476 5361 500 5442; x_wconf 92' lang='lat'>¹)</span> <span class='ocrx_word' id='word_1_399' title='bbox 529 5363 641 5428; x_wconf 69' lang='lat' dir='ltr'>ambi·</span> <span class='ocrx_word' id='word_1_400' title='bbox 669 5360 732 5438; x_wconf 78' lang='lat' dir='ltr'>Ed.</span> <span class='ocrx_word' id='word_1_401' title='bbox 764 5361 855 5448; x_wconf 77' lang='lat' dir='ltr'>Lipa.</span> <span class='ocrx_word' id='word_1_402' title='bbox 886 5361 909 5443; x_wconf 79' lang='lat'>²)</span> <span class='ocrx_word' id='word_1_403' title='bbox 937 5364 1018 5426; x_wconf 81' lang='lat' dir='ltr'>bella</span> <span class='ocrx_word' id='word_1_404' title='bbox 1046 5355 1110 5426; x_wconf 78' lang='lat' dir='ltr'>Ed.</span> <span class='ocrx_word' id='word_1_405' title='bbox 1143 5359 1232 5448; x_wconf 78' lang='lat' dir='ltr'>Lipa.</span> <span class='ocrx_word' id='word_1_406' title='bbox 1265 5360 1290 5443; x_wconf 81' lang='lat'>¹)</span> <span class='ocrx_word' id='word_1_407' title='bbox 1321 5363 1449 5426; x_wconf 85' lang='lat' dir='ltr'>omnium</span> <span class='ocrx_word' id='word_1_408' title='bbox 1478 5359 1541 5426; x_wconf 76' lang='lat' dir='ltr'>Ed.</span> <span class='ocrx_word' id='word_1_409' title='bbox 1574 5359 1665 5447; x_wconf 77' lang='lat' dir='ltr'>Lipr.</span> <span class='ocrx_word' id='word_1_410' title='bbox 1698 5359 1726 5440; x_wconf 80' lang='lat'>⁴)</span> <span class='ocrx_word' id='word_1_411' title='bbox 1756 5363 1916 5425; x_wconf 78' lang='lat' dir='ltr'>sabbella</span> 
     </span>
     <span class='ocr_line' id='line_1_41' title="bbox 367 5463 550 5552; baseline -0.016 -20"><span class='ocrx_word' id='word_1_412' title='bbox 367 5463 432 5532; x_wconf 74' lang='lat' dir='ltr'>Ed.</span> <span class='ocrx_word' id='word_1_413' title='bbox 455 5465 550 5552; x_wconf 77' lang='lat' dir='ltr'>Lipr.</span> 
     </span>
    </p>
   </div>
   <div class='ocr_carea' id='block_1_5' title="bbox 0 0 2030 6280">
    <p class='ocr_par' dir='ltr' id='par_1_5' title="bbox 0 0 2030 6280">
     <span class='ocr_line' id='line_1_42' title="bbox 0 0 2030 6280; baseline 0 0"><span class='ocrx_word' id='word_1_414' title='bbox 0 0 2030 6280; x_wconf 95' lang='lat' dir='ltr'> </span> 
     </span>
    </p>
   </div>
  </div>
 </body>
</html>
