4152 6270
163 541 230 640 (Α.
249 541 295 614 D.
316 539 432 639 1451.)
679 565 793 617 nmen
819 565 1065 618 nuonncmuus
1093 547 1207 637 (xm).
1668 547 1714 619 87

162 861 320 951 Sbigneus
349 861 527 934 dardinalis
557 863 751 934 dorimimm
780 864 899 954 llogem
928 865 962 936 iu
992 865 1179 953 particulari
1205 865 1423 936 conventione
1446 865 1571 954 pollice
1595 867 1714 956 arguit,

206 982 291 1072 quod
314 982 431 1054 ducem
454 983 647 1056 litiuauiae
669 985 854 1056 melacium
877 987 992 1056 contra
1014 985 1066 1056 ius
1089 988 1124 1057 ot
1146 985 1198 1056 las
1220 1003 1286 1056 non
1309 986 1447 1076 recipiat
1469 986 1503 1058 iu
1526 986 1676 1076 puceu.

265 1230 308 1303 In
336 1231 489 1303 crastino
518 1231 714 1305 Divisionis
742 1233 1010 1324 Apostolorum,
1041 1235 1127 1306 ‘feria
1147 1239 1264 1322 sexta,
1294 1233 1497 1306 Karimiruo
1521 1235 1599 1307 Rex
1619 1235 1646 1325 ¹)
1674 1235 1717 1308 de

162 1349 328 1422 Oracovia
355 1371 516 1442 egressus
545 1356 615 1440 est,
646 1359 680 1425 et
698 1374 760 1444 per
781 1353 1034 1445 Wpeliculram,
1064 1355 1265 1446 Bochnyam
1290 1359 1325 1426 et
1342 1354 1513 1428 Kosuicxe
1528 1352 1559 1444 ²)
1587 1355 1624 1427 in
1643 1355 1714 1428 No-

161 1491 241 1541 vam
270 1470 457 1544 Civitatem
490 1472 660 1562 Koronin,
693 1473 794 1566 ferie
811 1473 917 1546 tertia
953 1477 1034 1546 ante
1066 1475 1193 1546 festum
1231 1473 1380 1548 Sanctae
1413 1473 1543 1547 Mariae
1571 1475 1714 1569 Magda-

161 1591 263 1664 leuae
294 1593 470 1682 pervenit,
508 1593 653 1685 illicque
687 1594 936 1684 particularem
969 1593 1251 1682 conventionem,
1289 1594 1423 1667 vocatis
1457 1594 1635 1667 nobilibus
1669 1615 1713 1668 ex

161 1711 399 1801 Gracoviensi,
438 1713 714 1786 Sandomirienei
741 1719 776 1786 et
802 1714 1012 1786 Lublinensi
1044 1715 1164 1803 terris,
1198 1715 1328 1788 tenuit:
1366 1713 1403 1786 in
1440 1735 1508 1806 qua
1544 1735 1716 1788 consensu

161 1832 333 1920 omnium,
362 1853 424 1925 pro
452 1834 654 1907 defensione
681 1839 809 1921 terrae,
838 1855 882 1908 ne
908 1836 1106 1928 generalem
1134 1834 1322 1908 motionem
1351 1836 1462 1908 facere
1484 1835 1713 1928 contingeret,

162 1973 225 2024 sex
252 1973 394 2045 grossos
422 1954 464 2027 de
492 1955 592 2026 laneo
620 1955 778 2046 quolibet
806 1955 898 2044 dari,
928 1961 963 2028 et
982 1956 1018 2027 in
1038 1977 1161 2027 manus
1186 1949 1332 2027 duorum
1350 1955 1604 2047 palatinorum,
1633 1955 1714 2028 (lra-

160 2074 335 2145 coviensis
364 2073 529 2148 videlicet
548 2079 583 2147 et
603 2075 914 2164 Sardemiriensis,
945 2081 980 2148 et
1007 2076 1154 2148 duorum
1182 2076 1371 2164 nobilium,
1401 2075 1616 2169 consignari,
1645 2092 1714 2149 non

160 2193 232 2265 uisi
259 2215 322 2285 pro
350 2194 459 2266 ardua
485 2196 695 2269 necessitate
727 2197 1004 2285 distribuendos,
1038 2196 1252 2270 universitas
1283 2197 1453 2268 baronum
1481 2200 1516 2268 et
1542 2196 1714 2269 nobilium

161 2315 352 2386 consensit.
380 2314 494 2387 Affuit
521 2317 604 2389 huic
631 2317 855 2390 conventioni
884 2317 1057 2410 Sbigneus
1090 2317 1287 2391 Cardinalis
1315 2321 1349 2390 et
1377 2317 1561 2408 episcopus
1593 2317 1713 2390 draco-

159 2435 306 2507 viensis.
336 2436 404 2527 Qui
432 2438 730 2528 opportunitatem
749 2443 873 2511 nactos
893 2439 1077 2530 temporis,
1107 2438 1163 2510 his
1187 2437 1303 2511 verbis
1331 2437 1550 2510 Kauimirum
1583 2438 1714 2531 Regem

163 2556 430 2646 alloquebatur:
460 2557 659 2650 Rxperiris,
688 2558 820 2650 inquit,
850 2558 1072 2632 serenissime
1099 2559 1194 2648 Rex,
1224 2563 1258 2631 et
1277 2557 1376 2630 vides
1395 2557 1511 2629 omnia
1531 2577 1635 2649 opera
1653 2563 1714 2629 tua

161 2680 197 2748 et
224 2675 395 2766 actiones,
425 2699 632 2769 quacunque
660 2678 846 2771 diligentia
869 2683 904 2752 et
921 2679 1070 2752 consilio
1089 2678 1370 2766 administratas,
1398 2678 1473 2770 pati
1492 2678 1713 2770 dispendium

160 2801 197 2868 et
224 2797 398 2869 aborsum.
437 2798 511 2871 Nec
537 2799 573 2870 id
602 2799 678 2871 sine
706 2819 811 2872 causa
838 2799 1010 2891 provenit.
1048 2801 1122 2870 Aut
1149 2799 1241 2872 enim
1261 2803 1332 2871 tam
1352 2802 1391 2869 tu
1411 2819 1514 2889 quam
1542 2819 1622 2885 nos,
1651 2803 1713 2870 aut

160 2921 201 2987 tu
229 2917 390 2989 solus-in
418 2918 562 3009 aliquod
595 2919 730 2990 lacinus
762 2919 920 3010 prolapsi
952 2940 1084 2991 sumus.
1122 2919 1220 3010 Quod
1247 2918 1330 3010 quia
1357 2918 1493 2992 diluere
1519 2918 1712 3007 renuimus,

158 3037 254 3109 iusto
273 3038 338 3110 Dei
357 3037 503 3125 iudicio,
534 3039 688 3111 omnium
716 3039 893 3112 actionum
920 3039 1007 3112 felix
1036 3049 1182 3113 eventus
1211 3039 1412 3112 subtractos
1432 3038 1532 3112 nobis
1561 3042 1626 3112 est.
1655 3039 1713 3110 Ad

159 3179 263 3249 quem
292 3159 386 3231 Rex:
416 3159 579 3231 Sentisne
595 3157 637 3249 3),
667 3165 728 3231 aut
754 3159 859 3247 reris,
889 3159 1009 3252 aliqua
1036 3180 1090 3232 mo
1118 3157 1323 3251 contagione
1351 3160 1491 3232 teneri?
1520 3159 1640 3232 Sentio
1659 3159 1712 3230 iu·

160 3299 281 3370 quam,
316 3279 496 3370 respondit
530 3279 704 3372 Sbigneus
737 3279 931 3352 (lardiualis
946 3281 990 3370 ⁴).
1028 3281 1106 3353 Rex
1122 3279 1168 3369 5);
1199 3280 1316 3352 Pande
1340 3300 1486 3371 quaeso,
1521 3300 1609 3371 quae
1637 3279 1712 3352 sit?

159 3400 249 3470 Tum
277 3399 472 3472 (lardiualis
488 3400 535 3489 il:
565 3401 664 3473 Inter
690 3401 908 3488 mortalium,
937 3401 1069 3492 inquit,
1099 3405 1134 3474 et
1153 3400 1338 3492 praecipue
1357 3399 1635 3473 Christianorum
1654 3419 1710 3472 ac·

158 3521 274 3593 tiones
302 3526 337 3593 et
365 3542 468 3612 opera
496 3521 588 3593 nihil
614 3526 683 3609 est,
713 3522 805 3612 quod
833 3542 943 3613 aeque
972 3522 1020 3594 sit
1047 3520 1313 3613 appendendum
1333 3519 1612 3608 acervandam,
1641 3519 1713 3592 nisi

120 3687 121 3692 =
159 3641 408 3713 iuramentum.
437 3643 480 3714 Id
507 3647 563 3730 tu,
593 3643 700 3714 fratre
719 3647 779 3713 tuo
799 3643 895 3714 Duce
915 3641 1085 3716 Michacle
1104 3640 1331 3729 Lithuauiae‚
1361 3641 1435 3713 filio
1454 3639 1563 3712 Ducis
1579 3640 1610 3730 ⁷)
1639 3640 1711 3712 Ma-

158 3760 222 3852 gni
250 3761 485 3854 sigismundi,
515 3784 535 3833 a
559 3767 651 3835 sorte
669 3767 815 3853 paterna
834 3761 968 3834 deiecto
988 3768 1022 3834 ot
1042 3763 1202 3849 excluso,
1223 3761 1484 3853 praevaricatus
1504 3781 1540 3832 os
1559 3765 1594 3834 et
1612 3781 1710 3852 prae·

158 3880 340 3953 varicatis.
368 3883 415 3953 Et
443 3883 534 3974 quod
561 3882 714 3974 amplius
742 3882 938 3954 Maiestatis
967 3881 1107 3954 divinae
1136 3883 1254 3954 oculos
1283 3880 1442 3968 offendit,
1482 3885 1657 3972 prostrato
1677 3884 1713 3953 et

160 4003 329 4094 supplici,
359 4003 428 4075 iuri
457 4003 562 4076 sortis
591 4024 689 4090 suae,
720 4006 760 4073 ut
787 4007 822 4075 te
850 4002 1057 4093 placabilem
1084 4002 1267 4094 reperiret,
1300 4001 1535 4088 renuntianti,
1572 4000 1711 4074 veniam

158 4123 308 4215 negasti.
342 4123 594 4216 Expergisoere
626 4124 784 4210 obsecro,
819 4127 853 4194 et
881 4122 1014 4194 foedum
1043 4123 1132 4195 hauc
1159 4122 1290 4210 labem,
1324 4142 1413 4212 quae
1429 4127 1474 4222 'et
1502 4125 1584 4194 tuae
1611 4120 1710 4194 Sere·

157 4244 285 4315 uitatis
312 4248 347 4317 et
374 4248 512 4317 nostras
531 4243 762 4317 conscientias
782 4242 907 4331 laedit,
937 4243 1075 4315 meliori
1094 4242 1241 4315 consilio
1260 4243 1368 4314 dilue.
1398 4243 1517 4314 Redde
1536 4241 1627 4314 Duci
1645 4241 1710 4312 Mi·

158 4365 290 4452 chaeli,
319 4385 408 4456 quao
436 4386 500 4437 sua
528 4369 627 4452 sunt,
662 4369 696 4436 et
723 4385 847 4437 revoca
874 4363 977 4435 illum
1004 4363 1141 4455 placide
1174 4383 1217 4435 cx
1246 4365 1510 4450 Thartarorum,
1544 4361 1709 4434 aliorum-

158 4506 227 4576 que
263 4485 489 4557 barbarorum
526 4485 684 4573 sedibus,
723 4506 810 4576 quos
848 4484 988 4576 saepius
1024 4484 1061 4556 in
1093 4491 1233 4556 tuarum
1270 4479 1711 4556 terrarum‘vastatiouem

157 4605 340 4678 conduxit.
368 4601 426 4677 Ad
454 4605 489 4676 id
517 4627 585 4676 non
614 4607 727 4678 solum
756 4609 790 4678 te
818 4626 956 4679 movere
983 4605 1085 4678 debet
1112 4604 1286 4676 naturalis
1315 4609 1350 4676 et
1377 4603 1489 4676 divini
1517 4602 1606 4674 iuris
1631 4623 1709 4675 san-

157 4727 246 4814 ctio,
276 4726 337 4798 sod
351 4725 383 4814 ⁸)
410 4726 581 4818 genitoris
609 4727 662 4798 toi
689 4726 939 4814 iuramentum,
970 4726 1061 4817 quod
1089 4747 1157 4797 uon
1187 4726 1300 4798 solum
1328 4745 1390 4817 pro
1419 4745 1471 4812 se,
1503 4723 1563 4797 sad
1591 4728 1626 4796 et
1649 4744 1711 4814 pro

267 5033 290 5113 ¹)
313 5036 455 5096 Poloniae
476 5036 540 5096 Rex
563 5032 626 5096 Ed.
650 5032 740 5117 Lips.
774 5033 800 5112 ῃ)
823 5035 988 5111 Dopczicze
1018 5031 1080 5096 Ed.
1105 5031 1193 5117 Lapa
1223 5033 1249 5114 ³)
1272 5033 1320 5094 Ad
1343 5050 1430 5110 quem
1452 5031 1516 5093 Rex
1539 5030 1713 5110 casimirum,

157 5140 311 5216 Sentisne,
342 5140 437 5215 inquit
468 5135 529 5200 Ed.
561 5136 652 5222 Lc'po.
687 5136 712 5216 ⁴)
743 5139 897 5215 respondit
926 5139 1073 5215 Sbigneus
1104 5138 1281 5200 cardinalis.
1313 5134 1428 5198 deccat
1456 5135 1493 5199 in
1516 5131 1592 5198 Coa.
1624 5130 1712 5197 Colo.

158 5241 185 5322 5)
209 5243 289 5302 Tum
311 5243 375 5302 Rex
396 5243 558 5303 casimirus
580 5239 643 5304 Ed.
669 5238 757 5323 Lipe.
790 5239 816 5320 ⁶)
840 5241 888 5301 Ad
911 5259 998 5318 quem
1025 5241 1192 5303 (lardiualis
1214 5243 1362 5319 Sbigneus
1385 5233 1447 5301 Ed.
1473 5237 1563 5322 La'pc.
1593 5237 1619 5308 ⁷)
1643 5239 1711 5302 olim

155 5347 251 5408 Ducis
274 5342 339 5406 Ed.
366 5342 453 5428 Lipe.
479 5343 504 5425 Β)
529 5347 583 5406 sed
606 5346 694 5406 etiam
716 5342 784 5410 Ed..
803 5342 894 5428 Ise'pro.
