4040 6290
122 540 195 643 (A.
214 542 259 618 D.
280 539 408 642 1473.)
639 563 752 634 nunna
778 565 1023 620 nnonnonrue
1049 548 1165 640 (ιω).
1226 635 1234 642 ,
1599 543 1674 618 did

120 749 205 826 Rex
231 750 466 840 wladislaus,
483 749 557 843 'qui
583 753 618 823 ot
645 749 721 841 ipse
747 769 872 824 norem
900 754 1054 825 oratores
1080 772 1143 844 pro
1169 754 1270 844 parto
1300 772 1364 824 soa
1382 750 1521 826 mittere
1543 751 1669 826 debue-

120 875 196 960 rat‚
223 892 332 944 unum
359 869 598 947 tantummodo
626 868 882 962 Byenyaesium
908 870 1214 963 Waythmiluor1)
1242 870 1463 964 capitaneum
1489 870 1527 944 in
1549 872 1668 956 Karli·

121 991 228 1064 sthen
242 988 274 1080 2)
308 989 525 1082 (tardissima
556 989 649 1064 onim
677 988 745 1063 eibi
776 989 913 1064 diaetae
945 989 1059 1083 ipsius
1090 990 1278 1066 oelabratio
1310 990 1526 1080 innotuerat)
1554 994 1669 1065 trans·

120 1109 234 1184 misit.
271 1110 467 1184 Cardinalie
498 1112 653 1203 Legatos
682 1112 911 1202 utrorumque
938 1111 1092 1186 aduentu
1119 1110 1355 1200 exhilaratus,
1384 1131 1591 1205 magnopere
1615 1133 1669 1185 sa·

119 1229 280 1324 togebat,
318 1229 564 1323 sperabatque,
602 1250 639 1304 ee
675 1229 893 1304 oonoordiam
929 1231 1021 1306 inter
1056 1233 1171 1324 Reges
1203 1233 1266 1304 aot
1296 1229 1571 1320 perditionibus,
1608 1235 1671 1304 aut

117 1352 318 1442 parentela,
351 1352 604 1426 eonleaturum:
638 1349 803 1444 exigebat
833 1350 926 1424 euim
953 1373 974 1424 a
1000 1351 1168 1426 Poloniae
1199 1351 1308 1446 Regis
1324 1349 1356 1442 3)
1388 1349 1600 1441 oratoribus,
1629 1355 1670 1426 ut

117 1471 198 1546 filia
222 1471 319 1565 regia
344 1469 517 1564 Hadrigis
543 1469 697 1544 Mathiae
723 1470 926 1564 Hungariae
951 1471 1057 1566 Regi,
1086 1471 1168 1544 data
1194 1491 1258 1564 pro
1286 1471 1367 1545 dote
1394 1473 1489 1545 terra
1517 1469 1666 1564 Sarapa.

116 1591 231 1666 sieuei
257 1595 292 1666 ot
319 1590 490 1680 literaria,
519 1591 800 1682 desponsaretur.
829 1590 873 1672 Id
899 1611 978 1665 oum
1005 1595 1209 1665 eoustanter
1227 1611 1248 1663 a
1265 1589 1443 1664 Poloniois
1470 1589 1668 1664 oratoribus

116 1715 322 1806 negaretur,
351 1732 457 1805 super
482 1710 732 1785 insufficientia
760 1731 897 1803 quoque
924 1711 1167 1785 mandatorum
1202 1709 1368 1803 utrinque
1395 1709 1587 1784 difficultas
1613 1710 1666 1784 in·

118 1830 215 1906 ieata
232 1833 379 1922 foret⁴):
399 1833 571 1906 traotatus
588 1852 705 1905 rerum
722 1830 972 1924 prinoipalium
990 1852 1101 1923 usquo
1120 1831 1164 1904 ad
1178 1830 1393 1904 Conductum
1411 1831 1584 1920 Pasehae,
1604 1830 1667 1924 qui

114 1950 159 2025 in
176 1952 377 2040 vicesimam
395 1955 555 2044 quartam
573 1950 710 2044 Aprilis
725 1951 756 2042 ὅ)
783 1951 944 2041 radebat,
963 1955 1163 2044 protraetus
1182 1955 1247 2025 eet.
1275 1951 1478 2044 Hungariae
1495 1951 1574 2027 Rex
1592 1951 1665 2024 lla·

114 2072 229 2161 thiae,
257 2076 299 2146 ut
326 2093 409 2146 suae
434 2071 529 2164 parti
556 2092 661 2164 quam
687 2070 839 2146 maxime
864 2073 1061 2164 prodesset,
1090 2071 1311 2149 Viatorinum
1338 2071 1471 2145 Dueem
1493 2071 1665 2145 Moretur·

112 2191 322 2286 bergensem
349 2213 371 2266 a
396 2190 604 2284 captivitate
630 2212 670 2264 eo
697 2195 799 2284 paeto
828 2191 986 2280 soluens,
1014 2195 1056 2263 ut
1083 2190 1187 2264 illum
1205 2211 1268 2284 pro
1287 2189 1475 2264 Bohemiae
1496 2191 1592 2284 Rege
1608 2210 1662 2263 re·

113 2333 344 2407 aognosoens,
377 2310 543 2404 oppidum
575 2310 681 2384 etiam
712 2310 822 2385 Koliu
853 2310 891 2383 in
923 2331 1022 2384 suam
1054 2310 1207 2385 maderet
1236 2312 1459 2403 potestatem.
1496 2309 1540 2382 In
1572 2309 1665 2402 quod

112 2432 320 2526 Hungariae
346 2432 424 2506 Rex
452 2431 629 2524 extemplo
656 2431 754 2506 mille
780 2431 917 2524 equites
946 2435 981 2504 et
1008 2430 1228 2524 oetingentos
1255 2428 1407 2522 pedites,
1441 2429 1663 2520 possessione

112 2552 288 2626 Montium
319 2554 545 2626 Kuthnorum
576 2571 622 2626 an
648 2551 717 2626 loei
748 2551 1012 2644 proplnquitate
1043 2550 1280 2624 wladislaum
1311 2549 1443 2642 Regem
1475 2547 1663 2623 Bohemlae

110 2672 267 2763 primum
295 2672 526 2764 spoliaturue,
560 2671 684 2746 deinde
711 2671 754 2744 ob
782 2675 974 2764 egeemem
1000 2671 1122 2764 Regno
1158 2670 1344 2763 pulensus,
1378 2688 1526 2761 quorum
1552 2668 1659 2743 dures

111 2797 214 2865 erant
242 2793 455 2866 Wilhelmus
481 2791 686 2866 Peretenslri
713 2796 749 2865 et
775 2791 950 2866 Iohannes
977 2789 1230 2865 Katherniuslri
1244 2788 1288 2879 θ),
1317 2787 1531 2876 transmisit,
1551 2808 1589 2862 ee
1607 2787 1660 2881 ip-

111 2933 193 2986 sum
219 2933 300 2986 vero
327 2933 406 2985 oum
434 2916 584 3006 quatuor
610 2911 771 2985 millibus
788 2910 946 3005 gentium
965 2917 1176 2986 armatarum
1195 2909 1288 3003 apud
1306 2910 1462 2987 Eranam
1480 2907 1659 3002 deposuit:

110 3031 250 3106 exitum
276 3031 507 3122 bresenono
535 3031 670 3106 diaetae
697 3031 935 3125 opperiturus,
965 3031 1148 3106 solicitans
1175 3029 1300 3124 grandi
1327 3049 1411 3104 auro
1430 3033 1466 3102 et
1482 3027 1662 3122 grandiori

108 3151 284 3244 promisso
312 3173 430 3226 omnes
457 3152 646 3241 Bohemos,
675 3151 872 3226 Wladislao
891 3151 983 3245 Regi
1000 3151 1105 3241 fidos,
1134 3154 1169 3225 et
1186 3151 1372 3243 plerosque
1390 3147 1597 3242 pervincens
1615 3149 1661 3222 ad

108 3271 351 3345 defectionem.
383 3270 545 3344 Iussione
572 3269 716 3363 insopor
744 3270 836 3360 eins,
869 3269 1073 3344 Viatorinus
1100 3268 1452 3363 Moneterbergeneis,
1480 3267 1654 3343 Praemis-

110 3393 194 3464 lans
219 3391 492 3479 Theeahneneis,
517 3391 692 3464 Iohannes
715 3390 1013 3480 Rathiborieneis,
1037 3389 1285 3483 personaliter,
1309 3387 1506 3482 pastorique
1525 3388 1660 3463 Slesiae

106 3513 242 3599 Doees,
270 3510 436 3584 videlieet
462 3509 632 3583 Nioolaus
659 3509 858 3602 opoliensis
886 3515 921 3583 et
948 3509 1027 3599 alii,
1056 3509 1141 3584 item
1168 3509 1353 3602 episoopus
1386 3507 1657 3584 wratislavien-

108 3631 165 3704 ris
190 3630 416 3722 liudolphus,
444 3629 529 3703 itam
548 3630 711 3704 civitatee
730 3629 1052 3720 Wratislauiensis,
1081 3628 1350 3707 Swidnioaeneis
1370 3632 1405 3702 et
1422 3627 1529 3718 aliae,
1557 3649 1656 3703 exer-

106 3751 187 3826 aito
213 3750 375 3839 oolleeto,
412 3749 613 3822 Wenaeslai
649 3748 893 3824 Ribnioaeusis
932 3749 1053 3840 Duris,
1086 3749 1129 3821 ob
1157 3748 1233 3822 eius
1261 3749 1427 3822 forefaota
1441 3746 1474 3838 8)
1500 3753 1536 3822 et
1562 3747 1656 3822 inso-

104 3869 256 3957 lentias,
285 3889 373 3960 qnae
400 3869 437 3942 iu
464 3868 599 3942 nioinoe
630 3868 700 3943 sibi
730 3868 930 3962 Priueipee‚
962 3870 1062 3944 uelut
1092 3869 1235 3944 demone
1262 3873 1297 3943 ot
1324 3867 1493 3957 furiosus,
1526 3867 1654 3942 diffun-

104 3990 230 4078 debat,
268 3989 516 4064 eiroumsideut
551 3993 682 4080 eastra,
720 3994 756 4063 et
787 3989 880 4068 omni
912 3989 949 4063 ri
980 3989 1045 4063 illa
1076 4009 1277 4083 expugnare
1312 4009 1375 4081 per
1409 3994 1481 4073 tros
1516 4009 1655 4063 mensas

70 4110 335 4184 ·oontendant.
365 4109 434 4184 Sed
460 4131 529 4183 uno
556 4110 797 4184 tantummodo
829 4109 976 4184 Ribuilri
1007 4115 1223 4204 expugnato,
1252 4109 1391 4182 admoto
1417 4109 1462 4182 ad
1488 4107 1655 4200 oppidum

103 4228 213 4304 Zarlri
239 4228 414 4318 eremita,
446 4250 526 4303 eum
552 4228 644 4302 illud
669 4228 844 4303 Iohannes
875 4230 989 4303 Kreea
1021 4230 1176 4304 Polouus
1204 4228 1343 4323 egregie
1369 4228 1584 4318 detenderet,
1613 4250 1655 4315 aa

103 4369 270 4443 magnam
297 4351 448 4442 stragem
477 4348 617 4422 assidue
645 4354 762 4443 ageret
789 4348 827 4422 in
854 4348 1071 4452 obsidentes,
1099 4349 1248 4423 Iaoobne
1275 4347 1513 4442 Dambyeuslri
1539 4347 1655 4441 Regni

101 4468 275 4547 Poloniae
302 4469 533 4544 aanuellariue
560 4473 595 4553 et
622 4469 826 4562 capitaneus
854 4469 1111 4559 draeorionsis,
1140 4469 1197 4544 oui
1221 4489 1283 4562 per
1300 4467 1520 4545 Kauimmum
1547 4467 1652 4540 Polo-

103 4588 187 4666 niae
217 4589 348 4683 Regem
380 4589 588 4663 demandata
619 4594 694 4663 erat
725 4590 945 4664 obsessorum
978 4589 1226 4663 munitionum
1240 4594 1313 4662 tam
1340 4587 1512 4678 defensio,
1546 4608 1652 4680 quam

102 4708 251 4799 eriatio,
279 4709 318 4784 in
344 4713 458 4784 eastra
485 4710 621 4784 Dorum
648 4711 883 4803 praelatorum
911 4708 1145 4784 obsidentium
1163 4708 1394 4798 deseeudens,
1421 4712 1554 4784 terrore
1570 4707 1649 4800 plu-

101 4829 194 4904 rimo
220 4829 259 4904 in
286 4828 486 4906 obsidentes
513 4829 658 4916 immeo,
687 4849 728 4904 aa
753 4829 797 4904 ab
825 4829 1004 4904 obsidione
1020 4829 1135 4922 puetis
1161 4829 1199 4904 in
1221 4829 1421 4905 libertatem
1439 4827 1648 4918 rindiearit,

212 5139 235 5219 ¹)
257 5139 462 5216 Waydmtfllar
485 5131 561 5201 ooo.
587 5131 675 5201 Calo.
707 5135 732 5216 ²)
754 5139 905 5201 Karnateu
932 5135 1009 5203 Cori.
1033 5133 1122 5203 Calo.
1147 5136 1322 5200 Kmliohtm
1343 5127 1408 5199 Ed.
1430 5131 1520 5218 Ltpr.
1544 5132 1571 5216 ³)
1594 5135 1649 5199 (ta-

100 5245 196 5309 simiri
218 5243 359 5305 Poloniae
380 5242 471 5319 Regis
494 5237 558 5302 Ed.
582 5237 673 5322 Lapa.
697 5237 725 5321 ⁴)
748 5247 828 5302 auset
849 5239 913 5304 Ed.
936 5239 1028 5326 Lipe.
1053 5239 1078 5321 ι)
1102 5241 1213 5304 munais
1235 5239 1348 5318 Aprilis
1363 5236 1426 5312 Fet,
1441 5236 1531 5322 Lr'pe.
1548 5237 1573 5320 ⁰)
1589 5241 1649 5300 Ka·

97 5347 248 5418 thorinelri
277 5339 353 5409 Cori.
383 5341 492 5406 Praaa.
524 5343 730 5406 Gatbaminslri
758 5341 822 5416 Ed,
854 5341 944 5428 Lipar.
977 5343 1004 5425 ⁷)
1024 5345 1200 5408 Misenensis
1230 5341 1294 5408 Ed
1317 5340 1410 5427 Σίρι.
1435 5341 1461 5422 i)
1483 5343 1548 5406 tura
1568 5343 1648 5420 tutu

99 5447 166 5514 Ed.
187 5447 279 5532 Lipa.
