4090 6290
348 543 421 622 ote
854 567 967 622 arnna
992 565 1238 622 ouonncnrns
1266 549 1381 641 (xm).
1614 545 1682 646 (Α.
1704 543 1750 620 D.
1771 539 1897 642 1478.)

348 776 385 829 66
413 751 603 844 continuit,
633 775 711 827 cum
737 775 861 846 magno
888 755 1013 828 rubore
1041 759 1077 827 et
1103 753 1312 847 ignominia,
1341 776 1501 847 campum
1529 756 1664 828 soluere
1691 759 1729 827 et
1746 754 1787 826 in
1806 757 1899 826 tecta

347 875 461 948 redire
489 896 568 948 cum
604 874 678 948 suis
712 873 873 947 omnibus
911 876 1113 966 compulsus
1145 879 1215 963 est;
1248 896 1435 966 omnesque
1462 896 1546 949 snae
1571 881 1710 968 gentos,
1745 874 1901 966 quasin

346 995 516 1089 praelatis
543 995 631 1068 locis
658 1017 720 1088 pro
748 995 921 1086 praesidio
954 1001 1135 1087 posuerat,
1170 997 1328 1088 dilapsae
1360 999 1457 1088 luga,
1493 1017 1532 1070 66
1560 1001 1677 1070 tamen
1704 995 1901 1088 proposito,

347 1121 388 1188 ut
408 1115 533 1188 solatio
554 1116 581 1205 ¹)
610 1115 814 1208 Hungariae
832 1116 940 1208 Regis
961 1117 1114 1190 Mathiae
1133 1117 1355 1206 adveniente,
1376 1138 1536 1208 campum
1554 1123 1759 1190 resumeret.
1791 1117 1904 1188 Tanta

350 1235 493 1324 fiducia,
523 1235 598 1308 sire
625 1235 743 1308 666166
770 1257 912 1328 pompa,
942 1239 1069 1326 fretus,
1098 1242 1138 1309 ut
1164 1236 1376 1329 gloriaretur
1400 1257 1453 1325 se,
1471 1236 1580 1324 ¹facili
1598 1235 1794 1329 impendio,
1823 1235 1903 1306 abs·

352 1378 419 1450 que
446 1355 563 1448 gladie
591 1359 626 1428 et
652 1355 775 1444 armis,
805 1376 924 1428 omnes
944 1361 1053 1432 terras
1074 1356 1142 1429 sibi
1162 1357 1356 1430 abstractas
1374 1361 1652 1448 resumpturum,
1680 1357 1907 1450 ponebatque

353 1475 542 1549 maximam
570 1495 667 1567 spem
694 1496 764 1548 non
792 1477 906 1548 solum
925 1476 961 1548 in
980 1476 1134 1550 Mathiae
1154 1477 1356 1570 Hungariae
1375 1476 1484 1569 Regis
1503 1477 1694 1568 praesidio,
1715 1477 1778 1550 sed
1798 1475 1908 1550 etiam

354 1597 392 1670 in
419 1595 617 1688 aliquarum
645 1595 829 1668 civitatum
857 1595 959 1669 fictili
986 1596 1257 1687 pollicitatione,
1287 1619 1374 1688 quas
1402 1597 1445 1669 ad
1473 1618 1510 1670 se
1533 1599 1695 1690 sperabat
1714 1603 1811 1670 moto
1830 1596 1907 1668 bel·

355 1719 390 1791 lo
418 1717 596 1808 extemplo
628 1716 840 1804 defecturas,
875 1720 910 1788 et
937 1715 974 1788 in
1001 1715 1241 1808 Principibus,
1274 1717 1551 1809 Proceribusque
1582 1719 1813 1806 Almanniae,
1848 1715 1912 1809 qni

357 1858 395 1914 se
421 1838 460 1912 in
486 1837 562 1910 eius
591 1835 756 1912 solatium
771 1835 813 1928 ²),
843 1841 935 1911 moto
964 1837 1220 1934 quamprimum
1247 1837 1359 1928 bello,
1387 1838 1644 1934 pollicebantur
1671 1842 1859 1913 venturos.

320 2191 322 2195 ·
359 2168 479 2245 ledum
502 2167 597 2244 ciuile
618 2166 653 2243 iu
674 2165 828 2244 uniuersa
850 2165 946 2242 ltalia
970 2171 1119 2244 exortum
1142 2187 1184 2244 ox
1207 2169 1367 2244 discordia
1389 2169 1530 2244 tamiliae
1553 2167 1701 2242 1616616
1724 2185 1799 2243 oum
1819 2166 1914 2242 dono
2043 2159 2044 2174 '

1032 2290 1072 2362 do
1095 2290 1235 2364 11611616.

466 2540 531 2614 Dic
550 2537 644 2613 Solis
664 2535 830 2611 uicesima
858 2540 958 2611 sexta
985 2536 1122 2630 Aprilis
1139 2535 1182 2628 ³),
1211 2539 1304 2631 apud
1327 2537 1568 2613 Florentinam
1587 2538 1770 2613 ciuitatem
1790 2538 1917 2611 domus
2044 2606 2045 2615 ,

364 2663 531 2740 61166116
559 2659 601 2735 de
628 2657 748 2748 Pacis,
782 2679 928 2751 quemn
944 2659 974 2750 4)
1007 2659 1183 2752 661661666
1217 2664 1251 2734 61
1279 2661 1394 2754 666116
1426 2665 1526 2735 erant
1553 2661 1765 2736 Franciscus
1795 2659 1917 2733 6116-

365 2787 472 2860 cobus
500 2783 542 2857 16
569 2779 687 2868 Pacis,
720 2777 875 2872 grauiter
908 2783 943 2853 et
973 2779 1094 2873 iniquo
1128 2782 1277 2855 ferentes
1310 2781 1442 2873 animo,
1477 2783 1623 2856 alteram
1655 2781 1850 2857 factionem
1877 2780 1919 2853 de

366 2903 529 2994 Medicis,
557 2899 658 2975 cuius
685 2898 896 2973 Laurentius
917 2903 951 2972 et
969 2900 1147 2990 Iulianus,
1178 2903 1303 2976 fratres
1330 2901 1502 2995 germani,
1531 2908 1630 2976 erant
1653 2904 1777 2992 duces,
1813 2902 1919 2994 longo

366 3033 521 3119 tempore
548 3022 585 3096 in
612 3019 793 3094 Florentia
819 3020 946 3094 habere
974 3021 1206 3112 dominatum,
1239 3027 1360 3096 contra
1386 3023 1486 3096 illam
1514 3024 1732 3116 conspirent,
1772 3028 1810 3098 ct
1838 3022 1922 3095 fulti

301 3221 313 3246 ‚
368 3147 502 3223 auxilio
528 3139 735 3234 Hieronymi
762 3139 923 3248 Comitis,
959 3141 1054 3214 Sinti
1088 3143 1205 3235 quarti
1231 3148 1316 3217 tunc
1343 3145 1460 3236 Papae
1487 3145 1643 3236 nepotis,
1672 3150 1709 3218 et
1737 3143 1918 3220 Gabrielis

370 3265 565 3344 cardinalis
593 3261 713 3340 Sancti
742 3259 883 3354 Georgii
911 3261 954 3333 ad
973 3263 1090 3335 velum
1117 3285 1276 3353 aureum,
1306 3264 1920 3356 11116166166606661116,611666-

371 3389 456 3464 cisci
483 3380 735 3475 archiepiscopi
762 3380 900 3469 Pisani,
929 3381 1132 3456 1666616616
1152 3384 1708 3474 661116161616666166666166,
1738 3386 1922 3458 Iulianum

371 3513 414 3584 de
442 3506 586 3582 lledicis
614 3524 683 3575 uno
710 3501 784 3574 ictu
812 3500 1035 3590 interimunt;
1063 3504 1274 3578 Laurentius
1294 3505 1443 3579 6116616
1463 3504 1625 3594 Modicia,
1655 3505 1826 3578 familiari
1846 3504 1923 3577 eius

372 3632 488 3723 ipsum
514 3623 656 3699 brachio
683 3625 904 3714 protegente,
937 3623 1037 3714 gravi
1068 3626 1213 3698 vulnere
1245 3631 1403 3718 accepto,
1437 3646 1538 3718 aegre
1570 3626 1730 3698 salvatus
1759 3630 1827 3699 est.
1858 3625 1923 3696 16-

374 3749 616 3842 611661666666
643 3742 794 3814 Pisanus
811 3741 841 3830 5)
873 3742 967 3834 66611
996 3764 1078 3816 suae
1112 3746 1364 3834 subventurus,
1404 3747 1447 3818 ad
1479 3746 1693 3837 praetorium
1722 3766 1921 3830 accurrens,
2043 3727 2044 3790 i

375 3878 451 3945 octo
479 3865 635 3942 ciuitatis
671 3861 856 3934 Praesides
888 3862 964 3934 illic
996 3863 1243 3954 consistentes,
1278 3872 1339 3938 aut
1366 3887 1487 3958 capere
1515 3869 1577 3938 aut
1604 3865 1759 3939 occidere
1786 3865 1923 3938 niteba-

374 3999 444 4065 tur.
474 3988 541 4062 Sed
568 3981 816 4056 communitate
843 3984 1098 4073 tumultuante,
1128 3990 1163 4058 et
1189 3986 1226 4057 in
1255 3987 1405 4061 factione
1432 3987 1555 4058 domus
1583 3985 1624 4058 de
1644 3987 1747 4059 Pacis
1768 3991 1804 4058 et
1824 3985 1924 4057 auni-

376 4111 556 4186 liariorum
583 4103 675 4190 eius,
704 4102 796 4174 inter
823 4122 909 4192 quos
932 4109 967 4175 et
990 4104 1138 4177 Iacobus
1165 4106 1307 4200 Poggii,
1336 4106 1484 4180 oratoris
1512 4107 1637 4178 famosi
1663 4106 1778 4194 tilius,
1810 4109 1926 4177 orator

377 4240 412 4308 61
440 4233 515 4323 1666
542 4245 610 4296 non
638 4221 795 4313 vulgaris
827 4223 1109 4314 computabatur,
1143 4248 1268 4319 magna
1299 4227 1352 4299 ira
1379 4227 1669 4315 excandescente,
1703 4225 1846 4318 capitur
1872 4247 1924 4296 ar-

378 4351 622 4444 chiepiscopus
653 4342 820 4430 Pisanus,
855 4347 890 4414 ct
921 4343 1056 4416 facinus
1089 4367 1191 4418 suum
1219 4368 1276 4419 ore
1308 4351 1342 4420 et
1373 4347 1514 4438 propria
1545 4347 1697 4438 apodixa
1730 4348 1924 4431 confessus,

380 4468 606 4565 suspenditur
633 4467 668 4536 et
696 4483 739 4534 ex
766 4463 939 4552 praetorio
967 4466 1234 4559 praecipitatur,
1264 4467 1301 4538 in
1327 4473 1514 4559 partesque
1533 4467 1729 4540 conciditur
1756 4467 1925 4538 minutas.

380 4595 493 4669 Ambo
526 4591 650 4661 1661666
682 4579 892 4654 Pranciscus
921 4589 955 4655 ct
982 4585 1130 4659 Iacobus
1158 4589 1200 4660 do
1226 4588 1345 4677 Pacis,
1379 4593 1413 4661 et
1440 4589 1503 4660 alii
1533 4609 1639 4679 prope
1666 4589 1836 4676 trecenti,
1869 4585 1926 4677 qni

381 4711 553 4792 cumillis
572 4703 873 4796 conspiraverant,
904 4705 1119 4780 occiduntur.
1152 4709 1345 4782 cardinalis
1365 4708 1508 4783 Gabriel
1526 4709 1726 4800 captivatur
1744 4713 1781 4782 et
1799 4709 1839 4779 in
1857 4727 1925 4780 car·
2043 4711 2044 4732 l

382 4857 495 4912 cerem
520 4827 693 4912 truditur;
722 4821 848 4895 seditio
876 4824 1028 4898 maxima
1055 4827 1186 4918 passim
1214 4828 1250 4900 in
1279 4829 1453 4922 singulos,
1488 4830 1549 4920 qni
1582 4833 1680 4901 erant
1708 4829 1751 4902 de
1780 4827 1927 4901 16611666

382 4956 503 5042 Pacis,
532 4949 723 5024 exercetur.
752 4941 839 5014 Post
857 4944 1027 5034 plurimos
1047 4955 1207 5037 conatus,
1236 4949 1430 5023 cardinalis
1459 4949 1601 5022 Gabriel
1619 4971 1698 5022 oum
1717 4969 1848 5041 magna
1866 4947 1925 5019 111-

383 5076 540 5152 ficultate
567 5065 751 5149 dimissus,
779 5061 926 5136 Romam
958 5067 1074 5139 rediit.
1104 5069 1229 5140 Sintes
1256 5071 1368 5161 Papa,
1397 5070 1434 5142 in
1463 5091 1566 5160 quem
1592 5069 1699 5142 huius
1728 5069 1842 5142 cladis
1862 5091 1924 5140 om·
2043 5123 2044 5164 3

385 5241 797 5270 ...---—----

493 5349 515 5430 ¹)
540 5351 649 5411 auxilio
672 5345 736 5410 Ed.
760 5347 854 5432 Lips.
879 5346 905 5428 ²)
928 5345 1068 5408 auxilium
1091 5340 1153 5405 Ea.
1182 5340 1270 5424 Lips.
1296 5341 1321 5421 ³)
1344 5346 1453 5404 mensis
1475 5343 1587 5421 Aprilis
1610 5339 1673 5402 Ea.
1695 5341 1790 5425 Lips.
1813 5339 1840 5424 ⁴)
1854 5343 1926 5404 cnius

389 5453 453 5519 Ed.
477 5452 567 5537 Lipa
591 5453 616 5533 5)
640 5453 878 5531 archiepiscopus
901 5452 1027 5511 Pisanus
1050 5450 1226 5509 Franciscus
1248 5445 1311 5509 Ed.
1337 5442 1429 5531 Lipe.
