4090 6290
373 535 446 612 662
879 560 992 616 arsura
1018 559 1264 616 6666661666
1292 541 1406 634 (arn).
1641 539 1708 642 (Α.
1730 533 1930 642 111477.)
2041 647 2042 652 Ν

371 747 556 837 deterruit,
584 752 626 821 ut
653 747 786 842 singuli
813 767 883 821 666
910 747 953 821 16
979 746 1198 836 resistentia,
1229 748 1288 822 sed
1317 748 1359 822 de
1387 749 1565 824 deditione
1592 749 1802 843 cogitarent.
1842 749 1928 822 Cru-

371 869 497 944 6116166
528 871 635 944 61166
662 875 698 942 61
725 867 886 942 Ordinem
915 869 957 942 de
984 867 1130 941 Prussia
1162 868 1246 941 adeo
1278 869 1473 959 oonoussit,
1507 869 1790 942 6116666166
1819 868 1864 941 de
1893 889 1929 942 sa

372 994 497 1064 61666
531 991 659 1065 Ordine
693 989 950 1064 existimarent.
989 989 1142 1063 Mathias
1174 1011 1255 1063 uero
1289 991 1492 1084 Hungariae
1524 991 1602 1066 Rex
1633 991 1670 1063 16
1707 1011 1784 1063 666
1820 989 1928 1062 bilem

371 1113 575 1203 exoanduit,
604 1117 645 1185 61
672 1112 813 1206 singula
841 1132 998 1204 quaeque
1025 1115 1198 1200 extrema,
1226 1111 1340 1204 ipsam
1368 1133 1506 1205 quoque
1530 1115 1694 1200 mortem,
1724 1131 1926 1203 66666666·

372 1253 508 1322 surum,
537 1237 599 1306 aut
624 1233 852 1327 ignominiam
879 1232 991 1324 ipsam
1019 1253 1056 1305 se
1083 1233 1257 1322 ulturum,
1287 1232 1454 1306 Polonias
1481 1233 1572 1326 Regi
1597 1231 1796 1320 Karimiro,
1827 1231 1927 1304 aliis·

372 1374 439 1445 que
466 1355 623 1448 Regibus
651 1361 686 1428 61
713 1353 953 1446 Principibus,
987 1374 1049 1445 per
1079 1352 1202 1427 literas
1235 1353 1442 1430 insinuaret.
1478 1354 1547 1428 Sed
1583 1358 1617 1428 ot
1651 1353 1745 1446 6661
1777 1353 1928 1426 Romam

372 1473 535 1548 molestia
554 1475 763 1569 singularis,
792 1478 887 1549 motu
907 1474 1108 1563 subsoeuto,
1136 1478 1277 1567 peotora
1295 1476 1526 1568 plurimorum
1546 1473 1806 1562 cardinalium,
1837 1473 1927 1567 Regi

371 1595 575 1688 Hungariae
594 1597 620 1687 ¹)
649 1595 858 1684 fauentium,
886 1600 1103 1687 peruaserat:
1133 1595 1322 1690 missisque
1350 1595 1475 1674 Sixtas
1503 1597 1600 1694 Papa
1627 1596 1671 1668 ad
1692 1592 1926 1688 (1666616661)

372 1713 503 1807 litenis,
532 1716 636 1794 illum
663 1717 706 1795 de
733 1716 904 1796 66161116
932 1715 1152 1816 6661616161.

386 2071 728 2172 161116116666166
750 2075 820 2154 161
841 2075 946 2150 iratos
969 2076 1126 2154 laidertoo
1147 2076 1335 2168 16666166
1357 2078 1585 2168 aomanorum,
1608 2075 1773 2153 oratoru
1795 2076 1914 2152 666161

879 2201 914 2276 61
937 2198 1280 2277 1166616616111666
1303 2199 1417 2296 616611.

476 2445 628 2522 Faoibus
655 2447 802 2522 ultionis
831 2448 982 2523 Mathias
1011 2449 1213 2543 Hungariae
1241 2450 1318 2524 Rex
1348 2449 1385 2524 in
1417 2447 1635 2525 Fridorionm
1668 2449 1925 2542 Imperatorem

373 2566 608 2644 Romanorum
636 2575 862 2662 exaestuans,
892 2572 984 2666 quod
1004 2577 1038 2646 61
1057 2571 1139 2645 6661
1167 2571 1272 2645 66166
1297 2577 1475 2666 treugam,
1504 2568 1655 2665 66661)
1684 2570 1813 2645 Sixtus
1833 2569 1926 2662 Papa

373 2693 520 2781 quartus
547 2690 784 2786 interipsum
811 2693 853 2768 ab
877 2716 963 2782 una,
993 2693 1292 2784 6116666661),
1321 2693 1516 2787 bidnesque
1543 2693 1674 2788 Reges,
1703 2690 1876 2766 Poloniae
1892 2693 1925 2763 61

373 2808 620 2902 1611661661),
649 2833 693 2888 ox
721 2811 832 2890 altera
858 2815 1036 2909 partibus,
1064 2835 1127 2909 per
1145 2815 1268 2888 literas
1287 2813 1540 2905 eonstituebat,
1565 2815 1754 2902 abnuerat,
1780 2816 1817 2887 ot
1837 2811 1925 2904 quod

373 2929 411 3004 in
437 2931 672 3008 Wladislaum
700 2936 888 3012 Bohamiae
915 2937 1046 3032 Regem
1073 2937 1208 3030 potius,
1237 2957 1340 3030 quam
1360 2935 1397 3010 in
1417 2955 1472 3025 se,
1500 2935 1680 3031 66661161)
1711 2934 1921 3020 contulerat,

372 3053 759 3146 6166616611111666
787 3078 886 3131 suam
913 3079 975 3150 per
1002 3057 1276 3150 Neapolitanum
1308 3055 1625 3149 arehiepisoopum,
1655 3076 1726 3149 qua
1753 3054 1922 3140 instabat,

372 3175 482 3247 6116
509 3175 616 3250 titulo
644 3178 781 3252 611666
809 3179 923 3272 Regni
951 3178 1153 3272 Hungariae
1179 3177 1295 3251 literis
1322 3177 1499 3251 restitutis
1527 3178 1680 3265 eederet,
1711 3181 1747 3248 et
1775 3173 1847 3248 sibi
1873 3193 1923 3246 re·

373 3295 470 3388 galia
497 3297 539 3370 de
565 3319 656 3371 nouo
684 3300 871 3390 oonlerret,
900 3299 1118 3392 repudiatam
1138 3299 1286 3374 doleret:
1314 3299 1521 3391 16666161)
1549 3301 1744 3391 opportuno
1773 3301 1924 3383 serrato,

374 3415 488 3508 6661)
517 3423 552 3492 et
579 3420 798 3493 Wladislaus
826 3419 1014 3494 Bohemiae
1045 3420 1139 3507 Rea,
1173 3410 1345 3511 sursoeptis
1374 3419 1411 3492 16
1438 3420 1575 3493 Vienna
1605 3416 1806 3511 regalibuS,
1849 3439 1923 3490 666

375 3541 525 3630 utroque
558 3561 621 3612 666
654 3541 827 3626 61666116,
859 3542 964 3632 longa
995 3539 1065 3612 iam
1093 3540 1223 3612 militia
1250 3541 1341 3614 lasso
1370 3545 1405 3613 61
1432 3545 1587 3633 egestate
1614 3545 1781 3632 gravato,
1812 3539 1922 3611 Bohe-

375 3657 480 3731 miam
504 3661 695 3750 remeabat,
731 3666 765 3735 61
789 3662 985 3752 Imperator
1016 3661 1217 3734 Fridarions
1250 3661 1341 3752 (sire
1373 3661 1522 3733 nullitos
1555 3661 1696 3748 aerarii,
1733 3661 1811 3734 6166
1838 3681 1923 3731 vana

374 3799 454 3869 spos
481 3801 551 3852 non
578 3780 777 3854 intentandi
804 3781 873 3854 sibi
900 3782 943 3856 ab
967 3782 1135 3873 Hungaro
1159 3781 1262 3868 belli,
1292 3782 1329 3854 in
1348 3802 1453 3855 eausa
1472 3781 1555 3854 luit:
1585 3781 1815 3854 16666116166
1835 3781 1922 3853 6616

375 3902 411 3970 61
438 3899 639 3989 tristitiam,
673 3923 777 3993 quam
809 3901 967 3993 plerique
994 3901 1032 3974 16
1060 3922 1099 3975 66
1127 3901 1355 4006 6666661661,
1388 3902 1424 3974 16
1453 3907 1596 3994 6661666
1625 3922 1688 3974 666
1717 3923 1782 3994 ego
1811 3901 1921 3992 66661-

272 4015 274 4018 ’
375 4018 447 4091 oari
474 4040 543 4092 nou
570 4025 742 4110 poteram)
771 4021 1018 4113 stipendiarios
1046 4022 1196 4111 milites,
1225 4023 1268 4096 ab
1293 4024 1460 4115 Hungaro
1479 4021 1577 4096 illioo
1598 4027 1795 4110 assumtus,
1823 4020 1921 4094 remi·

375 4143 484 4227 serat,
513 4145 675 4232 oongesto
691 4140 722 4230 9)
750 4163 794 4215 61
821 4143 1043 4216 mercenariis
1071 4143 1245 4216 militibus
1273 4143 1397 4235 grandi
1424 4144 1599 4230 61666116,
1629 4142 1806 4214 6611666
1830 4141 1919 4214 bom·

373 4259 499 4332 bardas
519 4262 802 4348 66666661666,
822 4268 985 4354 superato
1006 4264 1049 4352 ¹⁰)
1078 4264 1170 4354 apud
1189 4264 1388 4356 Praesburg
1407 4264 1451 4352 ¹¹)
1479 4263 1657 4350 Danubio,
1682 4261 1863 4334 uniuersis
1882 4261 1920 4350 ¹²)

375 4379 587 4452 consiliariis
620 4382 822 4474 Hungariae
850 4405 870 4454 a
898 4388 969 4456 tam
1002 4383 1110 4474 impio
1143 4384 1237 4457 bello
1270 4384 1502 4475 nequisquam
1531 4383 1634 4454 illum
1662 4387 1823 4455 avortere
1852 4387 1918 4453 616-

375 4499 555 4587 16611166,
584 4500 675 4574 61111
702 4502 911 4594 1666666111)
939 4505 1145 4591 Turdorum,
1175 4525 1322 4596 qnorum
1352 4504 1652 4577 6611666Β6666
1672 4503 1918 4595 6616666166-

375 4620 552 4693 dummodo
572 4621 701 4712 millia,
721 4624 814 4696 haud
834 4625 937 4717 longe
957 4645 977 4696 a
996 4624 1138 4696 stativis
1159 4623 1233 4697 suis
1252 4623 1469 4718 Hungariam
1489 4624 1657 4718 ingressi,
1678 4623 1716 4695 in
1737 4629 1920 4715 conspeetu

483 4963 508 5050 ¹)
530 4969 661 5030 Mathiae
683 4969 854 5045 Hungariae
875 4968 951 5045 Regi
973 4964 1036 5030 Ed.
1061 4963 1152 5050 Lipo.
1171 4965 1628 5047 1)610666666661161661666
1645 4963 1710 5029 Ed.
1728 4960 1825 5050 Lapa.
1841 4964 1869 5046 ³)
1882 4968 1919 5027 16-

352 5071 491 5150 11116166,
515 5089 589 5148 quas
612 5068 675 5134 Ed.
699 5069 793 5154 Lo'po.
825 5068 852 5150 ⁴)
875 5072 1064 5132 Frederioum
1095 5071 1251 5132 Gaesarem
1282 5068 1459 5153 661161.
1484 5068 1510 5150 ⁵)
1534 5071 1920 5132 (16616616666Ρ616616661

374 5175 570 5235 wladislaum
592 5175 752 5236 Bohemiae
774 5171 837 5236 Ed.
862 5172 952 5255 Lipa.
976 5171 1000 5252 1)
1025 5175 1150 5251 Regalia
1170 5176 1267 5251 Regni
1288 5175 1447 5235 Bohemiae
1469 5171 1533 5235 Ed.
1556 5171 1648 5256 Lapa.
1679 5173 1705 5253 7)
1729 5177 1835 5251 Itaque
1856 5181 1918 5234 tem·

374 5295 446 5355 pone
469 5274 533 5338 Ed.
566 5275 659 5359 Lapa.
691 5275 719 5356 8)
749 5293 807 5352 666
837 5278 976 5338 611611661
1005 5274 1068 5339 Ed.
1093 5275 1183 5359 Lo'pa.
1215 5277 1241 5355 1)
1264 5284 1404 5353 oongesto
1430 5277 1558 5338 Matthias
1580 5278 1644 5337 Rex
1666 5279 1841 5354 Hungariae
1862 5273 1918 5338 Ed.

374 5378 466 5461 Lapa.
494 5378 534 5458 ¹⁰)
557 5385 695 5456 superato
718 5381 825 5440 deinde
847 5377 911 5441 Ed.
936 5377 1027 5461 Lipa.
1056 5379 1095 5459 ¹¹)
1117 5381 1261 5457 Prisbnrg
1284 5370 1347 5440 Ed.
1369 5378 1460 5463 Lips.
1489 5379 1526 5459 11)
1550 5381 1699 5442 universis
1722 5381 1843 5457 quidem
1861 5376 1916 5440 Ed

379 5481 470 5564 Lipa.
497 5480 535 5560 ¹³)
558 5483 632 5543 nihil
654 5501 751 5560 neque
772 5480 835 5544 Ed.
859 5480 950 5565 Lipa.
