4090 6290
370 556 447 632 636
878 581 990 634 urnun
1017 579 1265 635 uuonnomrus
1291 565 1405 653 (xm).
1638 559 1707 660 (a.
1728 557 1928 657 ὓ.1475.)

410 881 518 952 ludaei
540 881 575 954 in
598 881 738 952 ciuitate
759 881 947 953 recentior
969 883 1129 954 timeum
1152 899 1283 971 puerum
1311 883 1524 954 olusatrum
1546 885 1705 972 mampsis
1727 883 1892 954 antean

653 1002 825 1088 chamont,
848 1021 934 1074 runc
958 1003 1056 1074 etiam
1078 1003 1196 1074 itidem
1217 1003 1380 1074 mbaeuha
1402 1008 1637 1077 remeantem.

473 1253 516 1324 ln
545 1250 691 1324 civitate
718 1250 938 1338 Tridentino,
968 1271 1057 1342 quae
1074 1271 1197 1324 versus
1217 1253 1429 1342 Aquilonem
1457 1253 1542 1342 sita,
1572 1253 1717 1326 ltaliam
1736 1275 1759 1325 a
1778 1253 1925 1326 Germa

370 1371 445 1460 nia,
479 1370 587 1444 durio
618 1371 749 1444 Laniso
769 1371 797 1459 ¹)
829 1370 1075 1459 interlabente,
1110 1371 1348 1460 disterminat,
1386 1374 1429 1445 ad
1462 1373 1710 1466 proprietatem
1746 1373 1932 1464 pertinens

373 1480 529 1583 episcopi
557 1490 770 1578 Tridentini,
799 1491 922 1563 Iudaei
944 1491 1145 1564 incivitate
1172 1493 1250 1584 ipsa
1277 1494 1495 1582 habitantes,
1526 1516 1673 1586 quorum
1701 1495 1811 1566 duces
1833 1499 1931 1566 eraut

296 1597 301 1604 ⁴
373 1613 550 1705 Angelum,
579 1611 730 1683 Thebias
759 1617 793 1684 et
821 1612 979 1700 Samuel,
1008 1633 1155 1702 puerum
1183 1612 1372 1704 insignem,
1403 1615 1578 1687 Simonem
1597 1613 1756 1701 nomine,
1778 1635 1823 1686 ex
1845 1635 1930 1704 pau·

369 1731 532 1824 pertimie
555 1731 777 1823 parentibus,
807 1732 947 1804 Andrea
966 1737 1000 1805 et
1019 1733 1146 1820 hieria,
1176 1733 1234 1806 die
1252 1733 1414 1822 Veneris,
1444 1737 1551 1808 Sexto
1579 1735 1751 1808 &londos
1781 1736 1928 1807 Decem-

372 1854 462 1943 bris,
496 1873 589 1926 anno
613 1853 657 1925 ab
684 1857 764 1925 ortu
791 1853 986 1926 Salvatoris
1002 1851 1035 1942 2)
1066 1853 1257 1926 Millesimo
1284 1854 1631 1948 Quadringentesimo
1666 1855 1932 1946 septuagesimo

374 1974 541 2061 seeundo,
578 1973 615 2045 in
649 1973 768 2045 eadem
800 1972 947 2045 civitate
978 1973 1199 2062 tridentina,
1236 1975 1464 2065 pontificante
1495 1975 1651 2048 Iohanne
1684 1975 1928 2061 Hinderbaeh,

373 2093 549 2188 genitum,
578 2097 614 2167 et
640 2093 794 2165 nondum
822 2093 952 2185 uiginti
980 2100 1056 2166 octo
1084 2114 1221 2166 menses
1249 2100 1387 2182 natum,
1416 2097 1501 2167 adeo
1521 2097 1728 2183 formosum,
1755 2101 1798 2166 ut
1816 2095 1934 2186 portio

374 2215 412 2287 in
430 2235 469 2288 ee
489 2237 509 2285 a
528 2213 649 2288 decore
680 2217 823 2286 vacaret
852 2213 967 2302 nullo,
1002 2213 1057 2286 die
1089 2213 1203 2302 Iovis,
1238 2214 1429 2288 Undecimo
1463 2216 1631 2290 calendas
1664 2216 1823 2306 Aprilis,
1855 2222 1935 2288 ante

375 2336 466 2407 foros
486 2334 583 2406 aedis
601 2338 769 2426 paternae
791 2333 985 2422 ludentem,
1013 2334 1230 2408 clandestine
1257 2357 1320 2426 per
1346 2337 1516 2408 thobiam
1544 2337 1733 2424 Iudaeum,
1763 2335 1883 2426 pretio
1902 2343 1935 2407 et

375 2454 559 2546 promissis
585 2460 782 2541 oneratum,
812 2453 1022 2544 corripiunt,
1052 2460 1087 2526 et
1111 2455 1148 2526 in
1167 2455 1257 2528 atrio
1285 2457 1507 2549 synagogae,
1535 2455 1712 2529 universis
1741 2477 1933 2548 cougrega-

271 2623 274 2630 ι
375 2576 438 2664 tis,
467 2574 560 2648 riuis
587 2573 751 2648 carnibus
778 2573 877 2665 pueri
904 2573 942 2645 in
969 2575 1073 2646 vultu
1101 2580 1135 2647 et
1162 2575 1200 2647 in
1226 2575 1298 2663 his,
1328 2598 1416 2668 quae
1440 2578 1532 2649 inter
1558 2577 1725 2648 cavillam
1749 2583 1788 2648 et
1813 2577 1931 2648 cruris

376 2696 575 2768 musculum
602 2693 826 2781 interiment,
855 2693 1036 2782 laceratis,
1069 2707 1215 2785 puerum
1243 2695 1280 2767 iu
1308 2696 1422 2769 crucis
1449 2697 1587 2769 modum
1616 2701 1826 2782 extensum,
1858 2717 1931 2767 cor·

376 2835 445 2908 pus
470 2815 560 2887 illud
588 2833 725 2888 sacrum
753 2814 913 2888 certatim
941 2815 1073 2886 acubus
1100 2815 1198 2888 duris
1226 2820 1261 2888 et
1288 2816 1407 2888 densis
1426 2817 1596 2890 avertice
1622 2837 1738 2908 usque
1765 2817 1812 2887 ad
1832 2817 1933 2906 plan·

378 2941 433 3008 tas
452 2953 531 3010 cum
555 2935 622 3006 hac
639 2933 922 3025 exprobratione:
951 2935 1060 3006 quta
1088 2937 1200 3023 hunc,
1227 2942 1268 3007 ut
1283 2934 1313 3024 ³)
1342 2937 1476 3022 lesum,
1504 2936 1788 3010 Christianorum
1807 2938 1934 3023 Deum,

379 3054 440 3147 qui
467 3055 558 3128 nihil
586 3061 656 3144 est,
684 3053 916 3143 trucidemus,
946 3054 1067 3128 taliter
1094 3055 1229 3128 inimici
1256 3057 1368 3129 nostri
1396 3057 1587 3130 Christiani
1615 3057 1882 3130 confundantur
1899 3056 1936 3128 in

379 3176 575 3248 aeternnm!
605 3173 825 3263 confodiunt,
854 3179 889 3246 et
916 3175 1035 3248 oculos
1062 3174 1100 3246 in
1118 3175 1253 3248 coelum
1280 3178 1518 3266 attollentem,
1544 3182 1578 3250 et
1597 3177 1698 3268 quasi
1719 3177 1880 3268 Superos
1899 3177 1936 3248 in

379 3296 436 3368 sui
463 3293 624 3386 martyrii
655 3294 895 3370 testimonium
926 3294 1166 3384 invocantem,
1200 3296 1414 3386 extinguunt
1441 3305 1476 3370 ot
1503 3297 1540 3370 in
1568 3298 1717 3370 vinariis
1746 3298 1849 3370 cadis
1877 3298 1934 3369 ab

381 3415 564 3489 scendunt.
591 3415 722 3488 Verum
749 3435 828 3488 cum
855 3413 1029 3488 vidissent
1051 3436 1198 3506 puerum
1217 3415 1396 3507 exquisita
1414 3417 1579 3509 indagine
1597 3419 1737 3509 quaeri,
1766 3418 1935 3508 episcopo

380 3535 584 3608 Tridentino
615 3533 685 3607 loci
715 3535 872 3608 Iohanne
892 3535 924 3624 4)
956 3535 1068 3623 adito,
1107 3536 1322 3628 significant,
1362 3538 1482 3610 subter
1513 3539 1654 3610 domum
1686 3559 1790 3609 suam
1823 3538 1936 3608 undas

380 3653 482 3728 ilarii
507 3653 679 3728 detulisse
707 3655 854 3728 anderen
880 3655 997 3746 pueri,
1027 3661 1063 3728 et
1089 3677 1111 3727 a
1136 3656 1305 3728 oraticula
1336 3663 1511 3730 retentum
1543 3657 1620 3730 illio
1651 3657 1862 3730 consistere.
1896 3657 1936 3728 Id

380 3774 528 3848 antistes
555 3794 617 3865 per
644 3775 843 3848 Praetorem
871 3775 1063 3849 Iohannem
1090 3775 1133 3848 de
1161 3775 1255 3848 Salis
1272 3775 1302 3864 5)
1330 3781 1365 3850 et
1387 3779 1610 3851 Praefectum
1637 3799 1741 3849 suum
1763 3777 1934 3850 Iacobum

382 3895 425 3968 de
452 3895 562 3986 Spero
577 3893 622 3982 θ),
650 3914 694 3966 ex
720 3893 860 3986 gurgite
887 3897 1060 3984 levatum,
1088 3897 1124 3968 in
1152 3895 1300 3970 basilica
1326 3897 1400 3969 diri
1427 3897 1525 3971 Petri
1553 3899 1756 3983 collocavit,
1788 3902 1827 3970 et
1855 3919 1934 3972 aon-

382 4016 482 4088 tinuo
511 4013 694 4105 stupendis
722 4013 901 4086 miraculis
930 4015 1226 4089 elementissimus
1244 4017 1413 4090 Dominus
1433 4019 1518 4090 adeo
1537 4018 1628 4090 illud
1645 4017 1870 4106 mirificarit,
1898 4033 1937 4088 ut

383 4135 507 4208 turbae
540 4132 785 4226 languentium
812 4134 856 4208 ad
883 4135 959 4208 eius
991 4136 1246 4209 invocationem
1280 4139 1485 4229 sospitatem
1518 4143 1740 4226 consecutae,
1769 4147 1811 4210 et
1837 4159 1934 4229 prae

385 4253 507 4328 sertim
531 4253 709 4346 peregrini
727 4274 771 4327 ex
789 4255 899 4327 uariis
923 4256 1125 4349 regionibus
1157 4257 1320 4345 Romam,
1354 4279 1459 4330 causa
1491 4257 1575 4332 anui
1602 4258 1756 4330 Iubilaei
1783 4259 1935 4350 gratiam

384 4373 634 4466 consequendi,
664 4373 727 4465 qui
754 4396 776 4446 a
801 4375 898 4467 Papo
930 4376 1032 4448 Sixto
1061 4381 1185 4468 quarto
1202 4377 1232 4465 ⁷)
1260 4377 1447 4450 inst'tutus
1475 4385 1567 4466 erat,
1599 4379 1713 4465 ibant,
1743 4378 1838 4450 illuc
1864 4379 1934 4470 glo

384 4499 537 4568 moratae
562 4499 816 4585 percurrerent.
844 4496 1052 4569 Iudaeorum
1081 4515 1181 4569 omne
1207 4517 1334 4589 genus,
1373 4505 1445 4570 tam
1478 4519 1606 4584 mares,
1644 4519 1749 4588 quarn
1772 4498 1934 4585 feminae,

385 4617 525 4706 captum
539 4612 589 4703 8);
617 4634 635 4686 e
663 4613 791 4706 quibus
818 4617 984 4690 authores
1012 4617 1192 4704 iocinoris,
1222 4617 1331 4690 variis
1359 4621 1491 4692 enecati
1510 4618 1741 4706 cruciatibus,
1769 4617 1934 4710 sanguini

323 4834 325 4840 Ι
384 4733 563 4808 innocenti
589 4738 828 4824 parentarunt.
857 4737 933 4808 Duo
961 4742 1077 4809 autern
1096 4757 1140 4810 ex
1159 4757 1277 4809 eornm
1295 4759 1453 4826 numero,
1474 4739 1640 4812 videlicet
1661 4739 1818 4812 Iacobus
1835 4739 1933 4830 Epis

386 4873 493 4946 copus
521 4857 556 4925 et
583 4854 727 4942 Doctor,
761 4859 796 4926 et
823 4856 913 4927 alter
944 4855 1049 4928 Iacob
1081 4856 1252 4946 Ochman,
1285 4877 1346 4948 per
1373 4859 1491 4951 fugam
1523 4859 1652 4950 elapsi,
1686 4858 1724 4930 in
1752 4859 1934 4931 Poloniam

386 4975 572 5062 devenere,
601 4977 638 5046 et
664 4973 724 5066 qui
752 4974 821 5048 sibi
848 4974 972 5050 Orbem
997 4977 1262 5066 obstruxerant,
1296 4979 1388 5070 apud
1415 4978 1597 5052 Poloniam
1629 4999 1791 5072 reperere
1824 4979 1932 5051 direr-

494 5266 519 5344 1)
540 5267 659 5330 Lancue
682 5263 758 5330 ooo.
780 5265 890 5330 Przez.
916 5264 942 5349 ²)
966 5267 1128 5328 salvatoris
1150 5269 1244 5328 nostri
1266 5263 1330 5329 Ed.
1355 5265 1445 5350 Lipc.
1470 5268 1496 5348 ³)
1519 5275 1608 5345 atque
1630 5265 1695 5330 Ed.
1715 5265 1811 5351 nepa.
1836 5265 1862 5346 ⁴)
1878 5269 1931 5328 Do

386 5373 467 5432 mino
488 5368 552 5432 Ed.
576 5367 667 5453 Ia‘pa.
692 5369 719 5450 5)
740 5371 842 5432 Sueten
866 5365 942 5433 Ood.
965 5365 1073 5432 Przoa.
1097 5368 1124 5449 θ)
1147 5371 1185 5432 de
1207 5371 1338 5447 Schporo
1363 5359 1439 5434 Oea.
1462 5369 1572 5435 Przea.
1597 5368 1622 5449 7)
1647 5391 1667 5432 a
1689 5372 1773 5432 Sixto
1795 5373 1878 5448 Papa
1891 5389 1932 5432 se·

389 5464 485 5537 cundo
510 5468 586 5536 Cod.
611 5468 700 5536 Calc.
725 5471 751 5554 ⁸)
773 5479 890 5555 captum
913 5477 960 5541 eat
980 5469 1044 5540 Ed.
1068 5469 1161 5561 Lipa.
