4126 6280
88 585 149 690 (Α.
168 579 212 663 0.
234 579 359 686 ttae.)
593 609 704 666 trena
732 613 974 667 ouonncrmns
1002 597 1116 684 (narr).
1547 597 1621 670 235

86 803 229 874 suornm
258 792 422 872 Podolias
450 799 661 892 capitaneis,
692 823 781 874 nora
810 800 953 895 exigant
980 801 1022 874 de
1049 802 1209 875 tenendis
1234 823 1295 894 pro
1315 804 1434 896 Regno
1454 803 1620 878 Polouiae

85 919 228 994 fideliter
254 921 395 1008 eastris,
425 921 637 1010 iuramenta,
666 926 701 996 et
728 924 770 994 ad
799 923 1043 1011 ordinandum,
1072 927 1112 995 ut
1139 931 1254 996 castra
1280 925 1373 1016 ipsa,
1403 928 1476 998 tum
1504 925 1540 998 in
1564 948 1619 998 aa·

83 1041 223 1131 dilictis,
253 1050 327 1116 tum
356 1043 392 1115 in
420 1043 650 1132 victualibus,
680 1045 847 1118 adversus
875 1044 1050 1138 quoslibet
1077 1046 1196 1118 hostes
1215 1051 1250 1118 at
1269 1045 1448 1139 signanter
1474 1046 1619 1119 Lithua-

85 1181 158 1252 nos,
187 1163 259 1238 sint
287 1165 500 1239 sufficienter
519 1165 670 1258 provisa.
700 1166 889 1239 Petebatur
912 1165 1018 1239 etiarn
1038 1171 1121 1239 tuuc
1140 1188 1161 1239 a
1179 1165 1274 1260 Rege
1294 1167 1320 1256 ¹)
1348 1167 1520 1259 generalis
1541 1188 1620 1240 con·

83 1284 254 1360 cantionis
282 1303 386 1379 super
418 1287 556 1360 iustitia
588 1288 734 1362 cuilibet
767 1288 925 1380 querenti
958 1287 1249 1376 administranda,
1284 1288 1488 1376 celebratio,
1518 1301 1552 1362 et
1580 1295 1621 1361 nt

83 1407 116 1480 in
144 1424 183 1482 aa
214 1407 256 1480 ds
284 1407 490 1481 differentiis
528 1408 760 1501 quibuslibet,
799 1429 887 1502 quae
918 1408 1010 1483 iuter
1040 1408 1221 1483 ecclesiam
1253 1415 1288 1482 et
1320 1409 1427 1483 laicos
1464 1409 1615 1484 interre-

81 1525 153 1600 nire
180 1530 309 1616 solent,
339 1537 524 1621 poneretur
551 1529 696 1618 decisi03
727 1530 787 1602 aad
814 1529 1081 1604 celebrationem
1109 1529 1184 1604 eius
1212 1530 1248 1603 in
1277 1530 1384 1624 Regis
1411 1530 1452 1604 de
1471 1529 1618 1605 Lithua·

81 1647 137 1721 nia
162 1647 350 1722 adremon
378 1651 512 1742 placuit
539 1649 681 1723 differri.
712 1651 890 1724 Sancitnm
920 1649 1025 1724 etiam
1054 1658 1137 1724 tunc
1156 1650 1239 1738 luit,
1268 1673 1311 1724 ne
1331 1657 1456 1724 terrain
1477 1651 1616 1724 Ossan·

81 1767 282 1844 crimoneem
320 1771 395 1844 Iter
433 1773 672 1864 quoquomodo
709 1772 815 1844 alicui
852 1773 972 1860 donet,
1011 1771 1156 1860 alienet,
1196 1773 1327 1866 obliget
1354 1773 1410 1847 rel
1437 1772 1617 1846 inscribat.

82 1891 258 1984 Agebatur
286 1891 413 1964 similis
442 1893 532 1984 apud
562 1897 678 1984 partes
707 1893 848 1966 Maioris
877 1892 1043 1966 Poloniae
1066 1893 1102 1966 in
1120 1893 1228 1983 Kolo,
1257 1915 1318 1986 pro
1338 1893 1393 1968 dia
1413 1894 1619 1968 Sanctorum

81 2011 230 2086 Simonis
259 2021 293 2086 et
321 2013 427 2086 ludce
442 2009 473 2102 ²)
502 2014 702 2088 conventio:
733 2023 767 2088 et
794 2014 983 2102 Praelatio,
1012 2011 1269 2107 baronibusque
1298 2015 1450 2108 partium
1478 2015 1620 2088 illarum

84 2121 385 2224 convenientibus,
416 2135 594 2209 conclusio
621 2135 863 2210 conuentionis
891 2135 1190 2229 Pyotrlroriensis,
1221 2137 1263 2208 de
1289 2136 1467 2210 soluendis
1495 2135 1620 2209 mediis

83 2253 244 2328 censibus
271 2273 333 2348 pro
360 2255 463 2330 rebus
488 2257 666 2344 Pressius,
705 2257 884 2334 innovata.
923 2263 958 2330 et
990 2256 1176 2350 dispositio
1212 2279 1327 2331 rerum
1364 2256 1618 2350 praedictarum

82 2373 262 2466 Prussiae‚
291 2377 488 2470 solutioque
519 2383 554 2450 et
587 2377 762 2471 expeditio
795 2378 1100 2472 stipendiariorum
1132 2379 1311 2466 Prussiae‚
1346 2377 1495 2452 Iohanni
1526 2377 1616 2471 epia·

83 2515 162 2589 copo
191 2493 482 2572 wladislaviensi
510 2493 750 2592 gubernatori,
780 2499 937 2574 collectis
965 2499 1138 2593 pecuniis,
1169 2501 1341 2572 mandata.

239 2853 418 2928 [aalma
440 2853 509 2928 baa
531 2873 601 2930 caaa
624 2855 789 2929 tbntatt
811 2857 933 2947 tagiaa
954 2857 989 2928 tn
1012 2857 1214 2930 titbaaalan
1236 2855 1457 2948 protelabitur.

180 3105 333 3180 Sabbata
361 3113 441 3180 ante
469 3108 595 3180 testum
624 3106 830 3180 Sanctorum
849 3105 1004 3180 Simonis
1023 3110 1058 3178 at
1076 3105 1185 3179 Iudae
1200 3105 1243 3196 ³),
1272 3105 1472 3180 Karimirus
1492 3107 1569 3182 Rex
1584 3106 1617 3197 ⁴)

80 3243 119 3300 en
147 3227 252 3302 Nora
278 3227 428 3301 diritate
455 3223 608 3302 Korccin
636 3245 713 3300 eum
741 3227 924 3301 Elisabeth
958 3225 1092 3320 Regina
1118 3227 1316 3314 discedens,
1345 3247 1406 3320 per
1432 3226 1614 3302 Santoni·

79 3348 178 3436 nam,
212 3348 340 3422 Lnblin
368 3359 403 3424 et
430 3348 501 3424 alia
527 3353 692 3422 consueta
725 3349 816 3436 loca,
846 3348 882 3420 in
909 3345 1135 3421 Lithuaniaru
1167 3346 1353 3441 processit,
1387 3351 1422 3420 et
1450 3347 1535 3421 feria
1562 3371 1613 3423 ss·

79 3471 189 3543 canda
222 3475 302 3544 aute
337 3472 465 3544 festum
496 3468 617 3543 Sancti
646 3469 803 3551 ltartini,
833 3470 875 3542 ad
903 3469 1048 3543 durium
1067 3469 1191 3544 Naretr
1210 3467 1432 3562 perveniens,
1461 3469 1504 3542 ab
1523 3470 1613 3561 apis·

79 3607 159 3683 eope
196 3590 360 3664 Vilneusi
400 3598 435 3664 et
471 3589 616 3682 Beparia
653 3590 876 3679 Litbnaniae,
915 3590 1119 3664 cateruatim
1156 3589 1231 3662 illic
1261 3589 1496 3682 congregatis,
1536 3613 1611 3664 sue-

79 3717 200 3805 captus
229 3721 294 3786 eat.

78 4069 200 4144 littam
222 4069 421 4156 maura,
444 4068 606 4142 aatttr'ana
628 4067 843 4142 Mamudau
865 4069 1083 4142 atraataaaa
1099 4085 1296 4159 canpraaaa.
1312 4085 1332 4144 a
1349 4068 1542 4144 comaron
1556 4067 1615 4141 ta·

77 4193 151 4264 tarta
164 4191 327 4268 latoniaev
341 4192 459 4282 uiginti
482 4193 622 4285 quiaque
645 4189 759 4276 nullia,
784 4193 818 4262 ct
834 4189 1089 4270 autumnitas
1103 4189 1319 4280 qaatmgiata
1333 4189 1433 4264 antllla
1449 4203 1614 4266 auream

468 4331 525 4403 pra
547 4313 734 4386 tialaatam
757 4311 856 4384 caatri
878 4309 1228 4400 monuncourt

83 4649 85 4657 ¹
179 4563 364 4637 transitus
391 4567 507 4634 autera
534 4560 651 4655 regius
678 4560 715 4633 in
743 4560 985 4646 Lithuaniaur,
1020 4581 1121 4652 qrrsrn
1148 4558 1303 4632 uniuersi
1331 4557 1524 4632 consiliarii
1551 4580 1614 4632 nec

78 4699 200 4773 scaea,
230 4701 293 4758 nat
319 4703 418 4776 preco
445 4683 601 4756 inhibere
620 4689 796 4775 poterant,
823 4681 945 4754 attulit
964 4681 1066 4754 robae
1084 4679 1252 4773 publicis,
1273 4688 1308 4752 et
1327 4678 1505 4772 signanter
1523 4680 1611 4754 Pru-

79 4805 249 4893 troarne,
271 4825 418 4898 quaram
441 4803 692 4877 consummatio
711 4809 851 4896 propter
870 4802 1063 4878 absentiam
1081 4801 1189 4896 Regis
1206 4801 1236 4890 ὅ)
1264 4801 1503 4880 differebatur,
1533 4801 1611 4891 plu·

78 4928 163 5002 ritae
190 4923 373 5019 dispendia
400 4933 434 4998 et
459 4925 718 5018 impedimenta
748 4927 789 4998 lu
813 4923 990 5000 Gdanensi
1009 4923 1100 4998 anim
1120 4923 1264 4996 ciuitate
1282 4921 1324 4996 ab
1344 4921 1433 5002 illis,
1454 4919 1513 5012 qni
1533 4941 1609 5010 par·

78 5055 141 5130 tes,
153 5043 314 5142 Magistri
332 5047 547 5122 clandestine
567 5047 815 5140 sequebantur,
837 5047 1017 5139 rugatum
1037 5051 1126 5118 erat:
1148 5045 1277 5137 Regem
1290 5043 1323 5133 i)
1343 5041 1505 5116 derebus
1525 5041 1611 5112 Pru·

184 5341 207 5417 ¹)
231 5363 249 5404 a
269 5343 351 5420 Rege
374 5343 516 5404 Oasimiro
540 5339 602 5403 Ed.
630 5338 717 5425 Lipe.
741 5339 767 5420 ²)
790 5341 916 5402 Simonis
940 5345 969 5402 et
990 5341 1081 5400 Indae
1103 5339 1310 5416 Apostolorum
1332 5332 1394 5396 Ed.
1415 5331 1507 5418 Lips.
1525 5333 1550 5411 ἢ
1570 5335 1613 5394 Si·

78 5448 170 5510 noan
190 5453 224 5507 at
240 5447 336 5508 dudae
357 5446 564 5524 bpaatalonam
595 5442 656 5508 Ed.
687 5441 779 5528 [ἐρα.
812 5442 838 5521 ⁴)
869 5446 931 5508 Rau
954 5444 1095 5506 Pnlcniao
1116 5438 1178 5507 Ed.
1201 5439 1291 5527 Lapa,
1316 5437 1341 5521 ⁵)
1366 5437 1501 5506 wiuari
1523 5437 1614 5518 Regia

79 5547 138 5614 Ed.
161 5548 251 5634 Lipe.
275 5548 301 5632 ⁶)
324 5551 496 5614 animirum
518 5552 628 5628 Regem
652 5546 715 5613 Ed.
750 5547 839 5634 Lipa.
1313 5557 1316 5562 '
1590 5561 1593 5568 ⁴
