4052 6286
414 547 490 618 442
922 565 1035 618 umus
1061 563 1306 618 nuonncnrus
1334 544 1447 634 (xm).
1682 537 1748 638 (Α.
1767 537 1807 612 D.
1823 541 1913 641 loct.)

413 752 513 841 bara,
542 750 774 825 constantiam
800 750 1011 822 Polonorum
1039 749 1232 822 imminuit:
1262 750 1419 822 sednon
1446 767 1547 820 secus
1566 746 1594 835 ¹)
1622 749 1774 818 amentes
1794 750 1824 820 et
1838 754 1913 842 coeci,

413 877 524 946 morte
550 873 656 946 nihili
682 893 806 965 pensa,
835 871 873 943 in
899 871 1115 963 periculosas
1143 871 1292 963 sagittas
1319 870 1479 944 ruebant.

603 1227 723 1318 oppido
746 1226 902 1315 stargard
924 1226 1051 1312 dedito,
1074 1225 1182 1298 ocrim
1204 1225 1388 1315 arcaniora
1410 1225 1579 1298 obsidatur
1601 1243 1621 1296 a
1642 1225 1777 1298 doloris.

518 1473 696 1548 Vicesima
721 1473 828 1547 tertia
855 1473 911 1546 die
938 1471 1069 1546 mensis
1096 1473 1200 1562 Iulii,
1229 1474 1348 1547 hostes
1376 1473 1470 1566 apud
1498 1473 1666 1566 stargard
1684 1475 1785 1566 longo
1803 1477 1917 1568 tenpore

414 1617 477 1687 per
503 1600 624 1688 gentes
651 1595 766 1687 regias
794 1594 945 1682 obsessi,
975 1593 1136 1685 quamvis
1162 1615 1225 1685 pro
1252 1594 1379 1667 minori
1412 1594 1600 1667 medietate
1627 1594 1789 1686 oppidum
1813 1597 1918 1688 sepibus

415 1715 652 1808 negligentius
679 1737 699 1787 a
726 1715 871 1788 Polonis
899 1715 1100 1788 absolutum
1129 1716 1217 1788 foret
1232 1714 1275 1806 2),
1309 1715 1550 1808 desperatione
1577 1719 1759 1806 concepta,
1789 1715 1864 1790 fame
1884 1719 1917 1790 in·

416 1857 521 1926 super
539 1835 763 1909 excruciante
781 1835 908 1924 coacti,
937 1855 981 1908 ne
999 1835 1036 1908 in
1055 1835 1267 1908 Polonorum
1285 1856 1410 1908 manus
1429 1835 1505 1908 viui
1523 1835 1700 1922 uenirent,
1724 1836 1812 1907 haud
1828 1837 1919 1929 ignari,

416 1977 520 2047 quam
547 1956 732 2049 languidos
759 1957 855 2029 nacti
882 1960 1000 2029 essent
1027 1955 1064 2027 in
1092 1955 1288 2047 Ohoynicua
1314 1955 1515 2047 propediem
1542 1955 1734 2028 obsidenda
1751 1957 1919 2048 defensores,

416 2077 481 2148 snb
509 2078 622 2150 noctis
650 2077 782 2150 mediae
809 2075 975 2168 caligine,
1004 2076 1089 2148 adeo
1117 2075 1239 2149 silenti
1266 2075 1421 2169 agmine,
1451 2080 1492 2146 ut
1519 2076 1625 2148 etiam
1646 2076 1835 2150 obsidentes
1850 2079 1919 2150 talle-

415 2202 509 2286 ront,
538 2197 684 2290 egressi,
713 2196 847 2270 relictis
874 2195 1074 2269 bombardis
1102 2199 1137 2268 et
1165 2195 1383 2288 quibuslibet
1411 2197 1592 2288 operibus,
1625 2197 1760 2269 relictis
1786 2205 1818 2269 et
1841 2200 1919 2290 capti·

416 2315 487 2407 vis,
516 2339 656 2391 saevam
670 2315 701 2407 3)
729 2321 764 2390 et
782 2317 924 2390 tertiam
943 2317 1013 2390 iam
1032 2316 1248 2390 obsidionem
1276 2337 1393 2390 secum
1420 2317 1629 2390 tolerantem
1652 2317 1809 2390 Ulricum
1825 2319 1920 2410 Epaon-

417 2458 529 2526 owen,
558 2459 721 2531 magnum
750 2437 834 2510 olim
861 2437 1199 2526 commendatorem,
1228 2458 1346 2510 secum
1373 2437 1555 2526 ducentes,
1593 2459 1638 2511 ex
1668 2437 1828 2530 Stargard
1851 2439 1920 2511 dido·

416 2557 530 2650 giunt.
568 2558 614 2630 ldt
647 2557 826 2651 equitatus
863 2557 1004 2650 quidem
1040 2557 1078 2630 in
1109 2558 1229 2650 plnres
1262 2579 1299 2631 se
1331 2563 1465 2630 turmas
1503 2557 1681 2645 dividens,
1718 2559 1819 2632 celeri
1848 2579 1922 2631 cursu

417 2678 648 2770 Cboyniczam
667 2678 862 2767 contendit,
890 2698 1082 2771 parumque
1101 2677 1231 2768 abluit,
1261 2679 1346 2770 quin
1364 2677 1402 2750 in
1420 2699 1544 2751 manns
1562 2677 1695 2750 Felicis
1714 2679 1801 2750 alias
1818 2679 1923 2751 Scaesni

418 2798 460 2871 de
487 2799 649 2892 Panyow,
678 2797 893 2872 obsidionem
920 2798 1135 2890 Ohoynicuae
1161 2798 1231 2870 ianr
1254 2803 1339 2871 tunc
1357 2797 1544 2887 tentantis,
1573 2798 1759 2886 incideret;
1785 2799 1922 2892 peditatus

418 2940 500 2993 uero
526 2923 718 2992 retrorsum
738 2940 775 2991 se
797 2918 886 3012 egit,
916 2923 952 2992 et
978 2918 1016 2991 in
1044 2918 1227 2992 ecclesiam
1263 2919 1430 2991 Suanthir
1461 2939 1568 3010 supra
1595 2917 1746 2992 Wislam
1774 2919 1876 3009 sitan,
1895 2919 1923 2992 ab

418 3039 570 3113 Henrico
598 3039 820 3131 Plawyenski
847 3039 891 3111 ad
918 3039 1177 3131 impediendum
1204 3038 1464 3132 navigationem
1483 3043 1518 3112 et
1536 3039 1730 3130 cogendum
1749 3039 1924 3132 agrestesdo

418 3160 542 3233 maiori
569 3160 687 3233 insula
714 3159 935 3249 adtributa,
968 3159 1245 3249 incastellatam,
1278 3159 1434 3232 divertit.
1467 3160 1635 3232 Poterant
1666 3161 1845 3234 universae
1866 3159 1924 3232 illac

418 3279 565 3353 hostiles
593 3280 713 3372 copiae
739 3279 865 3368 doleri,
894 3279 925 3352 si
952 3279 1106 3353 Polonus
1134 3279 1309 3372 fugientes
1337 3283 1372 3353 et
1398 3279 1545 3372 pauidos
1577 3279 1719 3372 insequi
1749 3299 1923 3373 persorens-

419 3405 488 3473 set:
518 3401 579 3474 sed
606 3405 640 3474 et
667 3399 749 3492 equi
775 3401 868 3491 apud
894 3400 1047 3474 Polouos
1075 3421 1118 3474 ax
1146 3402 1236 3475 lama
1263 3399 1446 3489 lassiores,
1471 3404 1507 3472 et
1523 3399 1637 3473 noctis
1657 3401 1857 3490 obscuritas,
1872 3421 1923 3491 pcr-

419 3521 586 3613 sequondi
614 3520 912 3613 opportunitatem
940 3521 1152 3594 ademerant.
1180 3520 1304 3593 Altero
1331 3519 1388 3593 die
1414 3519 1499 3592 urbs
1525 3520 1570 3592 ab
1597 3519 1783 3613 oppidanis
1800 3519 1924 3595 delectio·

419 3641 476 3714 nis
503 3641 704 3714 insontibus
732 3641 913 3732 (authores
933 3641 1026 3714 enim
1044 3639 1250 3713 delectionis
1268 3661 1445 3714 remanere
1463 3661 1532 3712 non
1551 3640 1644 3731 ausi,
1673 3642 1782 3714 simul
1798 3663 1859 3714 una
1873 3661 1925 3713 cun

419 3761 581 3835 hostibus
608 3763 847 3854 perfugerant)
876 3761 1054 3836 (rothardo
1081 3762 1123 3834 de
1150 3761 1282 3834 Radlin
1309 3761 1490 3852 capitaneo
1521 3759 1680 3853 gentium
1707 3762 1867 3855 regiarum
1887 3761 1925 3832 de

420 3882 494 3955 dita
521 3885 586 3955 est.
615 3881 722 3954 Cuius
749 3879 977 3970 deditionem,
1012 3881 1172 3972 quamvis
1204 3881 1331 3954 ultima
1357 3880 1569 3954 necessitate
1602 3902 1818 3974 expressam,
1843 3900 1925 3972 aspa

419 4002 497 4075 nari
527 4023 597 4075 non
627 4001 778 4093 placuit,
813 4023 880 4094 quo
907 4003 952 4074 ad
978 4006 1114 4076 caetera
1144 4001 1231 4075 belli
1262 4022 1406 4076 munera
1433 4021 1474 4074 ca
1500 4005 1635 4075 aestate
1667 4003 1815 4095 agenda,
1843 3999 1926 4072 cacan

419 4125 538 4214 posset
555 4121 731 4195 licentius.
760 4121 961 4195 Karimirus
979 4122 1146 4196 Poloniao
1165 4123 1242 4198 Rex
1260 4122 1366 4194 huius
1385 4121 1576 4196 deditionis
1594 4122 1738 4212 nuntio,
1768 4123 1843 4194 dun
1858 4140 1926 4194 eru·

420 4244 529 4316 citum
556 4241 786 4340 dhoynicnam
814 4243 1053 4332 obsessurum,
1083 4247 1183 4316 extra
1209 4246 1346 4335 portam
1374 4241 1657 4334 Bidgostiensem
1684 4242 1859 4316 lustrando
1873 4260 1925 4310 con·

420 4363 578 4451 duceret,
607 4366 748 4454 accepto
764 4362 808 4452 ⁴),
836 4363 959 4436 laudes
987 4363 1139 4455 primurn
1166 4364 1239 4436 Deo
1266 4363 1304 4435 in
1331 4363 1462 4454 templo
1490 4363 1661 4453 exsolvit,
1695 4363 1819 4437 deinde
1843 4380 1927 4433 onnes

420 4485 485 4556 has
513 4481 647 4575 copias,
677 4503 766 4574 quae
794 4482 961 4576 stargard
989 4483 1181 4573 evicerant,
1214 4483 1337 4576 paucis
1368 4503 1430 4575 pro
1458 4483 1619 4556 custodia
1646 4483 1768 4575 oppidi
1793 4503 1861 4556 cun
1881 4479 1926 4553 do

419 4604 543 4678 thardo
571 4602 752 4694 capitaneo
770 4602 920 4692 relictis,
950 4603 994 4675 ad
1012 4603 1206 4696 urgendum
1225 4601 1439 4695 Ghoyniouac
1457 4602 1672 4677 obsidionem
1690 4603 1800 4676 misit.
1826 4599 1925 4693 Quibus

421 4723 705 4813 advenientibus,
734 4745 754 4794 a
782 4743 844 4798 sex
870 4743 978 4816 prope
1004 4723 1163 4797 millibus
1194 4722 1353 4816 gentium
1383 4722 1560 4816 regiarum
1592 4723 1789 4816 Ghoynicaa
1812 4723 1925 4804 obsessa,

420 4844 612 4918 maioribus
639 4843 911 4917 difficultatibus
938 4843 1055 4938 urgeri
1082 4844 1209 4937 coepit.

530 5119 552 5200 ¹)
575 5131 634 5183 non
656 5135 743 5183 secus
765 5125 854 5199 atque
875 5116 939 5183 Ed.
962 5115 1053 5202 Lips.
1086 5117 1112 5196 ²)
1134 5125 1215 5182 essm
1236 5114 1301 5181 Ed.
1323 5115 1415 5202 Isipa.
1444 5116 1473 5198 ³)
1502 5135 1603 5181 senem
1625 5115 1689 5182 Ed.
1714 5115 1805 5201 napa
1832 5113 1926 5196 ‘brat

420 5224 515 5306 piacet
537 5219 614 5306 (abd.
628 5222 748 5290 'Proca
