4082 6284
76 558 146 660 (Α.
165 559 211 636 D.
231 559 358 662 1460.)
590 583 704 642 amna
729 587 975 644 nnonncncus
1002 572 1117 664 (xm).
1552 569 1627 650 305

74 769 224 858 tiantes,
254 770 475 844 Siraihonem
502 772 633 865 Regem
652 774 679 862 ¹)
712 775 845 849 bellum
873 781 993 850 contra
1020 777 1187 853 Poloniae
1214 781 1374 873 Regnum
1403 791 1528 874 magno
1557 783 1624 855 ire·

74 889 168 1002 initu
195 896 231 964 et
257 895 445 982 apparatu,
472 896 616 983 propter
642 895 859 984 quarundam
887 896 1076 970 Bohemiae
1104 898 1288 972 civitatum
1311 901 1521 975 notabilium
1540 923 1625 975 exn·

75 1009 243 1094 stionem,
278 1030 367 1102 quae
399 1011 642 1086 incensoribus
674 1013 825 1104 captivis
858 1015 1132 1106 comprehensis,
1166 1019 1384 1094 ordinatione
1415 1022 1525 1114 Regis
1552 1023 1624 1094 Ka·

74 1129 193 1202 aimiri
219 1134 255 1203 et
281 1131 453 1204 consortis
481 1153 564 1205 suae
590 1133 775 1206 Elisabeth
801 1134 957 1226 Reginae
975 1141 1149 1210 attentata
1168 1139 1294 1229 fuisse,
1320 1142 1408 1214 lalso
1426 1142 1526 1231 lieet,
1546 1164 1625 1214 nar-

72 1251 235 1339 rabatur,
264 1250 448 1324 indixisse.
477 1251 580 1324 Nihil
603 1253 669 1326 hac
692 1254 957 1327 denuntiatione
980 1256 1183 1330 Kenimirus
1202 1259 1280 1332 Rex
1299 1264 1334 1332 et
1353 1261 1410 1334 sui
1429 1263 1625 1335 consiliarii

72 1369 178 1457 moti,
207 1370 340 1444 bellum
359 1376 394 1444 et
412 1371 629 1444 inferendum
662 1379 783 1446 contra
809 1375 1006 1463 Pmssiam,
1035 1383 1070 1449 et
1095 1378 1331 1452 resistendum
1363 1385 1484 1454 contra
1511 1382 1623 1455 Bohe-

72 1511 170 1561 mum
197 1490 429 1582 apparabant,
463 1493 710 1584 crescebatque
741 1492 917 1566 militibus
949 1494 1105 1585 animus,
1138 1519 1200 1588 pro
1229 1502 1302 1572 tam
1330 1501 1466 1573 notoria
1492 1501 1625 1574 iniuria

72 1615 107 1682 et
134 1609 313 1682 calumnia
340 1611 377 1682 in
404 1611 535 1704 Regem
564 1617 599 1685 et
626 1613 796 1704 Reginam
829 1619 1076 1705 commentata,
1111 1638 1215 1709 quam
1247 1619 1310 1691 vix
1342 1620 1384 1704 de
1411 1642 1481 1693 uno
1513 1621 1623 1713 impo-

71 1734 169 1803 store
196 1735 231 1804 et
258 1731 430 1806 nebulone
457 1735 595 1806 credere
623 1735 676 1806 ias
704 1738 793 1821 erat,
822 1733 960 1807 facilem
989 1756 1026 1808 se
1053 1736 1236 1810 victoriam
1264 1739 1305 1812 de
1333 1740 1517 1829 Rohemis,
1544 1762 1623 1833 pro·

70 1850 261 1941 pitiatione
299 1852 434 1941 divina,
471 1853 726 1926 arbitrantibus
758 1854 974 1928 obtenturos.
990 1839 992 1842 ⁵
1011 1856 1067 1928 Ad
1096 1857 1343 1932 Thartarornm
1374 1861 1623 1952 Imperatorem

70 1971 234 2065 Rcajgeri
272 1977 306 2046 et
338 1973 382 2045 ad
413 1973 602 2046 Valachiae
635 1973 879 2066 Wopewodam
913 1974 1129 2066 Stephanum
1161 1978 1278 2052 nuntii
1314 1981 1430 2070 missi,
1468 1985 1508 2053 ut
1544 2002 1623 2055 cum

69 2092 242 2182 potentiis
263 2093 353 2182 suis,
383 2093 414 2164 si
433 2094 525 2185 quod
544 2115 622 2167 cum
641 2094 805 2168 Rohemis
823 2095 957 2168 bellum
982 2096 1153 2188 agendum
1172 2104 1281 2188 esset,
1302 2100 1467 2172 solatium
1487 2101 1576 2194 Regi
1592 2100 1622 2191 2)

70 2212 215 2284 ferrent.
249 2212 532 2286 Coniecturatnm
564 2221 680 2288 autem
712 2215 782 2287 init
808 2237 829 2286 a
855 2216 1087 2306 prudentibus
1115 2222 1150 2290 et
1178 2220 1367 2292 solertibus
1400 2221 1506 2310 uiris,
1542 2243 1620 2294 oon-

69 2330 206 2404 iectura
233 2332 367 2406 efficaci
394 2337 429 2404 et
454 2333 645 2424 probabili,
676 2335 767 2427 qnod
795 2336 961 2408 Pruseiae
989 2336 1158 2429 Magister
1175 2339 1376 2412 Ludoricus
1398 2345 1432 2414 et
1452 2341 1557 2430 Ordo,
1587 2346 1622 2414 et

69 2451 298 2525 Bernhardus
326 2453 593 2542 Sohumborshi,
622 2475 701 2527 oum
728 2477 812 2529 suae
839 2457 951 2546 portis
974 2457 1194 2532 Almannicis
1213 2464 1250 2532 et
1268 2460 1467 2533 Rohemiois
1488 2461 1619 2552 stipen-

69 2571 211 2662 diariis,
241 2572 471 2646 callidissimo
500 2580 536 2646 et
562 2575 681 2647 doloso
708 2575 849 2668 ingenio
881 2576 1056 2666 incendia,
1096 2599 1184 2670 quaa
1216 2581 1402 2654 Bohemico
1425 2581 1619 2655 infereban-

69 2697 127 2764 tur
154 2693 299 2786 Regno,
328 2696 465 2768 fuerant
492 2695 732 2768 commentati:
766 2695 925 2769 videntes
953 2697 1107 2770 enimse
1134 2698 1178 2770 ad
1201 2703 1358 2772 extrema
1384 2701 1558 2788 redactos,
1586 2705 1621 2774 et

68 2812 271 2903 propediem
299 2815 342 2886 ad
368 2814 501 2887 maiora
526 2815 749 2907 redigendos,
778 2835 902 2907 magno
931 2816 1186 2906 incensoribus,
1219 2820 1295 2892 rice
1323 2826 1357 2894 et
1384 2821 1523 2892 nomine
1550 2820 1618 2892 Re·

67 2934 121 3026 gis
149 2938 187 3006 et
216 2933 373 3026 Reginae
400 2934 583 3022 Poloniae,
617 2934 698 3007 dato
731 2935 875 3022 salario,
908 2937 1048 3008 urbium
1076 2942 1111 3010 et
1140 2939 1296 3012 vicorum
1323 2939 1513 3012 Bohemiaa
1539 2961 1618 3031 pro-

67 3058 279 3126 curaverant
305 3053 467 3127 incendia
494 3075 533 3128 ea
560 3076 622 3147 spe
649 3060 684 3129 et
710 3055 921 3144 intentione,
950 3063 991 3128 ut
1019 3057 1166 3151 Georgio
1194 3058 1289 3151 Rege
1318 3064 1354 3131 et
1378 3059 1542 3132 Rohemis
1575 3079 1618 3132 ex

67 3174 286 3247 confessione
312 3174 605 3248 incendiariorum
633 3175 799 3262 irritatis,
828 3176 927 3248 etin
956 3177 1088 3250 bellum
1117 3183 1237 3250 contra
1264 3179 1430 3252 Poloniae
1458 3179 1618 3271 Regnum

67 3294 109 3366 ob
136 3294 343 3366 istiusmodi
370 3295 535 3368 iniuriam
558 3295 867 3388 consurgentibus,
905 3297 1037 3370 bellum
1064 3298 1317 3372 Pruthenicum
1345 3299 1617 3390 conquiesceret,

67 3419 128 3486 aut
155 3415 287 3488 saltem
313 3415 585 3489 retardationem
612 3420 647 3490 ot
673 3415 962 3507 interceptionem
989 3417 1173 3509 acciperet.

67 3765 455 3840 hunimundum
479 3770 514 3839 ct
533 3768 695 3840 consortia
718 3785 797 3840 suaa
820 3769 1072 3858 temtationem
1094 3770 1135 3842 de
1160 3772 1334 3869 amatione
1357 3771 1554 3862 quorundam
1576 3772 1616 3844 oi·

67 3886 209 3958 uratum
232 3885 418 3972 bohemiae,
440 3888 550 3960 nitria
572 3888 697 3960 duobis
719 3890 891 3976 militibus,
921 3891 976 3979 poi
998 3890 1161 3962 dolorem
1183 3892 1353 3964 condetur
1381 3909 1454 3962 areo
1476 3892 1616 3962 declara·

67 4010 184 4079 rerunt
208 4009 245 4078 ct
267 4007 373 4079 duolio
397 4007 589 4096 probaturoa
611 4009 865 4096 contraierant,
889 4010 973 4098 apud
990 4009 1156 4100 Georgium
1170 4011 1288 4102 hogen
1303 4012 1472 4083 Bohemiaa
1487 4015 1616 4102 purgat.

167 4254 214 4326 In
241 4252 407 4326 Maiorem
438 4252 622 4326 Poloniam
649 4274 693 4326 ex
722 4254 943 4328 Saudomiria
968 4255 1172 4329 Kaaimirus
1203 4258 1282 4331 Rex
1297 4255 1327 4348 ³)
1359 4257 1491 4346 iturus,
1528 4257 1615 4332 feria

67 4380 191 4464 quarta
218 4373 257 4446 in
275 4372 399 4465 vigilia
418 4372 539 4445 Sancti
558 4373 730 4446 Stanislai
757 4374 795 4446 in
822 4375 914 4448 Maio
942 4375 1140 4466 discedens,
1170 4400 1231 4469 per
1259 4378 1437 4470 Opathow,
1466 4377 1612 4450 visitato

67 4492 277 4567 monasterio
311 4493 459 4566 Sanctae
490 4493 610 4566 crucis
641 4493 679 4565 in
707 4493 813 4566 Galro
841 4495 974 4584 Monte,
1008 4517 1071 4588 per
1098 4496 1273 4589 Opooano,
1307 4502 1511 4589 caeteraque
1536 4498 1613 4570 loca

67 4613 103 4684 in
128 4611 333 4686 Lanciciam
358 4613 478 4707 remi,
510 4613 571 4687 ubi
587 4615 843 4715 ¹Praelatorum
872 4620 908 4687 et
926 4615 1094 4688 baronum
1126 4617 1270 4690 Maioris
1301 4617 1467 4690 Poloniae
1498 4616 1613 4690 tribue

68 4731 297 4806 hebdomadis
331 4737 539 4804 conventum
567 4733 697 4806 tenuit:
727 4734 792 4807 sub
820 4733 947 4826 quibus
974 4737 1095 4827 plures
1122 4736 1340 4827 provisiones
1366 4741 1403 4810 et
1430 4736 1472 4809 de
1491 4736 1610 4810 tradu-

68 4853 173 4926 cendo
201 4851 360 4926 exercitu
387 4852 424 4924 in
452 4853 650 4943 Prussiam,
678 4859 714 4927 et
731 4855 773 4927 de
792 4855 972 4928 obsidione
999 4857 1106 4928 castri
1121 4857 1152 4946 4)
1182 4857 1302 4930 Walca
1321 4857 1358 4928 in
1376 4856 1480 4929 metis
1500 4856 1610 4930 Saxo·

66 4973 143 5048 niae
170 4973 249 5060 siti,
287 4971 379 5064 quod
406 4973 449 5045 ab
476 4973 638 5047 hostibus
665 4975 896 5066 interceptum
923 4976 1124 5064 tenebatur,
1153 4976 1247 5050 lecit.
1276 4977 1375 5049 Misit
1402 4981 1437 5049 at
1456 4997 1499 5050 ex
1518 4974 1609 5048 Lan·

68 5092 152 5166 ciria
179 5092 218 5164 in
246 5092 451 5165 Rohemiam
478 5093 565 5166 duos
593 5093 741 5183 milites,
772 5095 936 5168 Iacobum
956 5096 1193 5188 Dambpenski
1208 5096 1238 5188 5)
1266 5101 1302 5170 et
1319 5097 1505 5170 hibertum
1525 5095 1610 5170 Gor·

171 5366 196 5444 1)
220 5367 381 5443 Georgium
408 5369 520 5444 Regem
549 5368 708 5430 Bohemiaa
738 5365 801 5432 Ed.
827 5365 920 5452 La'pa.
953 5366 979 5452 ²)
1002 5371 1143 5431 auxihum
1164 5371 1240 5448 Regi
1264 5371 1407 5434 casimiro
1429 5366 1493 5432 Ed.
1517 5367 1608 5452 La'pe.

70 5465 95 5548 ³)
115 5470 258 5530 Pelopiae
279 5471 343 5531 Rex
365 5468 429 5534 Ed.
452 5469 544 5554 Lipa.
568 5469 594 5550 ⁴)
618 5473 656 5534 de
677 5472 841 5534 obsidendo
863 5477 960 5535 caeno
982 5470 1046 5536 Eo.
1067 5471 1158 5558 Lc'pa.
1182 5473 1208 5555 ⁶)
1229 5474 1396 5555 ngienslri
1418 5469 1483 5538 Eri.
1504 5469 1597 5555 Dipo.

92 5619 113 5660 r.
126 5620 224 5672 nrum.
238 5621 299 5662 msa
312 5621 392 5664 nolon.
406 5621 432 5664 r.
446 5622 474 5662 r.
1402 5607 1436 5664 39
