4082 6284
390 529 464 604 302
897 551 1011 604 uranu
1036 551 1281 605 nuounonrus
1309 531 1425 622 (xm).
1659 527 1728 628 (Α.
1748 527 1793 604 D.
1812 527 1939 627 1460.)

388 758 529 828 copnm,
562 736 819 830 suffraganeum
851 715 1113 813 Oracoriensom
1144 737 1362 833 baptisatus,
1396 739 1570 812 Iohannes
1598 736 1785 824 Albertns,
1815 757 1938 808 nomen

387 855 581 931 binomium
609 857 755 950 aceepit.

403 1211 584 1286 kazimirus
605 1214 675 1286 Rex
697 1215 826 1288 liunb'lr
848 1215 980 1288 bomani
1003 1215 1170 1288 laudante
1192 1215 1234 1287 ed
1257 1233 1293 1288 re
1316 1233 1382 1288 non
1405 1215 1572 1300 aduleris,
1594 1215 1761 1286 llbertrn
1782 1215 1933 1286 nucia

442 1335 559 1407 bream
580 1336 616 1408 in
638 1336 793 1408 arbitrum
815 1336 949 1427 accipit,
972 1337 1064 1427 pecie
1085 1337 1173 1410 iuter
1195 1355 1232 1408 re
1256 1340 1292 1409 et
1313 1337 1490 1410 trucidator
1513 1335 1755 1426 conponendae
1777 1352 1891 1406 eum

496 1583 647 1656 Sabbato
675 1583 767 1658 infra
793 1585 1071 1677 Epiphaniarnm
1090 1585 1274 1674 Octavam,
1303 1589 1476 1658 uenerunt
1498 1583 1700 1658 cracoviam
1718 1582 1764 1656 ed
1782 1583 1941 1654 Karimi·

392 1724 469 1775 rum
498 1702 665 1776 Poloniae
693 1704 824 1796 Regem
854 1693 1205 1778 wilhelmus'comee
1224 1704 1262 1777 in
1281 1705 1465 1797 Tierstayn
1488 1705 1528 1794 ¹),
1557 1703 1729 1796 Georgius
1748 1703 1790 1776 de
1810 1701 1944 1794 Lepido

395 1822 625 1896 cancellarius
651 1829 686 1896 et
709 1823 939 1898 wenceslaus
968 1825 1093 1899 Ouenel
1108 1823 1138 1915 ²)
1167 1825 1394 1914 camerarius,
1422 1847 1484 1919 per
1502 1825 1689 1898 Albertnm
1708 1823 1944 1896 Archidneem

398 1943 565 2016 Austriae
602 1943 639 2016 in
670 1945 819 2036 pulchra
855 1945 1022 2018 comitiva
1057 1945 1237 2019 destinati.
1275 1945 1343 2018 His
1378 1967 1458 2018 cnm
1494 1945 1551 2018 die
1582 1944 1676 2018 Solis
1715 1943 1945 2035 subsequenti

391 2062 571 2136 audientia
598 2063 680 2137 data
707 2065 848 2154 inisset,
878 2066 1154 2140 commemoratis
1172 2065 1335 2158 pluribus
1355 2065 1497 2154 officiis,
1526 2065 1654 2157 quibus
1673 2065 1861 2137 Arcbidnx
1881 2065 1944 2135 Al·

391 2183 512 2256 bertus
544 2185 724 2275 praefatus
756 2185 794 2258 in
821 2185 1041 2258 Karimirnm
1072 2186 1283 2259 Polonorum
1299 2183 1330 2276 ³)
1362 2183 1494 2278 Regem
1520 2185 1575 2258 uti
1602 2185 1731 2257 solitus
1759 2190 1832 2272 est,
1861 2183 1943 2256 offe-

391 2304 515 2377 rebant
546 2303 649 2376 illum
681 2306 725 2377 ad
752 2327 889 2379 omnem
917 2307 1078 2399 fatigem,
1111 2307 1305 2400 impensam
1333 2311 1367 2380 et
1393 2307 1563 2395 laborem,
1596 2327 1659 2399 per
1690 2326 1796 2396 quam
1825 2311 1946 2396 posset

392 2423 484 2496 inter
511 2423 731 2498 Kanimirum
758 2427 926 2500 Poloniae
953 2428 1084 2520 Regem
1112 2432 1147 2500 et
1175 2427 1369 2500 cruciferos
1401 2448 1472 2518 pax
1500 2432 1535 2500 ot
1562 2425 1747 2500 eoncordia
1773 2431 1947 2518 perpetuu

392 2544 536 2618 firmari.
565 2545 665 2637 Quod
690 2551 731 2618 ut
758 2547 898 2621 facilius
927 2547 1026 2639 sequi
1053 2553 1190 2641 posset,
1222 2547 1494 2639 persuadebant:
1523 2550 1564 2618 nt
1590 2547 1669 2620 Rex
1687 2545 1718 2634 ⁴)
1747 2545 1784 2617 in
1813 2546 1946 2618 Ducem

392 2663 579 2738 Albertum
606 2666 648 2740 de
675 2687 781 2757 novo,
810 2667 852 2742 de
879 2669 952 2740 alto
980 2673 1015 2742 et
1041 2668 1144 2740 basso
1161 2667 1191 2758 5)
1219 2667 1532 2759 compromitteret,
1560 2666 1723 2758 nihilque
1751 2665 1945 2753 dubitarat,

394 2805 534 2860 oausam
566 2807 666 2858 suam
698 2788 835 2862 credere
867 2788 965 2862 fideli
997 2789 1124 2877 amieo,
1157 2788 1374 2861 commodum
1408 2809 1511 2860 suum
1538 2793 1574 2860 et
1600 2787 1754 2860 filiorum
1787 2807 1945 2872 suornm,

330 2945 334 2956 ·
392 2904 512 2996 potius
533 2927 638 2998 quam
656 2906 838 2997 damnum,
868 2930 1004 3001 semper
1032 2909 1178 2997 celanti,
1206 2930 1269 3002 per
1287 2908 1576 2982 arbitramentum
1595 2907 1821 2994 huiusmodi,
1841 2907 1947 2980 dente

395 3025 558 3115 Domino,
579 3025 793 3101 effecturum.
823 3028 890 3102 His
908 3051 1115 3122 responsum
1138 3035 1206 3104 est:
1236 3027 1531 3120 compromissum
1550 3027 1666 3101 simile
1686 3027 1723 3100 in
1743 3027 1944 3121 Sigismnn·

395 3145 478 3220 dnm
505 3152 590 3222 tnnc
617 3149 852 3222 Romanorum
881 3156 915 3224 et
942 3151 1145 3244 Hungariae
1172 3152 1321 3243 Regem,
1350 3150 1387 3222 in
1412 3171 1517 3222 eausa
1543 3149 1662 3222 eadem
1685 3148 1946 3221 Ornoiferornm

393 3286 456 3357 per
482 3267 718 3342 Wladislanm
746 3271 895 3363 Regem,
923 3277 1058 3363 petrem
1085 3271 1193 3364 Regis
1221 3270 1394 3359 moderni,
1422 3271 1571 3358 factum,
1600 3269 1775 3342 horrenda
1792 3269 1893 3342 belle
1911 3273 1946 3341 et

394 3385 578 3460 christiani
605 3390 788 3484 sanguinis
816 3391 1003 3483 profluvia,
1032 3397 1138 3483 etque
1164 3391 1256 3464 inter
1283 3392 1397 3484 Reges
1425 3394 1497 3462 tam
1525 3390 1731 3464 detestanda
1751 3389 1833 3461 odia
1851 3389 1944 3462 exei-

394 3506 506 3595 risse,
534 3514 575 3581 ut
601 3531 693 3584 unns
725 3511 873 3585 alterius
906 3512 1031 3604 capiti,
1066 3514 1177 3586 famae
1209 3517 1244 3586 et
1271 3511 1549 3604 Principatibus,
1584 3531 1697 3601 nsque
1725 3510 1769 3581 ad
1798 3515 1945 3582 mortem

394 3625 556 3702 insidiari
582 3651 651 3703 non
679 3631 871 3720 destiterit3
900 3632 1013 3704 vereri
1041 3631 1151 3724 igitur
1169 3631 1380 3704 Polonorum
1395 3631 1426 3720 ⁰)
1454 3631 1602 3723 Regem,
1631 3651 1675 3703 ne
1694 3651 1739 3702 ex
1759 3629 1895 3721 optimo
1914 3635 1946 3704 et

401 3750 505 3822 obaro
524 3749 651 3838 amico,
680 3750 847 3825 infestum
876 3753 944 3826 eibi
970 3753 1123 3840 hostem,
1152 3753 1184 3824 si
1210 3773 1272 3844 per
1297 3751 1618 3845 pronuntiationem
1637 3750 1809 3825 iniustum
1836 3757 1947 3824 terras

395 3870 575 3944 naturales
602 3871 693 3965 Regi
720 3879 755 3945 et
781 3873 919 3966 Regno,
948 3874 1040 3965 quod
1067 3873 1250 3947 constabat
1273 3872 1536 3966 sigismundum
1556 3871 1794 3945 Romanorum
1813 3873 1946 3963 Regem

397 3989 537 4079 iecisse,
567 3991 837 4082 abiudicaverit,
870 3994 1080 4082 constituat3
1113 3993 1244 4082 vereri,
1272 4014 1316 4066 ne
1334 3993 1371 4065 in
1390 3993 1536 4066 alteram
1568 3991 1803 4083 muscipulam
1833 3993 1945 4064 eadat.

396 4110 562 4200 Proinde,
591 4113 728 4204 plaeere
756 4115 894 4205 quidem
923 4114 1013 4207 Regi
1039 4113 1222 4202 Poloniae,
1251 4119 1291 4185 ut
1318 4113 1501 4186 Archidux
1528 4112 1699 4185 Albertus
1727 4112 1862 4185 arbiter
1887 4113 1943 4198 eit,

396 4253 465 4303 non
493 4253 643 4321 omnem,
674 4235 735 4307 sed
762 4233 994 4307 modificatam
1021 4234 1154 4307 habens
1180 4238 1406 4325 potestatem,
1436 4237 1471 4306 et
1498 4237 1539 4303 ut
1564 4253 1627 4323 pro
1656 4231 1770 4304 medio
1790 4233 1944 4323 Quadra-

394 4351 548 4444 gesimae
574 4352 612 4426 in
640 4353 921 4442 Wretisleriam,
958 4360 1020 4426 ant
1046 4353 1116 4426 alio
1143 4353 1355 4446 competenti
1383 4354 1455 4440 die,
1483 4353 1687 4440 descendet,
1721 4357 1758 4424 et
1784 4353 1945 4444 partibus

396 4471 543 4562 auditis,
570 4479 689 4565 partes
716 4473 753 4546 in
781 4474 848 4548 fori
875 4475 1015 4548 modum
1047 4495 1250 4566 componere
1282 4477 1405 4547 tentet.
1438 4474 1543 4548 Etsi
1571 4473 1712 4564 quidem
1746 4473 1945 4546 difficiliora

397 4599 432 4665 et
459 4593 723 4686 principaliora,
752 4595 959 4669 concordata
985 4615 1048 4686 per
1075 4617 1153 4668 enm
1181 4594 1327 4682 luerint,
1355 4616 1426 4667 non
1444 4594 1670 4667 abnuitnrum
1689 4594 1858 4666 Poloniae
1877 4593 1944 4665 Re·

395 4734 491 4805 gem,
519 4720 560 4786 nt
588 4735 693 4806 super
720 4714 835 4787 minus
863 4715 1069 4788 difficilibus
1088 4719 1123 4789 et
1141 4715 1344 4789 accessoriis
1363 4715 1399 4788 in
1419 4713 1652 4788 Archidueem
1671 4713 1942 4804 compromittat.

397 4836 446 4908 Ro
475 4841 616 4927 accepto
644 4835 761 4908 nuntii
787 4856 970 4927 responso,
998 4835 1249 4928 gratulabundi
1277 4835 1443 4928 (quilibet
1467 4835 1558 4909 enim
1578 4854 1696 4906 eorum
1716 4839 1867 4925 quatuor
1885 4855 1942 4904 no

396 4955 486 5028 biles
519 4959 636 5029 vestes
664 4955 706 5028 de
734 4955 917 5029 sabellinis
949 4961 1011 5029 ant
1038 4956 1250 5030 mardurinis
1287 4956 1442 5048 pellibus
1458 4957 1500 5046 ⁷),
1537 4954 1727 5028 donatione
1754 4953 1862 5046 Regis
1890 4954 1943 5026 in·

505 5249 527 5330 ¹)
549 5251 719 5329 'l'heyrstem
743 5245 820 5313 cad.
842 5247 954 5311 Przaz.
976 5249 1137 5310 'Piersthau
1159 5244 1223 5310 Ed.
1247 5246 1338 5333 Lupe.
1362 5247 1566 5327 (Thierstein).
1592 5245 1616 5325 ²)
1639 5247 1748 5308 Cussel
1769 5243 1831 5308 Ed.
1852 5242 1943 5328 Lipe.

397 5353 524 5434 (Gusel).
548 5352 575 5433 ³)
599 5356 740 5416 Poloniae
762 5351 825 5417 Ed.
849 5349 941 5435 Lipo.
966 5350 992 5432 ⁴)
1015 5358 1048 5414 ut
1068 5353 1132 5416 Rex
1155 5353 1316 5414 Ousimirus
1338 5349 1401 5414 Ed.
1425 5348 1515 5433 Dipo.
1540 5349 1566 5430 ⁶)
1589 5351 1627 5411 de
1649 5369 1730 5412 novo
1745 5351 1857 5412 omnino
1880 5345 1943 5409 Ed

397 5454 487 5539 Lipa
511 5454 537 5537 ⁸)
560 5458 701 5519 Poloniae
722 5455 787 5520 Ed.
810 5454 901 5540 Lapa.
927 5453 952 5536 ⁷)
976 5457 1104 5534 pellibus
1127 5453 1212 5519 dccet
1233 5455 1271 5518 in
1294 5451 1370 5519 dod.
1395 5450 1484 5520 Calo.
