4152 6270
152 454 435 556 (Α.Ι).1450.)
671 477 784 532 ursana
809 477 1055 532 nuouncmus
1083 457 1196 550 (xm).
1658 462 1705 533 i9

151 663 301 738 libidine
328 663 509 738 barbarica
535 663 764 754 prostitutae,
793 667 856 736 aut
882 663 919 736 iu
947 663 1097 737 aliorum
1124 665 1308 738 transiisse
1336 665 1542 739 concubitus
1571 670 1606 739 ct
1633 687 1704 740 am·

152 785 294 876 plexus.
323 784 521 858 Accedebat
546 783 604 856 his
632 805 766 858 moeror
792 783 932 877 ingens,
962 784 1055 876 qued
1083 802 1180 876 spem
1207 785 1419 859 defensionis
1439 807 1538 876 suae,
1567 791 1629 858 aut
1652 786 1705 859 iu-

152 904 264 978 iuriae
290 904 528 992 ulciscendae,
557 903 701 977 unicum
719 904 757 976 in
775 903 878 978 malis
906 903 1087 994 solatium,
1117 904 1274 978 sciebant
1292 905 1361 979 sibi
1380 890 1596 999 ademptum:
1626 927 1705 981 cum

154 1024 591 1114 adaliadefenserum1)
620 1023 758 1098 animus
791 1045 996 1113 conversus,
1029 1025 1115 1098 haec
1141 1045 1204 1117 pro
1231 1024 1344 1098 nihilo
1377 1027 1534 1117 duceret,
1562 1047 1626 1100 nec
1654 1029 1707 1098 tot

154 1149 189 1219 et
216 1145 327 1218 tantis
355 1145 458 1218 malis
486 1144 705 1236 orbitateque
733 1166 875 1218 suorum
902 1148 1111 1218 moreretur.

152 1500 313 1573 lebannes
335 1500 553 1573 bdrowanscb
576 1501 836 1590 archiepiscopus
859 1499 1080 1589 leopobensis
1104 1501 1139 1571 et
1160 1499 1311 1572 illectans
1338 1500 1512 1572 lassessit
1536 1502 1708 1592 episcopus

682 1621 965 1694 wladislaviensls
987 1621 1176 1693 metuntur.

256 1871 434 1945 Iohannes
462 1872 696 1945 Odrcwansch
723 1870 1008 1963 archiepiscopus
1036 1865 1295 1962 Leopeliensis,
1325 1869 1446 1942 audita
1472 1871 1631 1964 germani
1650 1871 1707 1945 sui

152 1991 251 2065 Petri
278 1991 512 2065 Odrewausch
528 1991 559 2082 2)
587 1997 715 2081 morte,
743 1990 844 2085 gravi
871 1991 989 2064 dolore
1016 1995 1209 2080 contracto,
1245 1988 1439 2082 morituri)
1468 1997 1502 2065 ct
1529 1992 1567 2064 in
1595 1993 1704 2066 eccle.-

152 2112 207 2185 sia
233 2112 457 2204 Leopelieusi
487 2134 557 2184 uon
583 2113 654 2186 uisi
680 2116 761 2204 post
788 2113 875 2185 duos
902 2133 1056 2200 meuses,
1085 2112 1228 2184 obtentu
1256 2111 1324 2184 sibi
1349 2115 1445 2203 (nam
1470 2113 1657 2186 sententiis
1672 2113 1704 2202 4)

151 2233 342 2306 autoritate
370 2233 471 2306 Sedis
499 2233 725 2324 Apostolicae
759 2231 918 2306 irretitus
946 2234 1036 2322 erat)
1064 2228 1301 2322 absolutione,
1338 2231 1525 2324 sepelitur,
1559 2233 1642 2306 dum
1670 2233 1707 2306 in

151 2354 317 2427 cathedra
349 2353 574 2445 Leopelieusi
602 2354 704 2426 anuis
731 2373 839 2445 prope
872 2352 1071 2445 quindecim
1103 2341 1347 2444 praesedisset.
1381 2354 1424 2425 In
1453 2354 1602 2427 ecclesia
1633 2375 1704 2426 ma·

150 2475 218 2548 ieri
254 2459 479 2566 Leopelien‘si
516 2475 676 2566 sepultus
714 2479 779 2548 est.
826 2473 978 2564 Ferial)
1012 2477 1137 2566 quarta
1168 2471 1328 2565 proxima
1358 2477 1440 2566 pest
1472 2475 1601 2547 festum
1637 2474 1705 2547 As·

151 2595 367 2687 sumptionis
396 2595 545 2668 Sanctae
573 2595 763 2684 Mariaess),
793 2615 882 2687 quae
909 2593 978 2666 luit
1004 2615 1095 2667 nona
1123 2589 1340 2686 Septembris
1356 2593 1400 2684 7),
1428 2593 1599 2666 Nicolaus
1620 2595 1706 2667 Las-

151 2715 284 2804 seculi,
314 2716 356 2789 de
380 2715 481 2788 domo
500 2717 660 2810 Dolanga
678 2715 824 2804 nobilis,
853 2715 1038 2808 episcopus
1066 2711 1394 2803 Wladislavieusis,
1423 2713 1584 2787 incuria
1612 2714 1704 2807 epis-

151 2835 313 2928 copaliss)
341 2835 593 2924 Camerinensi,
624 2837 661 2910 in
688 2836 796 2909 Italia
823 2835 860 2908 in
888 2835 1045 2908 blacchia
1072 2835 1309 2924 Anconitana,
1338 2839 1481 2926 propter
1508 2839 1643 2927 pestem
1663 2855 1707 2906 cx

151 2957 248 3030 Urbe
276 2957 434 3029 Romana
462 2977 639 3049 egressus,
668 2958 787 3029 morbo
816 2956 1002 3049 epidimiae
1030 2961 1228 3047 correptus,
1257 2954 1406 3027 moritur
1438 2959 1472 3028 et
1500 2955 1537 3028 in
1556 2955 1706 3029 ecclesia

150 3077 347 3152 cathedrali
381 3076 619 3150 camerinensi
647 3059 836 3150 honorifice
869 3077 1077 3149 tumulatur.
1111 3076 1175 3148 Vir
1207 3076 1314 3150 mirac
1347 3066 1560 3164 industriae,
1590 3081 1625 3149 et
1652 3075 1705 3148 in-

150 3199 248 3290 genii
276 3197 439 3270 sublimis
467 3203 502 3270 et
528 3197 717 3288 praeclari,
747 3197 790 3269 ad
819 3197 934 3269 omnia
961 3197 1118 3289 genituS,
1155 3217 1380 3288 quaecunque
1413 3198 1545 3289 agenda
1572 3197 1705 3270 incum-

152 3319 291 3407 berent,
322 3319 499 3391 doctrinae
527 3323 562 3390 et
588 3317 795 3408 prudentiae
823 3319 938 3390 cultor
964 3317 1193 3408 praecipuus,
1223 3317 1284 3408 qui
1311 3322 1453 3409 propter
1481 3339 1563 3390 suas
1591 3317 1703 3390 virtu-

150 3444 205 3512 tes
235 3445 269 3512 et
296 3439 422 3512 merita
448 3439 485 3510 in
505 3443 578 3510 tote
607 3438 697 3510 Orbe
725 3459 885 3530 magnam
913 3439 1040 3510 famam
1061 3438 1145 3510 adeo
1166 3438 1314 3510 sortitus
1334 3443 1404 3526 est,
1433 3442 1473 3510 ut
1493 3438 1608 3512 simile
1626 3459 1703 3530 ger-

151 3581 230 3632 men
259 3559 297 3630 in
325 3559 426 3630 anuis
454 3559 577 3631 multis
605 3559 752 3631 Polcnia
779 3581 847 3630 nou
866 3559 1072 3650 produxerit
1092 3565 1126 3632 et
1145 3559 1336 3631 difficulter
1361 3560 1408 3631 sit
1427 3563 1554 3650 expcst
1569 3559 1600 3648 9)
1628 3579 1706 3649 pro·

151 3680 317 3752 ductura:
356 3681 417 3752 sed
443 3700 556 3770 neque
580 3680 962 3768 ichlausitarum10)
991 3679 1141 3768 familia,
1171 3700 1282 3770 neque
1300 3679 1338 3751 in
1358 3680 1570 3752 Polouorum
1589 3683 1705 3770 geute,

152 3800 218 3871 sub
246 3801 311 3871 illa
339 3805 453 3872 aetate
481 3805 516 3873 et
543 3805 698 3891 tempore
726 3806 859 3871 tantam
887 3799 1041 3871 indolem
1069 3807 1103 3872 et
1130 3805 1249 3872 tantae
1276 3799 1422 3871 virtutis
1448 3799 1624 3891 specimen
1645 3819 1705 3870 ex-

150 3921 270 3993 titisse
298 3925 332 3993 et
360 3921 502 3993 fulsisse
531 3920 567 3993 in
596 3921 714 4012 aliquo
742 3920 812 3992 alio
841 3940 950 4011 aeque
978 3920 1196 3993 crediderim.

150 4277 367 4349 Praemislms
388 4274 459 4348 llus
481 4275 735 4348 lbesebeeensis
759 4278 901 4348 csstmm
932 4275 1088 4364 Sponsor
1111 4273 1253 4364 episcopi
1276 4271 1500 4347 cracoviensis
1516 4290 1706 4364 expugnare

450 4400 604 4484 conatus,
627 4396 661 4468 in
684 4413 721 4468 se
744 4399 928 4486 turremque
950 4413 1042 4467 suam
1064 4395 1191 4466 bostem
1214 4395 1405 4467 concitauit.

258 4645 364 4718 Feria
391 4644 498 4718 tertia
524 4649 605 4737 post
633 4646 762 4718 festum
791 4643 913 4718 Sancti
931 4642 1129 4732 Francisci,
1158 4643 1394 4716 Praemislaus
1423 4641 1505 4716 Dux
1532 4640 1707 4716 Thosche·

151 4767 268 4842 censis
287 4767 345 4857 ¹¹),
375 4769 584 4859 congregata
611 4766 667 4838 sui
694 4767 851 4839 Ducatus
879 4765 1038 4857 petentia
1065 4765 1185 4854 totali,
1215 4769 1249 4838 et
1276 4764 1474 4856 aliquorum
1492 4764 1706 4856 praedonum

260 4973 284 5052 ¹)
308 4973 471 5034 defensoris
494 4969 556 5034 Ea.
581 4970 671 5055 Lips.
697 4971 721 5050 ²)
744 4971 826 5032 Petri
849 4971 1045 5050 Odrowasch,
1075 4970 1204 5031 Palatini
1229 4971 1448 5048 Leopeliensis,
1478 4989 1532 5046 par
1554 4967 1707 5030 Valaehos

151 5078 241 5138 occisi
265 5073 328 5136 Ed.
354 5073 442 5157 Lips.
469 5074 495 5154 ³)
519 5077 634 5152 etipse
656 5077 778 5136 moritur
800 5071 863 5136 Ed.
888 5072 978 5157 Lips.
997 5071 1024 5150 4)
1040 5075 1194 5134 sententiis
1212 5074 1522 5134 excommunicationis
1539 5070 1601 5134 Ec.
1620 5070 1711 5155 Lips.

153 5177 180 5264 ⁶)
203 5181 295 5240 Foris
318 5183 414 5239 antem
438 5176 500 5239 Ed.
523 5176 613 5261 Lips.
649 5176 676 5256 ὓ)
699 5149 825 5239 §amobe
854 5179 967 5238 Mariae
988 5176 1122 5254 Virginis
1144 5173 1208 5239 Ed.
1237 5173 1327 5259 Lips.
1360 5175 1386 5255 ⁸¹)
1409 5177 1520 5237 mensis
1543 5174 1710 5252 Septembis

150 5281 215 5344 Eo.
247 5279 341 5365 Lips.
376 5281 402 5360 8)
432 5283 462 5341 in
494 5284 619 5343 ecclesia
648 5279 711 5344 Ed.
742 5279 836 5365 Lips.
868 5277 894 5364 ⁹)
924 5286 1029 5358 postea
1058 5277 1121 5341 Ed.
1149 5277 1242 5362 Lips.
1278 5278 1319 5357 ¹⁰)
1341 5279 1607 5354 Dolsugauitsrum
1633 5273 1709 5345 Coc.

151 5385 261 5449 Prsoa.
285 5386 489 5462 Dolauitarum
513 5382 577 5446 Ed.
600 5381 694 5466 Lips.
723 5382 762 5462 ¹¹)
786 5383 987 5445 Teschnensis
1012 5377 1088 5444 Coc.
1111 5379 1220 5449 Przez.
