4046 6278
64 541 129 646 (Α
150 542 195 619 D.
215 505 342 643 1460.)
578 568 690 622 nrnnn
716 568 963 624 nuonnonrus
989 553 1103 643 (nur).
1536 555 1614 630 427*

62 752 250 828 medendus
276 752 544 846 poenitentiam,
573 755 695 830 salvus
722 758 795 830 fiat.
825 755 919 831 Huio
946 758 1198 832 consultationi
1225 763 1261 833 ot
1284 760 1421 834 deoreto
1449 762 1612 856 synodali

61 895 140 948 oum
166 878 201 947 et
227 873 304 968 ipso
331 875 506 949 Iohannes
534 877 749 951 (inesnensis
777 877 1061 971 arehiepisoopus
1088 901 1253 956 assensus
1282 880 1409 956 fuisset
1436 887 1472 957 et
1491 883 1608 958 deoro-

61 1000 135 1068 tum
162 995 358 1088 probasset:
387 996 525 1072 debitae
552 1001 669 1072 tamen
696 998 789 1072 illud
815 999 980 1074 mandare
1007 999 1208 1074 executioni
1234 1001 1491 1094 dissimularit,
1521 1004 1606 1079 faoi·

60 1137 197 1209 nusque
234 1118 445 1192 horrendum
481 1118 643 1194 olerioale
675 1125 710 1196 et
743 1122 944 1196 seandalum
977 1121 1016 1194 in
1043 1143 1108 1195 sua
1134 1122 1268 1196 diooesi
1299 1128 1335 1198 et
1361 1125 1529 1200 Polonioa
1555 1147 1608 1200 eo·

59 1237 181 1326 alesia,
211 1238 276 1312 sub
304 1237 360 1312 sui
386 1239 570 1334 regiminis
597 1244 753 1335 tompore
780 1241 923 1335 impune
948 1242 1103 1336 grassari
1130 1243 1303 1336 permisit.

56 1594 225 1668 tironibus
246 1595 281 1667 in
304 1595 481 1669 submotum
503 1597 673 1670 omnifarie
701 1598 862 1672 imbuam
891 1600 997 1686 mirei,
1024 1599 1153 1674 inritis
1179 1601 1445 1692 inuenturum,
1479 1603 1604 1677 eunom

537 1719 762 1793 manneio
786 1720 950 1810 exeeptis,
972 1723 1122 1810 pereunt.

155 1966 340 2042 Februarii
359 1966 386 2056 ¹)
418 1967 532 2061 prima
564 1968 636 2059 die,
674 1970 971 2062 obsequentibus
1008 1960 1148 2060 diebus,
1185 1969 1431 2046 Lironitarum
1467 1977 1603 2066 gentes,

55 2107 142 2181 qnae
171 2088 473 2183 septingentorum
505 2089 664 2182 equitum
696 2094 731 2164 et
757 2089 916 2182 peditum
948 2075 1139 2184 explebant
1170 2113 1369 2182 numerum,
1402 2115 1465 2186 per
1492 2094 1603 2189 Magi·

54 2213 165 2283 strum
192 2209 361 2284 Livoniee
396 2210 588 2284 Iohannem
615 2211 657 2284 de
683 2210 895 2305 Myengoeb
931 2212 1065 2286 dietum
1102 2211 1256 2302 Oethom
1295 2215 1497 2307 expeditae,
1530 2220 1600 2290 ter·

53 2331 155 2404 rostri
188 2309 331 2418 itinere,
370 2330 534 2423 quoniam
565 2331 686 2405 nauali
718 2331 822 2422 mari,
861 2332 978 2407 ventis
1006 2338 1042 2406 et
1068 2332 1182 2408 hieme
1216 2333 1504 2427 prohibentibus,
1532 2357 1603 2410 non

53 2455 229 2544 poterant,
259 2450 522 2545 Samagittiom,
551 2451 678 2526 exinde
705 2452 886 2527 Prussiam
914 2453 1130 2528 transiturae
1148 2459 1184 2528 et
1202 2455 1356 2530 obsessis
1383 2456 1477 2548 apud
1504 2457 1602 2532 Star-

51 2571 134 2664 gard
163 2569 377 2661 solutioni)
405 2571 556 2660 laturae,
585 2571 789 2646 adveniunt.
819 2573 1035 2668 Samagittae
1058 2579 1176 2650 autem
1195 2596 1314 2650 eorum
1333 2577 1487 2652 aduentu
1506 2599 1598 2652 oom-
1689 2639 1694 2644 .

51 2697 164 2784 porto,
204 2693 247 2766 de
274 2713 343 2784 quo
370 2691 501 2764 dudum
528 2695 628 2766 erent
654 2693 790 2766 nuntiis
817 2699 853 2768 ot
880 2694 996 2770 literis
1023 2697 1198 2772 Karimiri
1225 2698 1393 2772 Poloniae
1424 2699 1534 2793 Regis
1566 2704 1602 2774 et

52 2813 168 2907 Magni
196 2812 305 2887 Duois
332 2811 545 2886 Lithueniae
571 2813 717 2902 arisati,
740 2817 862 2888 eontra
879 2815 963 2890 illas
982 2817 1130 2911 egressi,
1158 2818 1255 2911 ipsas
1273 2818 1397 2894 inoisis
1416 2819 1600 2895 arboribus

51 2932 338 3026 obeumsepiunt,
368 2937 403 3008 ot
428 2933 592 3025 pluribus
624 2933 748 3008 diebus
780 2935 864 3009 illas
897 2919 1129 3012 observabant
1155 2937 1328 3030 inolusas‚
1358 2941 1467 3016 donee
1494 2941 1599 3015 Livo-

51 3053 142 3128 nitae
170 3055 261 3128 famo
288 3053 497 3143 exaruoiati‚
527 3073 650 3128 versus
678 3075 773 3128 mare
799 3057 1040 3148 proroderent,
1068 3058 1131 3134 ubi
1149 3059 1187 3134 in
1205 3061 1341 3151 foveas,
1362 3081 1449 3154 quas
1467 3061 1600 3136 dudum

50 3179 127 3248 ante
155 3173 373 3268 Samagittae
400 3173 590 3248 effoderant
616 3179 653 3250 ot
676 3177 861 3251 sarmentis
880 3182 1124 3270 mutarerunt,
1144 3181 1313 3284 osdendo,
1333 3180 1371 3254 in
1390 3203 1514 3256 manus
1534 3183 1596 3258 Sa·

49 3295 273 3390 magittarum
300 3294 376 3369 sine
403 3294 536 3386 praelio
564 3299 600 3370 et
625 3296 737 3371 Marte
764 3297 839 3371 rivi
866 3299 1042 3374 venirent:
1071 3321 1159 3393 quos
1186 3322 1321 3393 omnes,
1349 3306 1489 3396 praeter
1511 3303 1599 3378 duos

49 3416 287 3490 tantummodo
306 3414 401 3490 ritae
418 3420 633 3507 reservatos,
660 3438 747 3511 gens
766 3418 997 3513 Samagittioa
1015 3421 1170 3510 uenerit,
1198 3421 1322 3514 spoliis
1342 3443 1477 3512 eorum,
1497 3424 1598 3518 equis

49 3542 81 3611 et
97 3537 262 3630 pluribus
281 3535 632 3629 oonoupisoibilibus‚
661 3537 787 3631 pot'te.
816 3539 951 3615 Gaeteri
970 3561 1052 3616 vero
1076 3542 1139 3635 qui
1157 3543 1335 3618 fovearum
1353 3545 1498 3636 laqueos
1516 3566 1596 3619 era·

49 3662 180 3748 serant,
215 3657 298 3731 dum
329 3655 485 3748 aridius,
519 3661 667 3733 mortem
698 3659 855 3750 evasuri,
890 3661 1022 3751 laeum,
1056 3682 1158 3755 quom
1190 3663 1320 3737 fluvius
1352 3664 1529 3740 misoendo
1558 3686 1596 3742 se

47 3778 203 3872 aequori,
233 3776 388 3867 oonfioit,
415 3777 530 3870 glaeie
557 3783 642 3853 tuno
667 3780 841 3873 gelatum,
870 3781 1051 3857 transilire
1077 3788 1281 3877 properant,
1310 3785 1491 3878 glaeiebns
1522 3786 1593 3860 dis·

46 3899 158 3992 rnptis
187 3898 427 3972 absorbentur.
456 3897 641 3974 Relatione
669 3903 786 3975 autem
813 3901 960 3976 duorum
978 3905 1215 3996 praefatorum
1233 3905 1452 3997 eaptirorum
1470 3927 1515 3980 ex
1532 3907 1592 3981 Li·

46 4020 162 4110 vonia,
203 4019 396 4094 inbioatum
410 4019 454 4108 ⁴),
492 4021 584 4112 quod
619 4022 725 4114 paulo
762 4026 949 4116 antequam
985 4025 1071 4098 baso
1097 4025 1216 4099 olades
1243 4025 1479 4121 emungeret,
1507 4048 1592 4120 qua-

45 4140 207 4234 draginta
232 4160 357 4230 naves,
395 4160 484 4233 quae
511 4141 686 4215 militibus
714 4163 759 4217 ex
785 4144 908 4218 Rheno
936 4149 1084 4219 onustae
1115 4144 1303 4230 Ornoiferis
1329 4146 1368 4221 in
1395 4147 1592 4222 subsidium

45 4261 225 4336 Prussiam
240 4260 271 4353 ὅ)
298 4267 556 4354 processerant,
585 4262 622 4336 ri
648 4265 870 4357 tempestatis
897 4265 1109 4356 eonfraotee‚
1138 4265 1330 4359 perierunt

150 4551 176 4640 ¹)
199 4555 355 4618 Februarii
376 4556 486 4619 mensis
509 4551 575 4617 Ee.
600 4553 693 4639 Lips.
718 4554 744 4636 ²)
767 4557 805 4618 de
827 4557 974 4636 Menyede
988 4553 1051 4619 Ed.
1067 4555 1157 4641 Lipo.
1173 4556 1334 4638 (Mengdon
1349 4557 1446 4621 dietus
1462 4559 1592 4640 Ostbof).

45 4657 234 4737 ³)anxiiinm
255 4655 319 4721 Ed.
341 4655 433 4742 Ia'pe.
464 4656 490 4739 ⁴)
514 4659 676 4722 indioatnm
699 4663 745 4722 ost
767 4657 832 4722 Ed.
854 4657 947 4746 Lipe.
979 4658 1004 4740 ⁵)
1028 4661 1161 4725 subsidio
1192 4661 1353 4726 cruciferis
1382 4663 1413 4724 in
1439 4664 1591 4726 Prnesiam

44 4757 106 4826 Ed.
128 4759 223 4849 Lipe.
