4264 6280
206 565 486 668 (Α.ῠ.1445.)
721 595 834 648 urnas
860 597 1105 648 ouooscrmus
1133 579 1247 668 (xrrr).
1735 585 1756 653 9

204 775 330 848 castris
358 777 586 868 castellisque
613 779 787 866 exuisset,
816 779 853 851 in
882 801 957 853 eam
985 783 1127 869 lamam,
1163 804 1231 854 non
1266 783 1334 854 sibi
1362 785 1492 872 solum,
1526 787 1585 857 sed
1614 791 1648 859 ot
1676 788 1755 876 tibi,

204 895 407 987 Regnisque
435 901 470 969 ot
497 897 671 970 Dominiis
705 899 779 970 suis
811 900 961 988 nativis,
996 901 1191 991 quaesitam
1225 909 1398 992 eraserat,
1432 911 1473 975 ut
1505 905 1640 978 reditus
1670 929 1755 979 suus

204 1037 248 1088 ex
275 1016 483 1108 triumphali
510 1018 621 1106 bello,
651 1018 805 1090 omnium
834 1020 903 1091 fere
931 1021 1066 1112 Regum
1094 1021 1229 1093 nuntiis
1259 1028 1293 1094 et
1320 1023 1523 1096 munoribus
1551 1027 1756 1113 honoratus

203 1137 288 1209 udoo
315 1137 508 1210 terribilem
537 1159 613 1214 eum
644 1143 679 1210 et
697 1139 868 1229 inclytum
896 1139 933 1210 in
952 1145 1141 1231 conspectu
1169 1141 1270 1213 Orbis
1298 1143 1454 1215 universi
1483 1145 1620 1233 fecerit,
1649 1151 1690 1217 ut
1723 1153 1758 1218 et

204 1257 395 1330 ‘lurcorum
422 1259 633 1350 Imperator,
664 1259 755 1351 quod
784 1264 938 1331 monstro
966 1281 1030 1352 par
1056 1261 1172 1332 risum
1201 1267 1271 1351 est,
1300 1283 1419 1353 pacem
1438 1264 1480 1336 ab
1500 1285 1538 1338 eo
1559 1265 1757 1356 quaesitam

205 1378 249 1450 ad
276 1377 481 1451 decennium
510 1378 641 1450 firmari
669 1379 847 1466 obtinens,
882 1381 1007 1452 castris
1040 1381 1260 1468 fortissimis,
1290 1404 1309 1454 a
1337 1383 1496 1456 ducentis
1525 1385 1626 1456 annis
1655 1407 1755 1458 occu·

203 1497 313 1588 patis,
342 1497 380 1570 in
407 1499 600 1589 praemium
628 1500 737 1590 datae
765 1501 878 1592 pacis,
913 1502 1105 1574 excesserit
1143 1507 1178 1575 et
1205 1503 1379 1575 notabiles
1412 1504 1571 1594 captivos
1600 1527 1620 1576 a
1647 1505 1756 1578 sorvi-

204 1621 280 1690 tute
306 1617 492 1690 dimiserit.
523 1618 596 1710 Quo
624 1621 682 1693 rol
710 1643 795 1708 uno,
825 1623 930 1708 lama,
960 1622 1118 1712 potentia
1151 1627 1256 1713 atquo
1293 1622 1417 1714 opibus
1448 1628 1588 1712 auotuS,
1618 1625 1755 1698 Princi-

203 1758 282 1828 pem
309 1738 347 1812 in
375 1737 481 1828 Orbe,
511 1739 541 1810 si
570 1739 851 1814 consiliariorum
878 1741 993 1834 Regni
1020 1742 1186 1815 Poloniao
1215 1747 1357 1814 secutus
1381 1747 1474 1816 esset
1493 1745 1656 1833 consilia,
1687 1767 1757 1816 non

204 1860 347 1932 haberet
374 1858 576 1933 secundum.
607 1860 735 1933 Verum
763 1864 883 1932 contra
912 1861 1032 1933 foedus
1061 1883 1139 1934 cum
1167 1863 1290 1934 Turcis
1318 1863 1443 1950 ictum,
1474 1868 1640 1936 temerato
1661 1865 1755 1936 iuru-

204 1985 319 2054 mento
348 1980 390 2054 de
418 1981 636 2054 observanda
658 2001 742 2072 pace
761 1981 947 2072 praestito,
977 1982 1152 2054 obauditis
1173 1983 1307 2073 patriae
1328 1983 1503 2072 consiliis,
1532 1984 1756 2075 expeditione

204 2101 355 2174 secunda
382 2106 503 2174 contra
530 2103 661 2173 Turoos
689 2101 902 2189 instaurata,
931 2101 968 2172 in
988 2101 1113 2194 uigilia
1132 2101 1252 2174 Sancti
1272 2101 1416 2174 Martini
1435 2123 1512 2174 cum
1532 2104 1655 2176 Turcis
1674 2126 1754 2177 con·

203 2243 361 2314 gressus,
390 2221 475 2294 licet
501 2221 672 2312 plurimas
701 2242 819 2293 eorum
848 2220 965 2312 copias
999 2221 1212 2294 decernendo
1246 2221 1391 2310 fuderit,
1420 2222 1463 2294 ab
1492 2223 1671 2316 Hungaris
1700 2229 1752 2296 ta-

203 2362 297 2429 rnen,
336 2341 518 2430 Valachis,
555 2340 758 2429 Roscianis,
798 2340 964 2429 Albanis,
1003 2343 1219 2432 caueterisque
1251 2342 1454 2414 nationibus
1488 2343 1544 2414 sui
1577 2344 1754 2416 exercitus

203 2463 378 2551 desertus·
399 2461 561 2535 credatur
580 2462 623 2533 ab
642 2461 805 2534 hostibus
824 2466 964 2552 captus,
994 2466 1055 2533 aut
1084 2462 1218 2534 occisus
1238 2463 1277 2551 1).
1309 2462 1418 2553 Quam
1446 2464 1656 2554 novitatem,
1685 2487 1755 2537 non

202 2583 302 2656 nobis
331 2584 465 2670 solum,
495 2583 556 2654 sed
583 2581 747 2654 universo
776 2581 859 2654 Orbi
886 2582 1087 2674 lugubrem,
1117 2581 1306 2655 Serenitati
1335 2591 1415 2655 tuae
1435 2583 1554 2656 crebro
1573 2585 1752 2658 nuntiari·

203 2725 296 2791 mus,
326 2707 361 2776 et
387 2709 429 2774 ut
456 2702 635 2776 Samnitas
663 2708 725 2774 tua
751 2702 788 2774 in
816 2703 998 2774 Poloniam
1027 2702 1178 2790 reniret,
1212 2708 1248 2776 et
1275 2704 1316 2775 de
1349 2708 1446 2774 statu
1482 2705 1595 2796 Regni
1627 2705 1664 2776 in
1693 2705 1752 2779 ab·

203 2823 317 2895 sentia
346 2823 465 2895 fratris
498 2821 708 2914 provideret.
738 2823 933 2894 Serenitate
950 2820 980 2910 2)
1009 2826 1070 2893 tua
1094 2823 1282 2894 adrentum
1307 2823 1504 2912 differente,
1533 2825 1569 2896 in
1602 2845 1751 2898 conven-

203 2942 298 3015 tione
318 2943 354 3015 in
375 2943 512 3015 Siradia
531 2943 721 3031 celebrata,
751 2942 898 3014 attentis
917 2943 1111 3014 uirtutibus
1131 2943 1278 3016 celebris
1298 2945 1482 3016 memoriae
1510 2945 1665 3035 parentis
1686 2946 1750 3034 tui,

203 3072 237 3136 et
257 3063 464 3136 clarissimis
492 3062 699 3155 triumphis,
728 3063 804 3136 eius
831 3063 1016 3154 auspiciis,
1044 3085 1106 3154 por
1132 3084 1196 3134 uos
1224 3063 1363 3152 rolatiS,
1391 3074 1426 3136 te
1444 3063 1481 3135 in
1501 3064 1619 3136 fratris
1639 3065 1753 3136 locum

202 3184 372 3276 elegimus
399 3190 643 3276 regnaturum,
673 3189 708 3256 et
726 3183 865 3256 nomine
885 3183 995 3254 totius
1024 3184 1137 3275 Regni
1157 3183 1323 3256 Poloniae
1342 3183 1518 3273 venimus,
1548 3189 1582 3258 et
1610 3185 1751 3258 electio·

200 3325 279 3376 nem
307 3304 349 3376 de
377 3309 411 3377 te
440 3306 566 3376 iactam
594 3307 674 3376 tuae
703 3303 895 3376 Serenitati
923 3303 1143 3374 insinuamus
1172 3309 1207 3375 et
1234 3303 1472 3395 publicamus,
1501 3315 1680 3396 roganteS,
1709 3311 1750 3377 ut

200 3430 262 3496 lua
294 3422 519 3512 Seremus-³)
547 3445 609 3516 pro
641 3423 697 3496 die
730 3423 911 3496 Dominico
946 3429 1026 3496 unte
1059 3426 1188 3496 festum
1223 3423 1345 3496 Sancti
1377 3423 1534 3512 Nicolai,
1564 3424 1601 3496 in
1629 3425 1751 3498 Oruco-

201 3546 357 3618 riensem
384 3545 523 3632 urbem,
552 3545 589 3616 in
618 3566 686 3636 qua
713 3545 880 3616 Poloniae
899 3544 1012 3635 Reges
1038 3544 1193 3616 coronari
1218 3549 1490 3632 consueverunt,
1520 3545 1753 3634 personaliter

200 3666 365 3738 advenire
392 3665 564 3756 digneris,
593 3665 753 3738 diadema
781 3669 816 3738 et
842 3665 1043 3737 unctionem
1075 3667 1228 3758 regalem
1258 3665 1300 3738 de
1329 3687 1435 3736 manu
1467 3665 1672 3756 pontificum
1700 3687 1753 3738 re·

200 3793 377 3878 cepturus.
407 3785 451 3857 In
478 3786 543 3858 hac
570 3791 686 3858 autem
714 3806 751 3857 re
780 3790 841 3856 tua
870 3785 1046 3858 Serenitas
1080 3807 1216 3856 omnem
1249 3785 1469 3874 dilationem,
1504 3786 1602 3857 uelut
1629 3785 1750 3876 Regno

199 3907 367 3981 Poloniae
398 3904 644 3996 perniciosam,
678 3905 871 3993 rescindat,
905 3911 940 3978 ot
972 3927 1036 3977 nos
1069 3927 1147 3978 cum
1180 3906 1278 3977 finali
1307 3911 1342 3977 et
1370 3910 1463 3978 certo
1496 3927 1662 3996 responso
1695 3929 1749 3979 re-

200 4027 331 4100 mittat.
360 4025 444 4098 Oum
473 4025 558 4114 eo⁴)
585 4029 746 4116 respectu
774 4025 984 4118 legationem
1012 4027 1101 4100 hano
1133 4027 1177 4098 ad
1201 4031 1235 4100 tc
1264 4025 1463 4117 prolerre5)
1491 4026 1581 4098 iussi
1615 4048 1748 4112 sumac,

199 4153 240 4219 ut
267 4147 414 4219 maiores
444 4145 563 4217 ordine
591 4153 745 4236 natuque
772 4146 815 4216 ad
844 4150 877 4216 te
905 4166 1010 4236 super
1038 4147 1102 4218 huc
1121 4167 1157 4218 re
1176 4151 1342 4218 venturos
1371 4145 1514 4218 minime
1542 4168 1672 4236 speres.
1703 4147 1750 4218 To

199 4267 293 4341 onim
325 4265 585 4352 dissimulante,
621 4271 801 4357 cogeretur
834 4267 993 4358 Regnum
1032 4266 1074 4337 de
1106 4266 1221 4355 atior)
1258 4267 1370 4358 Rege,
1404 4287 1446 4338 ne
1479 4267 1683 4357 prolabatur
1714 4265 1750 4337 in

198 4387 297 4460 varia
324 4385 539 4458 divisionum
566 4390 737 4474 monstra,
767 4386 962 4477 providere.
991 4386 1066 4458 Nec
1094 4387 1325 4458 Serenitatem
1354 4391 1450 4456 tuam
1475 4387 1517 4458 ab
1538 4385 1749 4477 acceptando

198 4509 320 4600 Regno
352 4505 520 4578 Poloniae
552 4527 631 4596 spes
664 4527 754 4577 rana
786 4507 880 4578 ritae
909 4506 1099 4578 Wladislai
1127 4506 1235 4598 Regis
1262 4507 1439 4578 retrahat:
1474 4527 1572 4578 nemo
1607 4505 1747 4596 quidem

198 4633 268 4715 est,
298 4627 358 4718 qui
385 4626 494 4698 altius
523 4647 626 4717 quam
654 4648 733 4715 nos,
763 4627 872 4699 vitam
901 4648 999 4698 suam
1028 4627 1226 4718 expetimus
1255 4631 1289 4699 et
1317 4627 1550 4718 suspiramus,
1580 4627 1679 4698 relut
1697 4625 1748 4712 hi,

198 4747 327 4840 quibus
355 4767 447 4818 mors
476 4767 539 4817 sua
567 4751 708 4818 estnon
727 4748 841 4818 solum
860 4748 999 4836 acerba,
1029 4747 1216 4819 sedetiam
1236 4747 1514 4819 damnosissima.
1544 4746 1613 4818 Sed
1632 4750 1747 4817 trans-

197 4869 288 4942 actio
317 4867 400 4939 anni
415 4866 446 4956 7)
474 4865 619 4958 integri,
649 4887 716 4958 quo
745 4888 844 4940 nemo
864 4868 958 4940 ritae
978 4889 1061 4940 suae
1081 4872 1256 4959 spectator
1275 4868 1455 4959 apparuit,
1477 4888 1539 4938 nos
1559 4887 1637 4940 euru
1657 4887 1746 4938 mor·

305 5159 328 5241 ¹)
352 5161 499 5239 desertus,
522 5161 560 5220 ab
582 5159 716 5219 hostibus
747 5163 865 5237 captus,
895 5164 947 5218 aut
976 5159 1091 5219 occisus
1122 5163 1175 5218 est.
1206 5155 1268 5218 Ea.
1292 5155 1382 5240 Lipa.
1415 5153 1441 5241 ²)
1465 5156 1630 5218 Serenitate
1651 5159 1750 5215 autem

197 5261 260 5324 Ea.
280 5260 371 5346 Lips.
388 5261 414 5338 ⁸)
430 5269 571 5339 rogantes
586 5263 780 5322 Serenitatem
795 5267 891 5340 tuam,
911 5266 945 5322 ut
958 5259 1022 5323 Ed.
1046 5259 1136 5344 Lips.
1162 5259 1189 5340 4)
1212 5261 1285 5321 Cum
1301 5280 1336 5321 eo
1352 5262 1429 5321 enim
1444 5258 1508 5321 Ed.
1527 5256 1616 5341 Lips.
1642 5257 1668 5338 ὅ)
1685 5279 1750 5335 per-

195 5368 274 5427 ferre
296 5363 361 5429 Ed.
384 5363 476 5449 Lips.
501 5364 527 5446 ὓ)
551 5366 588 5426 de
610 5367 668 5426 alio
692 5367 749 5426 sibi
771 5362 835 5426 Ed.
859 5361 949 5447 Lips.
975 5363 1000 5445 ⁷)
1023 5366 1118 5441 Regni
1143 5359 1218 5426 Coc.
1241 5361 1351 5426 Przez.

221 5637 418 5690 mascellinus.
433 5637 512 5678 Polou.
526 5636 551 5680 Τ.
566 5637 593 5678 V.
