4082 6284
386 575 462 658 298
896 601 1010 656 muna
1035 599 1281 656 noonucnrus
1309 583 1422 673 (xm).
1448 695 1450 698 Ι
1659 549 1940 681 (11111159.)1

386 790 493 864 tiliois
512 791 570 863 Pii
598 791 714 882 Papae
741 789 886 877 Nuntii,
916 789 1082 862 videlicet
1109 789 1344 880 Hieronymus
1371 787 1546 861 Cretensis
1574 788 1873 881 archiepiscopus,
1902 795 1935 861 et

387 911 597 984 Franciscus
624 912 850 984 Decretorum
879 911 1023 998 Ductor,
1052 909 1193 981 natione
1220 909 1419 999 Hispanus,
1449 909 1486 980 iu
1514 910 1666 981 fauorem
1691 908 1934 999 Gircilronis1]

386 1031 575 1104 Bobemiae
607 1031 716 1124 Regis
748 1031 864 1119 missi,
898 1029 1165 1102 Wratislaviem
1198 1029 1406 1117 adveniunt,
1439 1029 1718 1120 persuadentque
1746 1029 1935 1101 Wratisla·

386 1151 585 1240 aiensibus,
619 1151 842 1224 (tircikonom
857 1149 888 1240 ²)
917 1151 1047 1242 Regem
1083 1149 1271 1222 Bohemiae
1302 1150 1420 1241 Papae
1452 1149 1668 1222 obedientem
1697 1151 1785 1238 fore,
1815 1155 1852 1222 et
1877 1170 1937 1241 pro

387 1271 539 1344 unienda
558 1271 743 1360 Bobemia,
772 1270 1023 1362 eliciendisque
1041 1269 1231 1358 erroribus,
1252 1271 1426 1342 intentum
1447 1291 1540 1358 esse,
1569 1290 1633 1342 nec
1651 1269 1853 1362 indignum,
1883 1270 1938 1341 cui

387 1392 601 1480 obedientia,
630 1393 729 1466 uelut
755 1391 845 1484 Regi
878 1391 1155 1463 communionem
1187 1390 1355 1462 ecclesiae
1388 1390 1581 1463 catholicae
1612 1390 1775 1477 habenti,
1814 1389 1859 1461 ab
1888 1389 1936 1460 eis

387 1517 598 1603 praestetur.
635 1512 948 1584 Wratislauienses
978 1511 1076 1602 pacis
1104 1511 1215 1599 avidi,
1244 1510 1502 1583 conditionibus
1531 1511 1728 1598 nonnullis,
1756 1531 1801 1582 ue
1822 1531 1938 1582 eorum

387 1633 534 1704 rebellio
562 1654 715 1724 unquam
744 1633 794 1705 eis
822 1633 1031 1704 detrimento
1060 1632 1164 1719 foret,
1193 1635 1228 1703 et
1246 1652 1289 1703 ne
1308 1631 1512 1722 capitaneus
1531 1631 1625 1718 illis,
1650 1652 1753 1721 quem
1771 1652 1843 1701 non
1862 1651 1938 1720 pro-

387 1752 526 1841 barent,
556 1752 844 1840 constitueretur,
873 1751 1061 1843 appositis,
1081 1750 1118 1822 in
1138 1750 1338 1823 Giruikonis
1354 1748 1384 1840 ³)
1413 1749 1661 1837 obedientiam,
1683 1751 1828 1823 obtenta
1847 1753 1937 1822 treu-

387 1893 433 1965 ga
447 1874 478 1960 4)
505 1873 543 1944 iu
570 1873 777 1960 triennium,
802 1873 833 1943 si
853 1871 1075 1946 Gircikouem
1091 1870 1121 1958 5)
1150 1870 1291 1944 interim
1319 1871 1456 1943 fidelem
1477 1875 1512 1942 et
1530 1871 1741 1942 catholicum
1761 1891 1841 1942 esse
1861 1891 1938 1942 con·

389 1992 538 2081 stiterit,
569 1993 772 2064 obtuleruut
799 2014 836 2064 se
865 1992 992 2080 ituros,
1022 1991 1109 2062 satis
1137 1991 1354 2063 industriosa
1376 1991 1432 2062 usi
1453 1991 1612 2078 solertia,
1644 1991 1809 2083 quoniam
1830 2011 1939 2081 neque

388 2113 562 2186 haeretico
591 2113 681 2204 Regi
709 2113 848 2185 obedire
867 2118 1008 2184 cautum
1026 2112 1209 2190 rebantur,
1238 2132 1350 2202 neque
1368 2111 1534 2184 reluctari
1554 2111 1629 2182 sine
1647 2111 1824 2202 periculo,
1844 2115 1938 2201 post·

389 2254 493 2324 quam
520 2233 724 2305 universum
752 2235 914 2326 Regnum
941 2232 1145 2318 Bobeniae,
1177 2231 1310 2322 singuli
1340 2252 1477 2323 quoque
1497 2232 1631 2304 Stesiae
1650 2232 1764 2304 Duces
1785 2232 1823 2302 in
1844 2253 1938 2303 suam

324 2369 327 2375 ·
390 2352 624 2426 obedientiam
652 2353 919 2426 concessissent.

390 2706 550 2778 desinire
572 2705 659 2796 llege
682 2707 931 2779 conventionem
960 2707 1144 2796 generalem
1166 2707 1200 2778 111
1222 2707 1396 2796 l’potrkou
1427 2709 1563 2796 13111111,
1593 2707 1714 2794 uiginti
1737 2724 1781 2776 ex
1803 2705 1941 2776 Primou-

389 2828 450 2898 1111
473 2827 515 2899 11
537 2829 712 2899 tractanda
735 2829 863 2917 publice
884 2829 1019 2917 negotia
1041 2828 1175 2914 delecti,
1199 2828 1253 2917 qui
1277 2830 1312 2898 et
1335 2827 1452 2915 Regem
1474 2829 1666 2916 carpserant
1682 2830 1717 2897 et
1733 2827 1941 2898 contributio

694 2967 768 3020 11111
791 2967 848 3038 pro
871 2949 1034 3020 solutione
1058 2949 1215 3037 stipendii
1237 2948 1389 3018 militaris
1410 2947 1637 3019 instituerent.

497 3196 540 3269 ln
568 3197 656 3268 feste
684 3195 805 3269 Sancti
832 3195 973 3268 Nicolai
1006 3194 1230 3282 contessoris,
1266 3193 1439 3287 generalis
1472 3193 1656 3266 consentio
1689 3193 1727 3265 in
1755 3193 1942 3284 Ppotrkou

393 3316 514 3390 habita
542 3321 607 3389 est.
644 3316 689 3388 Iu
721 3338 824 3408 quam
857 3337 936 3388 cum
963 3316 1165 3388 Kauimirus
1194 3316 1271 3388 Rex
1301 3315 1468 3386 Poloniae
1495 3335 1572 3387 cum
1601 3313 1778 3405 trequenti
1801 3313 1942 3386 Praela-

393 3441 508 3508 torum
536 3440 571 3507 et
599 3423 765 3507 baronum
793 3457 936 3509 numero
960 3436 1178 3523 advenisset,
1207 3435 1337 3527 uiginti
1357 3455 1523 3526 personas
1542 3455 1587 3506 ex
1606 3433 1827 3506 Primoribus
1847 3435 1942 3526 eligi,

394 3557 454 3648 qui
483 3557 629 3628 caeteris
660 3557 820 3628 omnibus
854 3557 1023 3642 exclusis,
1058 3576 1113 3627 res
1145 3555 1305 3646 publicas
1339 3558 1530 3626 tractarent
1557 3559 1592 3626 et
1620 3553 1839 3640 stabilirent,
1868 3555 1942 3644 pla·

394 3677 479 3748 cuit.
508 3677 565 3748 Ibi
591 3676 744 3767 primum
772 3676 974 3748 Kauimirus
1002 3675 1197 3764 11111111
1226 3675 1406 3746 duodecim
1434 3673 1612 3760 articulis,
1642 3674 1772 3764 quibus
1800 3675 1853 3746 rei
1881 3697 1943 3764 pu-

392 3798 506 3869 blicae
543 3801 660 3888 partes
692 3797 942 3888 pessundabat,
977 3801 1123 3888 argutus
1157 3800 1225 3867 est:
1260 3795 1320 3886 quui
1348 3793 1397 3866 ad
1419 3794 1576 3885 singulos
1608 3793 1832 3866 conuenienti
1864 3795 1943 3865 dato

393 3938 575 4008 responso,
606 3938 642 3988 se
662 3917 856 3988 decaetero
880 3938 948 3987 non
976 3916 1018 3987 ab
1046 3917 1101 3988 his
1130 3917 1259 4002 solum,
1290 3915 1350 3986 sed
1369 3919 1403 3985 et
1423 3915 1503 3985 aliis
1524 3913 1790 4004 quibuscunque
1809 3915 1861 3987 rei
1879 3936 1942 4005 pu·

393 4031 506 4109 blicae
532 4036 721 4128 perniciem
745 4036 987 4123 afferentibus,
1017 4041 1290 4127 temperaturum
1315 4035 1512 4126 spopondit.
1541 4034 1597 4104 Ad
1615 4034 1872 4125 prouidendum
1890 4055 1942 4106 re·

393 4157 460 4228 bus
488 4157 728 4245 Protheniois,
758 4177 846 4248 quae
874 4177 912 4228 eo
940 4178 1030 4228 anno
1058 4179 1077 4228 a
1105 4156 1278 4228 militibus
1306 4156 1412 4248 regiis
1432 4175 1596 4247 prospere
1623 4154 1736 4246 magis
1755 4176 1861 4246 quam
1880 4177 1942 4226 un-

395 4297 499 4368 quam
537 4283 656 4368 gestae
693 4281 792 4364 1111,
829 4277 968 4368 gabello
984 4277 1014 4364 ⁷)
1042 4277 1292 4348 mercatoribus
1330 4280 1364 4348 et
1400 4275 1570 4362 ciuibus,
1591 4274 1810 4366 caeterisque
1849 4277 1945 4348 lucra

396 4397 628 4485 sectantibus,
659 4397 695 4468 iu
719 4418 848 4467 aunum
876 4397 1115 4467 tantummodo
1135 4395 1315 4487 imposita,
1345 4397 1496 4467 fertones
1521 4415 1563 4468 ex
1584 4395 1735 4487 singulis
1754 4396 1868 4468 laneis
1887 4395 1943 4468 de-

395 4517 499 4605 creti,
528 4522 563 4588 et
591 4522 713 4588 octaua
740 4539 820 4607 pars
849 4536 1016 4588 censuum
1044 4516 1133 4607 Regi
1160 4537 1222 4607 pro
1251 4515 1429 4587 solvendis
1458 4514 1714 4605 stipendiariis,
1743 4537 1807 4607 per
1836 4517 1941 4588 eccle-

397 4637 558 4709 siasticos
582 4641 615 4708 et
635 4637 829 4709 saeculares
858 4635 1041 4727 promissa.
1071 4636 1144 4726 Quo
1165 4636 1304 4727 quidem
1323 4635 1460 4707 decreto
1480 4635 1588 4706 animi
1607 4635 1762 4707 omnium
1782 4637 1819 4708 iu
1838 4636 1940 4708 Prus-

396 4757 449 4829 sia
476 4756 707 4828 militantium
736 4757 819 4830 adeo
848 4755 1038 4828 exhilarati
1066 4761 1173 4843 suut,
1192 4761 1233 4826 ut
1252 4756 1289 4827 in
1308 4777 1405 4846 spem
1424 4757 1561 4828 futurae
1582 4755 1788 4845 solutionis,
1813 4759 1849 4828 et
1866 4777 1940 4847 pro-

394 4881 578 4968 rogatores
597 4897 633 4948 se
653 4876 820 4948 terminos
844 4876 981 4949 emeriti
1011 4875 1193 4966 stipendii,
1224 4880 1258 4948 et
1286 4875 1460 4974 vivacius,
1481 4897 1549 4966 quo
1568 4880 1727 4966 possent,
1748 4875 1940 4949 decaetero

396 4997 611 5069 militaturos
639 4997 733 5069 ultro
763 4996 936 5070 offerrent.

395 5309 399 5316 ·
504 5269 529 5350 ¹)
552 5272 673 5348 Georgii
696 5268 758 5333 Ec.
787 5269 875 5353 Lips.
903 5267 929 5350 Ω)
954 5271 1114 5349 Georgium
1138 5268 1201 5334 bc.
1227 5265 1319 5354 Lipe.
1344 5269 1370 5350 ³)
1395 5269 1515 5349 Georgii
1538 5265 1602 5334 Ed.
1626 5265 1719 5354 Lipe.
1745 5271 1771 5352 ⁴)
1795 5291 1864 5350 paee
1877 5265 1938 5332 Ed.

397 5367 487 5460 Lipe.
513 5367 538 5452 ⁵)
562 5367 721 5450 Georgium
745 5371 808 5434 Ed.
833 5371 926 5455 Lipe.
951 5371 977 5454 ⁶)
1001 5376 1142 5440 Poloniae
1164 5375 1228 5436 Rex
1250 5371 1314 5434 Ec.
1338 5371 1428 5456 Lipc.
1454 5373 1479 5452 ⁷)
1503 5377 1662 5452 uectigalia
1684 5372 1746 5438 Ed.
1771 5373 1857 5458 Lipt.
