4152 6270
413 536 486 610 106
919 555 1033 610 66666
1059 554 1304 608 6666666666
1332 537 1446 626 (arn).
1683 531 1957 632 (Α61161452.)

431 858 536 934 tmen
559 859 704 932 16666166
726 857 1005 948 reeuperationem
1024 858 1059 930 iu
1083 858 1301 930 6666661666
1324 857 1574 930 annumerat
1597 857 1781 930 ooneluun
1804 856 1936 928 ambitio

765 981 801 1052 ot
823 979 986 1069 privatum
1008 979 1205 1052 6666666166
1228 979 1406 1068 61666666
1427 978 1608 1068 inpedivit.

516 1228 559 1301 In
587 1229 709 1320 Regno
736 1227 903 1299 Poloniae
931 1226 1050 1319 magni
1078 1231 1193 1298 motus
1213 1247 1319 1318 super
1337 1225 1550 1299 alienatione
1573 1225 1681 1298 666161
1703 1227 1866 1298 Luouslro
1885 1246 1959 1298 oon·

412 1353 648 1422 surrexerant.
679 1347 852 1421 Dolebant
881 1347 1010 1438 quippe
1038 1367 1156 1420 ornnes
1183 1347 1282 1434 boni,
1311 1351 1383 1420 tam
1411 1347 1603 1419 notabilem
1621 1345 1817 1438 portionem
1838 1351 1875 1418 et
1898 1351 1960 1418 ter·

410 1490 485 1541 rem
512 1468 740 1555 uberrimam,
770 1469 939 1561 albegno
971 1473 1043 1540 tam
1079 1468 1175 1540 16616
1209 1473 1244 1540 61
1271 1465 1426 1559 turpiter
1461 1469 1526 1540 snb
1557 1467 1756 1559 praesentia
1792 1466 1961 1538 Karimiri

412 1589 520 1682 Regis
540 1590 567 1678 1)
595 1587 807 1662 1616666661.
842 1588 943 1662 Unde
976 1587 1111 1680 aliquot
1144 1587 1435 1661 conventionibus
1463 1589 1500 1660 in
1529 1588 1710 1676 06666616,
1745 1586 1963 1660 Sandomiria

412 1714 447 1782 61
473 1707 620 1801 Leopoli
653 1710 695 1782 ob
723 1730 798 1782 eam
826 1729 899 1782 rem
929 1709 1130 1798 eelebratis,
1161 1708 1315 1781 omnium
1338 1708 1447 1780 animi
1466 1707 1597 1780 irritati
1616 1711 1652 1780 et
1671 1707 1835 1780 eommoti
1855 1712 1961 1794 erant,

411 1834 453 1902 ut
485 1833 736 1922 consurgerent
763 1829 941 1915 adarna,
977 1833 1011 1902 61
1043 1833 1196 1902 castrum
1220 1830 1395 1917 Luousho,
1431 1835 1563 1920 quanta
1594 1830 1631 1902 ri
1662 1833 1822 1920 possent,
1858 1849 1961 1920 oppu-

411 1951 548 2042 gnando
580 1949 837 2042 oonquirerent.
875 1949 1032 2021 Nuntius
1067 1950 1209 2023 interim
1235 1950 1354 2042 regius
1388 1948 1962 2034 116616661686661661661666,

413 2070 581 2163 magister
608 2068 777 2161 eoquiuae
803 2070 951 2163 regalis,
980 2091 1023 2142 er
1051 2070 1244 2144 Lithuania
1270 2070 1429 2158 eivenit,
1467 2091 1594 2161 rogans
1628 2077 1663 2143 et
1690 2070 1874 2161 requirens
1905 2089 1962 2139 no-

413 2190 506 2262 mine
534 2190 641 2283 Regis
657 2189 701 2278 ²),
730 2198 771 2262 ut
798 2191 841 2263 ab
869 2190 976 2263 armis
1008 2191 1242 2279 abstinerent,
1272 2196 1307 2264 61
1334 2192 1474 2263 nullum
1507 2195 1641 2263 motum
1670 2190 1920 2263 exercitualem
1935 2186 1963 2274 ³)

415 2315 536 2383 666166
563 2311 722 2384 Luousho
752 2312 922 2399 16666661,
952 2311 1044 2384 sein
1062 2311 1162 2383 brevi
1189 2312 1226 2383 in
1255 2313 1414 2404 Regnum
1441 2332 1678 2400 reversurum,
1708 2309 1962 2402 quaesiturum·

415 2430 594 2522 querius,
624 2430 752 2522 quibus
772 2430 988 2504 differentiae
1008 2431 1105 2523 ipsae
1124 2431 1300 2505 emendari
1319 2438 1479 2523 possent3
1509 2431 1540 2503 si
1559 2453 1660 2504 66666
1680 2433 1848 2519 16666661,
1877 2431 1964 2502 mul-

414 2558 490 2624 tum
518 2551 647 2638 vereri,
676 2572 719 2625 ne
747 2551 784 2622 in
811 2553 971 2644 Regnum
1000 2573 1044 2624 ex
1071 2551 1192 2644 aliqua
1218 2556 1317 2644 parte
1344 2553 1493 2626 hostiles
1522 2553 1674 2644 impetus
1699 2554 1797 2624 fiant.
1828 2551 1965 2622 hmarie

414 2671 627 2744 61166116116
664 2671 793 2744 animis
830 2673 915 2745 haee
941 2673 985 2744 ab
1013 2673 1174 2744 omnibus
1211 2673 1420 2745 audiebatur
1448 2673 1589 2766 legatio.
1629 2673 1730 2744 Unde
1757 2693 1778 2744 6
1804 2671 1966 2763 pluribus

415 2793 672 2866 subclamatum
701 2792 784 2864 luit:
815 2812 876 2864 eur
904 2796 938 2865 61
966 2792 1162 2864 1111666666
1200 2792 1310 2864 simili
1342 2793 1505 2865 mandato
1538 2794 1581 2865 ab
1609 2793 1836 2884 oeeupatione
1859 2791 1964 2864 666161

415 2913 573 2985 1666616
592 2933 661 2984 666
679 2911 953 2986 restrinxisset?
986 2913 1043 2984 Ad
1071 2913 1156 2985 haee
1183 2912 1331 2984 nuntius
1363 2913 1497 3005 regius:
1531 2913 1713 3003 Quaesivi,
1751 2912 1885 3004 inquit,
1919 2912 1965 2982 si-

416 3034 534 3106 milem
564 3034 802 3124 quaestionem
830 3054 850 3105 a
877 3034 990 3125 Rege,
1020 3038 1055 3106 et
1082 3033 1199 3124 666661
1218 3054 1439 3124 responsum:
1469 3035 1668 3122 1161161166,
1697 3033 1832 3126 inquit,
1859 3033 1969 3105 simili

345 3211 347 3214 .
416 3154 580 3226 mandato
599 3155 770 3227 terrebam
790 3155 1004 3241 Lithuanos,
1025 3154 1086 3226 sed
1105 3159 1390 3245 oontempserunt
1408 3175 1530 3246 parere
1549 3156 1636 3228 meis
1655 3155 1825 3246 imperiis.
1849 3154 1968 3225 Pluri-

415 3274 482 3346 bus
501 3273 626 3347 deinde
645 3273 958 3348 deliberationibus
977 3273 1127 3362 habitis,
1153 3275 1356 3346 oonolusum
1375 3281 1445 3364 est,
1470 3280 1511 3346 ut
1530 3277 1705 3348 lohannes
1724 3275 1766 3347 de
1786 3275 1967 3347 Olesohni·

416 3415 477 3466 oua
502 3394 682 3486 palatinus
711 3393 1005 3468 Sandomiriensis
1037 3400 1073 3467 et
1100 3396 1270 3467 hlbertus
1298 3395 1340 3468 de
1359 3397 1506 3469 hliohow
1522 3397 1553 3486 ⁴)
1587 3396 1878 3468 Zawiohoetensis
1913 3416 1968 3466 ca-

418 3515 590 3588 stellanus
618 3515 711 3587 irent
737 3515 775 3587 in
802 3515 1046 3602 Lithuaniam,
1075 3514 1145 3587 ista
1173 3537 1309 3607 quoque
1329 3537 1350 3587 a
1368 3517 1549 3589 Karimiro
1568 3518 1663 3608 Rege
1686 3521 1862 3608 peterent:
1891 3515 1970 3586 Pri·

418 3655 528 3724 mnm,
566 3656 609 3708 66
644 3639 826 3726 pateretur
862 3641 1016 3708 castrum
1052 3635 1213 3708 Luousko
1245 3635 1397 3728 turpiter
1435 3643 1470 3710 et
1497 3637 1595 3710 foede
1626 3658 1647 3708 6
1678 3657 1820 3728 6666666
1858 3635 1973 3726 Regni

417 3754 586 3828 Poloniae
613 3755 771 3828 abstrahi
800 3759 835 3828 et
863 3755 1033 3828 trunoari:
1064 3775 1143 3828 oum
1171 3755 1207 3827 16
1235 3755 1315 3844 1116,
1345 3758 1466 3850 Regno
1500 3757 1667 3829 Poloniae
1694 3757 1749 3828 ius
1778 3756 1973 3828 maximnm

419 3897 462 3947 er
482 3875 674 3968 multiplioi
692 3875 807 3967 eapite
826 3881 1018 3967 oompetat;
1048 3876 1262 3965 Seoundum,
1290 3882 1330 3948 ut
1348 3878 1425 3949 1666
1444 3878 1557 3970 Regni
1581 3878 1753 3968 corporali
1773 3878 1973 3950 iuramento

419 4000 454 4070 61
480 3995 597 4069 literis
624 3998 821 4085 oonfirmet3
850 3997 1022 4085 Tertium,
1051 4003 1091 4068 ut
1119 3996 1391 4070 nominationem
1421 4000 1545 4070 laetam
1574 3999 1615 4072 16
1643 4019 1790 4088 6666666
1820 3998 1973 4069 hiilrlasa

419 4116 665 4190 ad'ooolesiem
684 4117 984 4207 Premisliensem‚
1012 4121 1169 4190 renouat:
1198 4139 1276 4189 oum
1295 4118 1566 4209 ignominiosum
1585 4125 1692 4207 esset,
1722 4119 1873 4190 Slesitas
1893 4139 1974 4210 pro·

419 4237 507 4329 priis
535 4241 570 4311 et
597 4237 913 4329 praestantioribus
941 4239 1119 4330 praeferri.
1155 4239 1246 4308 Dum
1279 4244 1395 4310 autern
1428 4261 1506 4310 oum
1534 4241 1590 4312 his
1620 4239 1794 4311 mendatis
1821 4239 1977 4330 praefati

418 4357 567 4430 barones
594 4359 901 4450 progrederentur,
931 4359 1115 4431 conventio
1136 4359 1172 4430 16
1193 4359 1411 4431 Sandomiria
1430 4381 1492 4451 pro
1511 4358 1693 4431 Dominioa
1719 4359 1839 4447 Oouli,
1869 4359 1976 4446 6615)

421 4483 455 4550 61
483 4477 614 4569 Sophia
642 4477 824 4570 Reginass)
852 4477 1029 4567 interluit,
1059 4479 1180 4550 habita
1208 4485 1277 4566 est,
1316 4485 1350 4551 61
1381 4481 1530 4571 66661611
1558 4480 1675 4551 666111
1710 4501 1799 4570 6666
1827 4501 1871 4551 er
1904 4501 1976 4550 me-

421 4598 478 4669 dio
497 4597 622 4672 itinere
636 4599 790 4670 reroeati
805 4620 849 4669 ex
865 4619 904 4670 eo
919 4599 1123 4689 praesertim
1144 4604 1304 4690 respeotu
1324 4605 1359 4672 et
1377 4622 1497 4688 66666,
1519 4601 1609 4690 quod
1630 4605 1782 4672 66616666
1799 4601 1977 4685 16666616,

421 4722 526 4813 66661
553 4718 728 4790 16166666
758 4719 799 4789 16
828 4718 978 4790 Cuisaow
997 4721 1210 4791 castellanus
1230 4720 1469 4794 Craooriensie
1486 4721 1516 4809 7)
1545 4721 1619 4793 6616
1638 4720 1753 4792 1116616
1772 4720 1978 4804 intimabat,

422 4818 517 4928 Rege
532 4835 564 4926 8)
592 4837 779 4911 mandante
807 4843 842 4909 61
869 4839 1052 4953 ordinante
1067 4839 1110 4928 9),
1140 4839 1208 4910 1611
1240 4839 1455 4931 resignatum
1488 4840 1687 4912 Lithuanis.
1721 4841 1830 4912 Inane
1862 4841 1982 4933 igitur

529 5145 553 5229 ¹)
576 5147 717 5209 Poloniae
741 5149 833 5225 Regis
856 5146 918 5211 Ed.
953 5145 1042 5232 Lipa.
1076 5145 1099 5229 ²)
1125 5151 1261 5211 casimiri
1287 5151 1378 5229 Regis
1401 5149 1464 5212 Ed.
1488 5149 1580 5235 Lipe.
1605 5151 1630 5232 ³)
1655 5153 1870 5214 exeruitrraliter
1899 5147 1984 5218 Cori.

421 5249 531 5316 Przez.
556 5249 582 5330 ⁴)
606 5252 643 5312 de
665 5253 808 5313 Mieohow
834 5247 909 5313 Coo.
933 5250 1042 5315 Przez.
1066 5256 1102 5314 de
1125 5255 1273 5314 Mniohow
1294 5253 1357 5314 Ed.
1386 5253 1477 5337 Lipe.
1504 5253 1528 5334 ⁵)
1553 5258 1582 5316 in
1599 5275 1658 5332 qua
1674 5252 1751 5319 Cod.
1770 5253 1857 5319 Calo.
1875 5255 1908 5336 ε)
1925 5259 1986 5317 Po-

422 5356 520 5417 leniae
542 5356 658 5431 Regina
673 5347 744 5422 Ed.
769 5353 859 5436 Lipe.
892 5354 917 5434 ⁷)
943 5359 1120 5417 castellanus
1143 5358 1391 5418 Sandomiriensis
1414 5365 1443 5419 61
1465 5361 1637 5435 6661166666
1660 5357 1722 5422 Eo.
1747 5358 1836 5443 Lr'ps.
1867 5359 1899 5440 ⁸)
1926 5363 1986 5423 Ga-

424 5461 523 5522 simiro
545 5458 628 5535 Rege
650 5455 713 5524 Ed.
738 5455 827 5546 Lipe.
852 5457 877 5542 ⁹)
901 5465 930 5522 et
953 5461 1114 5539 imperante
1136 5459 1199 5522 Ed.
1219 5459 1310 5545 Lipe.
