4126 6280
375 551 449 625 228
882 569 995 624 arnna
1022 571 1268 623 nuonncnrus
1295 553 1410 642 (xrrr).
1646 547 1713 648 (Α.
1733 547 1779 622 D.
1799 543 1937 642 1456.)

374 762 452 834 niae
471 763 641 834 distracta
668 763 944 852 recuperaturos.
974 755 1125 832 Ultimo:
1157 763 1196 828 nt
1220 759 1297 830 Rex
1316 758 1529 846 attonderet,
1549 757 1696 830 oonsilio
1715 757 1938 829 Polonorum

375 885 514 956 fratrem
544 903 646 952 snum
674 880 909 952 Wladislaum
938 878 1142 970 Hungariae
1170 883 1205 948 et
1233 877 1400 949 Poloniae
1432 879 1563 968 Regem
1596 877 1790 965 interiisse,
1821 897 1939 968 seque

372 1007 408 1075 in
436 1002 631 1094 periculum
659 1001 803 1091 eapitis,
832 999 953 1071 diuina
972 998 1195 1070 miseratione
1214 999 1403 1085 evitatum,
1432 999 1639 1089 perductum
1660 999 1686 1087 ¹)
1716 998 1846 1083 luisse;
1875 1019 1937 1069 re-

371 1125 462 1196 diret
490 1143 627 1214 quoque
655 1122 691 1194 in
720 1120 962 1206 Lithuaniam,
992 1141 1148 1192 securam
1177 1125 1212 1191 ot
1240 1119 1376 1191 beatam
1405 1119 1514 1190 vitam
1542 1119 1674 1211 absque
1705 1119 1798 1191 euris
1828 1118 1938 1190 habi·

373 1251 485 1317 turus.
519 1243 613 1315 Huic
646 1241 830 1335 legationi,
866 1248 936 1314 tam
969 1246 1119 1314 temerae
1135 1239 1166 1330 2)
1200 1245 1235 1312 et
1263 1240 1447 1331 superbae,
1481 1240 1572 1312 nihil
1605 1245 1688 1313 tune
1719 1261 1939 1332 responsum

374 1371 439 1438 est.
469 1365 658 1437 Constabat
686 1362 777 1436 enim
806 1370 889 1434 tuno
917 1361 1113 1434 Lithuanos
1133 1383 1211 1433 cum
1231 1361 1417 1434 Cruoileris
1442 1361 1484 1434 de
1503 1361 1648 1433 Praesta
1668 1361 1838 1453 quaedam
1860 1362 1939 1432 loe-

375 1488 458 1559 dera
485 1491 642 1558 recenter
670 1489 704 1557 ot
732 1483 950 1556 clandestine
983 1482 1159 1570 iunxisse,
1193 1487 1228 1554 et
1255 1503 1345 1554 nova
1377 1481 1533 1556 amicitia
1565 1481 1758 1568 inescatos,
1791 1480 1941 1553 animos

374 1611 446 1678 tam
475 1607 641 1697 superbos
669 1605 839 1676 induisse.
869 1604 997 1676 Nuntii
1027 1609 1143 1676 tamon
1162 1624 1224 1694 per
1242 1604 1373 1694 Regem
1401 1601 1574 1676 munerati
1590 1601 1633 1692 ³),
1662 1602 1801 1674 remissi
1833 1607 1940 1690 sunt,

375 1726 604 1798 denuntiante
633 1728 743 1817 Rege,
774 1747 810 1798 se
837 1747 899 1817 per
926 1723 1084 1817 proprios
1112 1725 1256 1796 nuntios
1284 1744 1545 1816 responsurum.
1575 1723 1644 1796 Sed
1667 1727 1703 1795 et
1721 1723 1757 1794 in
1776 1722 1940 1794 Lithna-

375 1847 434 1918 nia
462 1847 631 1919 intestina
667 1845 794 1919 divisio
833 1849 955 1918 exorta
992 1845 1177 1918 sciebatur.
1216 1844 1416 1916 Monividus
1444 1843 1536 1916 enim
1564 1843 1739 1936 regiarum
1771 1843 1940 1935 partium

376 1973 494 2056 homo,
530 1989 608 2038 cum
637 1966 846 2039 cancellario
876 1971 910 2038 et
938 1965 1019 2037 aliis
1047 1966 1089 2038 de
1116 1986 1241 2057 genere
1275 1987 1354 2052 suo,
1388 1965 1444 2037 his
1474 1964 1655 2052 omnibns,
1691 1986 1779 2056 quae
1806 1969 1943 2036 contra

375 2091 505 2181 Regem
535 2095 569 2160 ot
597 2087 762 2159 Poloniao
792 2089 969 2179 Regnum,
998 2086 1210 2159 Lithuaniae
1238 2086 1479 2178 agitabantur,
1509 2085 1735 2172 resistebant,
1763 2107 1829 2159 nee
1849 2107 1940 2157 con-

377 2209 603 2282 ventionibus
637 2215 671 2281 et
699 2208 857 2284 consiliis
890 2207 1131 2279 communibus
1160 2207 1330 2278 interesse
1362 2207 1538 2279 volebant.
1572 2207 1731 2278 Alterius
1764 2205 1943 2280 factionis

375 2331 539 2422 princeps
568 2333 641 2402 erat
670 2329 903 2402 Gasthawdns
919 2329 950 2416 4)
979 2336 1014 2399 et
1038 2328 1209 2420 Georgius
1233 2329 1314 2404 Dux
1335 2327 1519 2420 Ostrogslri
1537 2327 1579 2414 5),
1608 2328 1669 2419 qrri
1696 2350 1828 2400 novnm
1858 2329 1942 2400 Du-

375 2473 449 2524 cem
478 2452 642 2542 Magnum
671 2469 787 2522 creare
814 2449 946 2535 adorsi,
977 2449 1165 2520 studebant
1192 2449 1327 2519 animos
1355 2449 1577 2540 popularium
1606 2449 1649 2520 ad
1678 2471 1714 2520 se
1735 2450 1941 2534 traducere,

377 2577 411 2645 ot
440 2573 644 2644 Samlronem
674 2571 881 2643 Olelkowioa
898 2571 928 2660 6)
958 2572 1087 2642 Ducem
1116 2569 1292 2660 ligoriae,
1322 2570 1379 2642 cui
1399 2570 1631 2642 Gastharvdus
1651 2569 1761 2642 filiam
1779 2571 1941 2661 despon-

375 2694 489 2779 derat,
519 2692 555 2764 in
583 2693 713 2764 Ducem
741 2691 952 2763 Lithuaniao
980 2690 1209 2763 constituere:
1239 2713 1342 2782 quam
1370 2713 1443 2764 rem
1473 2691 1641 2780 Olechno,
1676 2691 1768 2763 inter
1798 2713 1942 2783 paucos

375 2813 554 2886 Kanimiro
581 2813 672 2905 Regi
699 2814 841 2900 charus,
871 2817 906 2884 et
933 2833 994 2903 per
1023 2833 1101 2883 eunr
1131 2832 1174 2884 ex
1198 2811 1324 2884 humili
1350 2818 1443 2886 sorte
1462 2812 1499 2884 in
1518 2813 1626 2884 altam
1655 2817 1807 2900 erectus,
1839 2813 1940 2883 urul-

376 2934 546 3025 tipliciter
574 2955 652 3006 cum
681 2933 890 3006 Gasthando
907 2934 938 3022 7)
966 2933 1201 3024 promovebat.
1230 2933 1447 3024 Flagrabant
1474 2933 1619 3025 insuper
1646 2939 1731 3006 tunc
1757 2934 1943 3007 Lithuani

376 3060 563 3147 occupatae
591 3054 781 3126 Locrensis
810 3059 938 3140 torrae,
969 3060 1003 3124 et
1031 3053 1198 3126 Podoliae
1231 3053 1451 3145 occupandae
1477 3054 1667 3142 dosideri03
1700 3076 1796 3146 spem
1826 3059 1863 3126 et
1896 3057 1940 3126 fi-

376 3175 514 3247 duciam
547 3175 621 3247 illis
654 3176 803 3268 augebat
835 3173 1007 3246 Karimiri
1041 3175 1148 3266 Regis
1181 3175 1262 3265 plns
1296 3196 1399 3265 quam
1431 3175 1567 3247 ducalis
1606 3176 1791 3248 affection
1819 3197 1941 3267 puero

376 3295 564 3384 innutrita,
594 3301 628 3368 ot
656 3295 686 3366 si
715 3295 846 3366 rumori
875 3294 1038 3366 standum
1066 3303 1136 3380 est,
1165 3293 1241 3367 iure
1269 3294 1414 3366 iurando
1440 3299 1587 3368 firmata.
1617 3297 1797 3368 Invitabat
1818 3303 1854 3370 et
1875 3319 1940 3370 oo-

376 3417 485 3503 casio,
514 3417 646 3488 bellum
674 3414 985 3504 Pruthenicumssl,
1015 3437 1082 3506 quo
1111 3416 1236 3487 Poloni
1264 3417 1440 3508 occupati,
1472 3417 1583 3508 Regni
1604 3419 1657 3488 sui
1680 3419 1879 3510 propinqua
1902 3425 1942 3492 et

375 3541 508 3610 remota
535 3538 647 3610 latera
675 3537 910 3626 nudaverant,
942 3535 1037 3608 facili
1065 3537 1204 3628 negotio
1232 3537 1407 3609 invasioni
1436 3537 1598 3609 obnoxia.

377 3893 558 3963 Karimims
580 3891 649 3962 dex
671 3893 705 3962 iu
728 3891 947 3963 conventione
970 3891 1114 3980 generali
1138 3891 1385 3980 l’rotrtovionsi
1409 3892 1449 3963 da
1472 3893 1628 3964 solvendo
1644 3895 1809 3984 stipendio
1825 3895 1943 3966 illrieo

428 4013 665 4099 drirvoncma
689 4012 773 4102 quod
796 4012 838 4084 ad
861 4013 1099 4102 quadringenta
1122 4015 1335 4102 septuaginta
1357 4031 1418 4084 sex
1440 4015 1540 4085 millio
1563 4018 1771 4100 exoraverat,
1795 4017 1880 4105 agit.

480 4263 535 4334 Ex
563 4261 727 4334 Lancicia
755 4260 957 4334 Karimirus
985 4262 1109 4351 Rani)
1137 4263 1342 4353 procedam,
1376 4263 1472 4335 venit
1500 4264 1536 4334 in
1564 4263 1750 4354 Pyotrlrovv
1774 4263 1938 4336 Sabbato

376 4385 412 4454 in
441 4383 566 4476 vigilia
593 4382 804 4454 Natiuitatis
833 4383 963 4455 Beatae
991 4383 1120 4454 Mariae
1141 4385 1196 4470 ¹⁰),
1227 4383 1490 4456 conventionem
1518 4385 1714 4476 generalem
1736 4385 1811 4456 illic
1831 4391 1937 4458 actu·

375 4525 452 4590 rus,
483 4525 571 4596 quae
600 4504 641 4575 ob
670 4525 744 4576 eam
781 4523 921 4575 oausam
959 4504 1144 4595 praecipue
1182 4505 1249 4575 fruit
1282 4505 1464 4592 instituta,
1503 4513 1542 4575 ut
1574 4505 1834 4596 provideretur,
1868 4527 1939 4597 per
2057 4583 2059 4601 ,

377 4645 476 4715 quem
507 4623 646 4695 modum
675 4625 804 4696 solutio
824 4625 922 4696 fieret
943 4623 1184 4715 stipendiariis
1204 4625 1457 4697 cruciferorum
1478 4636 1512 4696 ot
1532 4626 1637 4697 otiam
1658 4627 1822 4718 propriis.
1853 4627 1938 4699 Iam

377 4743 469 4816 enirn
489 4744 663 4816 Iohannes
683 4743 992 4818 Wladislaviensis
1012 4745 1214 4836 episcopm,
1235 4747 1348 4817 Lucas
1368 4747 1409 4817 de
1425 4746 1541 4819 dorla
1560 4746 1828 4834 Posnaniensis,
1849 4747 1936 4820 Sta·
2057 4843 2058 4846 Ἴ

376 4951 790 4974 ----——-v—-

484 5068 508 5155 ¹)
532 5073 570 5132 ab
593 5073 636 5132 eis
659 5071 832 5148 perductum
854 5068 918 5132 Ed.
942 5069 1033 5154 Lips.
1059 5071 1085 5150 Ω)
1108 5074 1282 5134 temerariae
1304 5071 1367 5135 Ed.
1391 5071 1481 5156 Lips.
1507 5073 1532 5148 Ω)
1555 5094 1608 5152 per
1627 5075 1801 5136 casimirum
1817 5077 1936 5152 Regem

375 5177 553 5237 remunerati
577 5173 639 5236 Ed.
664 5173 757 5257 Lr'pa.
784 5173 811 5254 4)
835 5176 996 5236 Gastoldus
1021 5161 1098 5236 Coa.
1122 5173 1230 5237 Przoz.
1265 5175 1291 5244 ⁵)
1314 5178 1382 5236 Dux
1406 5178 1604 5239 Ostroziensis
1629 5173 1704 5239 Cod.
1729 5177 1837 5239 Przoz.
1859 5180 1935 5240 Dux

377 5277 542 5340 Ostrowski
564 5275 629 5347 Ed.
654 5275 746 5361 Lapa.
779 5277 805 5358 6)
828 5279 1020 5339 Sieczkonem
1055 5279 1259 5340 Olerlrnowien
1293 5277 1368 5340 cad.
1399 5279 1509 5343 Praez.
1533 5283 1699 5343 Senkonom
1724 5283 1936 5344 Olesehkovvic
2055 5335 2056 5364 ,

377 5379 439 5444 Ed.
464 5379 557 5463 Lipa.
590 5380 615 5460 ῗ)
639 5383 783 5442 Gastoldo
808 5377 884 5444 Coa.
908 5380 1016 5444 Przez.
1050 5382 1076 5460 ⁸)
1100 5385 1216 5443 orrarsio
1241 5386 1309 5444 belli
1335 5385 1504 5446 Prothenici
1527 5382 1591 5447 Ea.
1614 5383 1705 5468 Lipe.
1738 5385 1764 5465 ⁹)
1788 5388 1935 5447 l'oloniae
2055 5425 2056 5448 r

377 5487 441 5550 Rex
463 5481 526 5547 Ea.
551 5481 640 5571 Lips.
669 5481 707 5564 ¹⁰)
731 5487 842 5550 Beatac
864 5487 975 5550 Mariae
998 5487 1130 5566 Virginis
1152 5485 1215 5548 Ed.
1241 5483 1329 5571 Ldpr.
