4082 6284
91 541 162 642 (Α.
179 543 224 617 D.
245 541 371 640 1462.)
609 567 722 620 arnna
748 566 993 618 noooncnrcs
1021 547 1135 637 (xnr).
1568 544 1643 618 345

92 751 170 823 fiat.
205 751 318 842 Super
348 750 453 823 rebus
485 750 726 839 Prothenicis,
759 752 874 843 gratia
910 743 1056 843 quarum
1090 750 1260 824 militares
1288 757 1323 823 et
1350 751 1445 823 ciues
1478 751 1644 823 Prnssiae

92 892 175 943 cnm
202 869 382 942 Karimiro
418 871 585 944 Poloniae
617 873 714 964 Rege
746 871 953 964 Glogoviam
986 877 1219 959 accesserant,
1253 872 1353 943 nulia
1381 871 1553 942 ordinatio
1580 871 1641 942 ha-

92 991 171 1062 bita
192 993 230 1080 ¹),
260 991 351 1082 quod
370 991 538 1084 Magister
557 999 592 1064 et
610 991 702 1064 Ordo
722 992 992 1078 cruciferorum,
1021 992 1123 1064 iuxta
1146 991 1366 1082 sponsionem
1387 986 1535 1082 Georgio
1555 991 1643 1082 Regi

92 1112 243 1198 tactam,
271 1111 390 1184 venire
418 1112 631 1201 fefellerant,
661 1111 768 1185 castri
788 1116 823 1184 et
842 1112 961 1204 oppidi
985 1111 1253 1184 Brodnicrensis
1273 1110 1529 1202 conquisitione
1547 1110 1645 1201 pacis

93 1231 307 1304 desiderium
335 1231 371 1302 in
400 1230 450 1304 eis
478 1231 648 1306 uariante.
681 1231 790 1304 Missa
823 1239 940 1306 tamon
968 1229 1130 1321 litera2),
1163 1230 1329 1322 petebant
1359 1252 1432 1304 rem
1459 1231 1496 1302 iu
1525 1230 1646 1304 Sancti

92 1351 218 1424 Iacobi
245 1351 354 1440 diem,
384 1350 476 1443 quod
503 1352 595 1442 apud
622 1358 810 1443 utrumqne
837 1353 969 1444 Regem
995 1371 1056 1443 pro
1084 1351 1236 1424 ludibrio
1268 1356 1449 1442 acceptum
1477 1355 1548 1438 est,
1577 1349 1644 1420 dit·

93 1471 193 1544 ferri.
223 1471 423 1544 Lndcuicns
451 1471 624 1544 Bormiae
649 1470 745 1557 Dux,
775 1471 894 1544 missis
912 1473 949 1544 in
969 1473 1120 1544 diaetam
1139 1469 1341 1542 huiusmodi
1361 1469 1512 1557 nuntiis,
1541 1469 1642 1541 Polo·

92 1590 175 1663 niae
203 1593 335 1684 Regem
351 1589 381 1680 3)
410 1593 452 1666 de
479 1592 658 1665 inferendo
686 1591 864 1666 Friderico
893 1591 1085 1664 Marehioni
1113 1590 1418 1682 Brundebnrgeusi
1445 1589 1539 1661 bello
1567 1608 1643 1679 pre-

92 1711 258 1800 cabatur,
287 1711 433 1785 offerens
462 1693 509 1785 se¹
527 1713 688 1785 omuibus
715 1712 884 1804 potentiis
908 1711 983 1782 suis
1003 1715 1123 1784 contra
1142 1710 1335 1783 Crnoiteros
1355 1709 1482 1781 solatia
1495 1709 1527 1798 ⁴)
1556 1707 1646 1799 Regi

93 1829 266 1906 Poloniae
293 1834 459 1906 laturum.

550 2188 774 2277 ratumago
797 2205 817 2258 a
840 2186 1193 2259 cruciamentum.

201 2435 303 2509 Datis
323 2437 364 2508 ad
384 2435 532 2509 inuicem
552 2436 771 2524 muneribus,
800 2435 1003 2508 Kcaimirus
1021 2433 1188 2506 Potoniae
1207 2437 1242 2505 et
1261 2431 1431 2524 Georgius
1456 2430 1645 2504 Bohemioo

95 2558 212 2650 Reges
231 2577 275 2629 ex
295 2555 481 2648 Glogovia,
514 2557 710 2648 penultima
738 2555 868 2644 1111115)
896 2554 1096 2641 discednut,
1127 2559 1161 2626 et
1188 2552 1375 2626 Bohemioo
1395 2552 1590 2624 divertente
1609 2551 1646 2622 in

95 2677 281 2749 Lusatiam
314 2681 414 2766 (tuuc
446 2676 597 2767 primurn
630 2676 722 2750 euim
755 2676 854 2748 illius
887 2679 1094 2747 consecutus
1127 2677 1197 2760 est,
1234 2672 1413 2746 Fridcrico
1446 2671 1644 2743 Marchione

96 2796 403 2888 Brandeburgensi
422 2797 464 2868 do
484 2817 523 2869 ea
543 2796 746 2885 excedente,
774 2795 1039 2888 possesionem),
1068 2793 1256 2866 Polouicus
1280 2793 1317 2865 in
1337 2792 1546 2865 Posnaniam
1565 2812 1641 2882 per·

95 2917 207 2990 uenit.
237 2916 311 3008 Quo
338 2915 415 2989 illio
442 2916 556 2988 tribus
583 2917 808 2990 hebdomadis
824 2917 854 3006 θ)
883 2917 1106 3003 immorante,
1142 2915 1262 2986 hostes
1290 2935 1334 2987 ex
1362 2913 1557 3004 Ohopnicaa
1586 2933 1645 2983 us-

95 3059 161 3130 que
190 3037 229 3110 iu
256 3037 447 3129 regionem,
477 3057 564 3128 qnae
592 3037 721 3110 Palulri
748 3035 964 3130 agnominari
980 3037 1010 3124 ⁷)
1038 3035 1237 3122 consueuit,
1266 3035 1435 3127 grosseti,
1465 3053 1527 3106 sex
1546 3031 1645 3104 uillis

95 3159 250 3246 exustis,
284 3157 452 3229 Mathiam
485 3157 631 3248 Slupski
664 3178 742 3230 cum
774 3156 910 3248 aliquot
946 3156 1027 3227 aliis
1069 3153 1284 3227 militaribus
1315 3153 1489 3226 incuriis
1523 3173 1640 3226 eornm

95 3279 289 3370 captivant.
319 3279 369 3350 De
398 3298 465 3368 quo
493 3278 585 3349 malo
614 3277 832 3349 Wladislans
852 3277 893 3348 de
913 3275 1125 3348 Domaborcs
1152 3276 1366 3347 castellanus
1386 3281 1421 3346 et
1440 3273 1644 3364 capitaneus

95 3398 303 3486 Naklensis‚
333 3397 434 3489 quasi
461 3417 501 3470 eo
528 3397 721 3490 instigante
750 3401 784 3469 et
812 3395 1024 3489 suffragante
1056 3399 1233 3487 patratum
1266 3395 1388 3482 fuerit,
1421 3392 1645 3485 aplorisqne

95 3519 325 3592 insimulatus
344 3522 413 3590 est:
434 3517 535 3591 cuins
554 3538 616 3609 pro
636 3517 754 3590 eodem
773 3522 927 3608 temporo
946 3520 1084 3608 gentes,
1104 3536 1247 3587 numero
1267 3513 1531 3606 quadringenti,
1552 3512 1645 3604 apud

96 3640 254 3712 Saxones
282 3639 427 3730 praedas
455 3641 615 3730 agentes,
644 3637 805 3710 hostibus
824 3657 867 3710 ex
887 3633 1081 3728 Chopnicaa
1101 3634 1257 3708 Saxones
1276 3634 1544 3720 adiuuantibus,
1564 3654 1643 3705 cou-

96 3758 260 3848 11111118)
289 3763 387 3845 sunt,
416 3763 452 3831 ct
477 3759 701 3850 paucioribus
729 3757 974 3843 evadentibus,
1004 3755 1123 3847 plnres
1151 3754 1353 3828 desiderati.
1387 3755 1441 3827 Ex
1468 3752 1645 3826 Posuania

96 3879 300 3952 Kaaimirus
328 3879 406 3951 Rex
434 3877 632 3966 discedens,
660 3894 722 3970 pro
742 3879 831 3950 festo
850 3875 1075 3948 Visitetiouis
1095 3875 1242 3948 Sanctae
1270 3875 1445 3962 Μ111119)
1477 3873 1644 3946 111111111-

97 3999 285 4071 distaviam
313 3997 426 4082 venit,
456 4002 490 4071 et
517 3998 695 4071 curienses
716 3999 760 4088 ¹⁰)
789 4017 888 4082 suos,
922 3995 1087 4079 adiuncta
1123 3995 1198 4067 illis
1233 3995 1423 4088 agrestium
1451 3995 1558 4065 falces
1586 4014 1644 4084 go-

97 4120 268 4191 stantium
299 4118 423 4211 grandi
456 4121 611 4206 caterua,
646 4138 769 4191 versus
802 4117 968 4190 Chelmno
1001 4114 1208 4204 destinauit,
1241 4115 1416 4207 aquibus
1453 4113 1569 4186 omnia
1605 4112 1642 4184 in

97 4239 247 4312 circuitu
274 4239 394 4327 blada,
422 4257 466 4310 ne
494 4237 666 4330 profectui
693 4237 848 4310 hostiurn
875 4236 1093 4323 accederent,
1123 4233 1261 4308 succisa
1288 4239 1382 4307 snut.

208 4547 231 4626 ¹)
252 4547 355 4608 habita
376 4551 422 4608 est
443 4544 506 4609 Ed.
532 4541 621 4630 Lipe.
657 4543 680 4626 ¹)
702 4545 802 4606 Missis
832 4550 930 4606 tamen
959 4541 1054 4604 literis
1077 4539 1139 4605 Ed.
1164 4539 1254 4625 Lips.
1286 4539 1312 4622 ⁸)
1335 4543 1447 4619 Regem
1470 4539 1645 4602 casimirum

98 4649 160 4714 Ed.
185 4649 275 4733 Lipo.
300 4649 327 4730 ⁴)
351 4651 461 4710 auxilia
483 4647 547 4712 Ea.
574 4647 661 4732 Le'pe.
685 4648 936 4728 5)1111111111111
960 4643 1022 4709 Ed.
1047 4643 1136 4727 La'pe.
1168 4641 1196 4729 ⁶)
1219 4647 1314 4706 tribus
1331 4645 1441 4706 'dicbus
1463 4641 1527 4706 Ed.
1551 4641 1642 4726 Lipa.

100 4753 125 4833 11)
157 4754 358 4830 ooguominari
386 4749 450 4815 Ed.
481 4750 570 4835 Lapa.
603 4751 629 4830 ⁸)
658 4753 833 4830 profligatae
862 4743 926 4812 Ed.
957 4747 1048 4833 Lipe.
1079 4747 1105 4828 ⁹)
1137 4749 1264 4810 Sanctae
1292 4749 1404 4808 Mariae
1425 4747 1558 4824 Virginis
1580 4743 1643 4810 Ed.

100 4856 189 4940 Lipa.
217 4855 256 4936 ¹⁰)
278 4857 400 4918 Aulicos
422 4853 485 4918 Ed.
508 4854 599 4939 La'pe.
