4264 6280
209 562 276 663 (Α.
296 561 341 636 D.
361 561 487 662 1446.)
721 586 834 638 nnana
861 586 1105 638 nuounornus
1136 568 1249 658 (mn).
1710 569 1756 640 27

208 793 281 844 rom
307 770 485 863 publicam
512 768 627 862 Regni
653 769 820 842 Ρ3133133
848 770 928 861 quis
954 791 1058 843 sanae
1078 771 1206 843 mentis
1226 792 1294 842 non
1314 771 1486 845 dictaret?
1514 795 1602 864 quae
1621 775 1664 845 ad
1684 796 1759 847 eam

208 891 454 964 necessitatem
482 894 517 964 et
543 889 725 962 leuitatem
752 889 846 962 trahi
875 890 1075 978 ridebatur,
1104 892 1189 980 ut1)
1217 913 1278 981 pro
1307 892 1465 965 babendo
1484 895 1595 986 Rege,
1624 894 1757 966 latissi-

209 1011 276 1082 mis
304 1017 339 1083 31
366 1009 571 1082 fortissimis
603 1010 723 1097 terris,
756 1010 898 1082 brachio
927 1016 961 1082 et
990 1012 1159 1104 sanguine
1192 1011 1379 1102 quaesitis,
1414 1013 1658 1085 solicitabatur
1685 1035 1758 1086 eos-

210 1130 349 1221 33131),
379 1152 467 1222 quae
493 1151 555 1221 per
582 1130 837 1220 susceptionem
866 1137 901 1203 31
928 1132 1027 1203 111133
1057 1138 1091 1204 31
1118 1132 1264 1203 alterius
1285 1132 1523 1222 cuiuscunque
1543 1133 1667 1224 Regis,
1697 1154 1758 1204 no-

209 1273 332 1322 33333
368 1254 540 1323 terrarum
576 1250 813 1322 additamenta
846 1273 984 1342 sperare
1017 1253 1139 1324 debuit
1171 1251 1239 1323 sibi
1266 1258 1491 1342 proventura.
1529 1252 1614 1324 Cum
1642 1257 1759 1324 33133

210 1371 403 1444 33331113311
436 1369 550 1462 Regni
581 1370 749 1442 Polonice
780 1371 998 1443 conditiones
1030 1394 1051 1443 3
1077 1373 1173 1444 Duce
1205 1371 1384 1442 113313133
1421 1372 1568 1462 petitas,
1605 1374 1757 1445 nullate·

209 1511 276 1562 nus
309 1512 346 1563 se
378 1490 592 1562 admissuros
624 1483 904 1580 respondissent,
941 1492 1078 1582 iamque
1113 1491 1246 1582 singuli
1277 1490 1428 1562 reditum
1457 1491 1493 1562 in
1521 1493 1694 1576 Parcaow‚
1725 1497 1759 1564 31

209 1610 335 1681 exinde
363 1611 406 1680 31
434 1611 564 1681 Ducem
593 1610 795 1681 Boleslaum
822 1609 860 1680 in
888 1611 1079 1682 Maeoniam
1108 1611 1296 1682 transitum
1325 1615 1360 1682 ot
1382 1611 1589 1701 probassent
1616 1620 1651 1682 ot
1675 1634 1756 1684 con·

209 1729 418 1817 elusissent,
457 1728 570 1820 aliqui
601 1728 768 1800 Polonice
802 1729 967 1816 barones,
1007 1730 1134 1821 quibus
1167 1729 1392 1820 Principatus
1428 1731 1583 1802 Boleslai
1618 1737 1759 1822 propter

207 1848 426 1920 restituenda
452 1845 631 1938 regalia3)
667 1847 808 1939 gravior
844 1848 943 1920 31333
971 1856 1040 1937 331,
1071 1849 1222 1922 solicitis
1252 1849 1381 1921 studiis
1419 1872 1510 1922 nuuc
1542 1823 1650 1924 bibis
1684 1853 1755 1923 Ka-

209 1967 340 2054 313131,
370 1989 462 2040 3333
488 1967 745 2039 Litbuanorum
778 1968 912 2040 animos
940 1969 977 2040 in
1005 1989 1212 2040 eonsensum
1244 1969 1407 2060 pluribus
1440 1970 1757 2060 pollicitationibus

208 2087 441 2175 inclinabant,
471 2087 743 2177 habiturumque
771 2089 903 2159 Ducem
930 2089 1149 2160 Karimirnm
1176 2090 1331 2180 regimen
1351 2089 1465 2180 Regni
1484 2091 1666 2178 Polonice,
1695 2092 1756 2162 ha-

208 2207 363 2278 biturum
391 2207 433 2278 dc
461 2207 647 2294 donandis,
677 2207 940 2298 alienandisque
965 2210 1067 2279 terris
1087 2209 1275 2294 Lneaensi,
1305 2209 1470 2281 Podoliao
1503 2209 1759 2298 3101333114)

208 2330 353 2416 (morem
380 2326 490 2418 patris
519 2331 693 2414 secutum,
728 2326 1366 2418 3311113383111133113Μ3131113,
1401 2328 1525 2400 deinde
1550 2329 1638 2400 Duei
1670 2331 1755 2402 Sui·

208 2445 409 2538 trigallo⁵),
439 2447 703 2518 3133113333
737 2447 827 2518 Duei
858 2448 983 2539 Magno
1017 2448 1263 2531 1111133136)
1292 2449 1503 2536 contulerat)
1536 2450 1676 2539 plenam
1706 2451 1754 2520 f-

208 2567 376 2638 eultatem
408 2567 627 2654 astruebant,
662 2588 699 2638 33
727 2587 863 2657 quoque
896 2589 1029 2638 omnem
1064 2588 1201 2657 operam
1231 2568 1271 2638 ad
1302 2567 1336 2638 id
1364 2568 1584 2657 impensuros
1612 2571 1755 2660 pollice·

208 2687 347 2757 bantur.
377 2686 471 2777 Quae
499 2686 637 2777 quidem
667 2687 830 2773 consilia,
859 2691 930 2758 133
959 2689 1061 2758 facilc
1089 2689 1242 2777 prolata,
1271 2697 1311 2757 ut
1338 2689 1526 2759 referemus
1554 2689 1590 2758 in
1611 2709 1755 2778 sequen·

208 2805 321 2893 tibus,
349 2827 475 2897 magna
501 2806 623 2896 Regno
650 2806 817 2877 Polonice
845 2806 1062 2877 incommoda
1093 2811 1336 2897 procurarunt.
1372 2807 1438 2878 His
1471 2809 1756 2896 persuasionibus

208 2927 289 2996 Dur
318 2925 520 2997 Karimirus
548 2929 787 3016 expugnatus,
817 2926 1109 2998 ambasiatoribus
1127 2927 1156 3014 7)
1186 2926 1299 3016 Regni
1328 2926 1494 2996 Polonice
1514 2926 1549 2996 13
1570 2928 1754 2998 comitium

209 3045 404 3133 accersitis,
434 3045 691 3117 cunctationem
720 3067 818 3116 suam
846 3045 887 3116 13
916 3045 1138 3137 suscipiendo
1166 3047 1286 3137 Regno
1306 3045 1472 3117 Ρ3133133
1492 3047 1654 3136 pluribus
1680 3069 1754 3118 ror-

208 3165 279 3254 bis,
309 3169 344 3237 31
372 3164 551 3256 signanter
579 3185 639 3255 spe
667 3163 761 3236 31133
789 3165 909 3235 fratris
938 3164 994 3236 331
1018 3165 1629 3253 1113113131331333313131133331,
1660 3167 1756 3238 etad

209 3289 402 3357 33133333
432 3285 636 3356 3133113333
664 3284 706 3355 13
734 3305 770 3356 33
799 3284 842 3354 31
870 3284 1036 3355 Ρ3133133
1063 3285 1224 3376 Regnum
1258 3286 1400 3372 iactam,
1434 3286 1475 3356 ad
1504 3286 1669 3357 honorem
1696 3287 1755 3358 be-

207 3404 777 3478 33113133131311311331131133
807 3404 1032 3478 Hierarchiae
1065 3405 1226 3478 eoelestis
1260 3409 1434 3495 acceptat,
1468 3405 1613 3496 iuraque
1641 3407 1756 3498 Regni

207 3525 374 3597 Polonice
402 3529 435 3598 ot
462 3524 644 3596 libertates
664 3545 700 3595 se
719 3525 1001 3595 confirmaturum
1033 3524 1262 3615 repromittit,
1291 3528 1326 3595 et
1348 3545 1411 3614 pro
1441 3527 1662 3598 coronatione
1692 3549 1756 3598 333

208 3644 299 3716 1133
327 3643 449 3716 Sancti
475 3643 643 3715 Iohannis
671 3643 855 3733 Baptistae
882 3644 964 3714 anni
993 3643 1103 3714 futuri
1139 3643 1335 3715 constituit.
1368 3643 1646 3736 Potentibusquc
1675 3668 1753 3719 eou-

208 3763 353 3836 siliariis
380 3763 494 3855 Regni
521 3762 702 3850 Polonice,
732 3762 846 3834 literis
874 3763 1076 3853 patentibus
1105 3763 1377 3854 acceptationem
1397 3769 1432 3834 et
1450 3765 1754 3854 repromissionem

208 3904 308 3955 suam
339 3883 508 3955 firmarit:
542 3903 630 3974 queo
662 3883 766 3954 Petro
803 3882 845 3953 de
873 3882 1095 3954 Seaolroeuini
1128 3883 1242 3974 Regni
1269 3883 1436 3955 Polonice
1468 3883 1753 3956 vicecancellario

207 4003 357 4075 13311133
385 4004 540 4090 fuerant,
570 4003 606 4074 in
634 4005 837 4074 thesaurum
864 4002 998 4094 regium
1026 4002 1227 4075 Crocotium
1255 4003 1469 4075 deferendae.
1500 4003 1629 4094 Ingens
1657 4011 1752 4095 post-

207 4122 293 4194 haec
331 4123 495 4194 alacritas
529 4123 663 4193 331333
690 4123 901 4194 Poleuornm
934 4123 1042 4212 cepit,
1076 4122 1168 4212 quod
1196 4125 1230 4194 et
1257 4123 1393 4194 labores
1426 4143 1544 4194 eorum
1577 4129 1752 4213 speratum

207 4243 543 4333 comprehenderunt
573 4241 749 4328 bravium,
785 4245 820 4313 et
848 4243 929 4312 Dux
961 4242 1164 4314 Kaaimirus
1198 4242 1337 4312 futurus
1366 4242 1443 4312 Rex
1471 4241 1634 4332 plurimis
1662 4263 1752 4312 eom·

206 4363 434 4434 meditatibus
466 4363 626 4454 Regnum
659 4361 826 4433 Polonice
858 4367 950 4434 esset
982 4362 1231 4452 ampliaturuS,
1270 4365 1304 4432 et
1336 4360 1504 4452 regimine
1537 4382 1599 4431 suo
1634 4363 1754 4451 plures

207 4482 444 4556 deformitates
473 4485 704 4554 correcturus.
734 4481 827 4552 Aliis
856 4481 948 4552 alius
977 4501 1100 4552 sensus
1125 4480 1209 4568 fuit,
1239 4480 1307 4552 iam
1326 4485 1410 4552 tunc
1428 4480 1752 4571 ingemiscentibus,

207 4602 348 4695 singula
379 4601 647 4692 praecipitatum
680 4604 714 4672 et
741 4601 915 4691 perditum
946 4600 1007 4688 iri,
1038 4605 1072 4672 31
1100 4600 1202 4671 33113
1235 4599 1397 4691 pluribus
1432 4601 1589 4692 Regnum
1618 4600 1753 4671 involvi

208 4727 242 4795 31
264 4722 373 4794 variis
400 4722 560 4813 pestibus
580 4720 799 4811 pessundari.
829 4722 871 4792 In
890 4723 983 4792 hune
1002 4721 1140 4791 modum
1159 4721 1262 4792 rebus
1283 4719 1503 4810 compositis,
1524 4740 1567 4792 ex
1586 4721 1752 4792 Bracae-ae

208 4846 243 4914 31
268 4862 312 4914 ex
339 4842 500 4912 Pareaow
528 4840 721 4912 discessum
749 4843 818 4927 est,
848 4843 883 4910 et
911 4841 1043 4911 electus
1063 4840 1139 4910 Rex
1159 4839 1378 4926 Karimirus,
1407 4838 1573 4909 villarum
1601 4841 1751 4931 Lomony

207 4965 242 5034 31
269 4961 472 5046 Polubieao,
502 4965 536 5032 ot
564 4959 729 5048 3113333,
763 4980 849 5051 quas
882 4963 982 5050 pater
1010 4963 1044 5030 31
1072 4961 1180 5031 133133
1207 4979 1292 5029 3333
1320 4958 1433 5050 Reges
1464 4959 1631 5029 Polonice
1658 4959 1751 5050 paci-

314 5247 337 5328 ¹)
360 5256 393 5310 ut
414 5251 611 5310 solicitaretur
633 5267 691 5325 quo
714 5245 777 5309 Ee.
802 5245 890 5330 1133.
916 5243 943 5328 ²)
967 5249 1085 5309 cederet
1107 5243 1169 5307 Ed.
1194 5244 1283 5328 1133.
1308 5244 1334 5325 ³)
1357 5248 1471 5323 regalia
1486 5247 1565 5307 bona
1580 5244 1643 5308 Ed.
1662 5244 1751 5329 Lapa

207 5349 588 5434 4)0133313131.1133.
620 5350 644 5429 5)
668 5351 853 5426 Swidrigello
887 5347 962 5410 Cod.
995 5348 1065 5412 Lis.
1097 5350 1333 5427 Swytrigiellone
1364 5347 1426 5410 Ed.
1460 5346 1548 5431 1133.
1581 5348 1607 5428 ⁶)
1632 5351 1751 5410 Vitoldo

208 5450 284 5520 Coe.
307 5452 415 5517 Praez.
441 5453 466 5531 ⁷)
492 5456 601 5532 legatis
629 5451 704 5516 eod.
728 5451 796 5514 Lis.
