4046 6278
402 504 479 576 426
910 527 1026 584 ursus
1051 529 1297 584 nuonucrnrus
1324 512 1439 602 (xm).
1673 509 1742 611 (Α.
1762 509 1808 586 Β.
1828 509 1948 611 oded.)

401 711 574 803 secribus,
603 711 640 786 in
668 716 819 806 quatuor
844 717 979 808 paries,
1008 715 1276 806 vociferantem,
1299 738 1343 791 ne
1361 717 1442 810 quis
1462 739 1526 791 sue
1545 720 1722 812 exemplo,
1743 741 1861 794 amere
1878 742 1946 793 rnu-

400 831 527 906 lierum
555 833 743 908 seducatur
769 835 943 928 improbe,
973 835 1087 910 scindi
1115 837 1306 910 mandavit.

400 1191 551 1280 enoda·
573 1191 784 1281 provincialis
806 1193 1026 1267 lancicicnnio
1055 1193 1327 1266 contributiones
1350 1194 1511 1267 lenonum
1533 1211 1554 1266 a
1576 1195 1676 1283 clano,
1705 1199 1740 1268 et
1761 1196 1892 1269 indum
1911 1197 1952 1268 lo

399 1312 519 1384 honum
540 1311 777 1403 Ppcnpansneh
806 1315 1022 1388 archidianoni
1050 1315 1304 1388 marnensium
1328 1317 1489 1389 occisione
1511 1315 1618 1388 incoli
1640 1315 1827 1405 hanimi
1849 1319 1953 1406 patra·

399 1435 482 1519 tum,
505 1434 702 1523 puniendum
720 1436 882 1523 decernit,
906 1437 1147 1526 archiepiscopo
1162 1436 1351 1549 ducenario
1366 1439 1477 1509 innan
1493 1436 1659 1509 decretum
1673 1456 1739 1510 non
1756 1442 1953 1528 ιιοιιιιιιι.

502 1681 567 1756 Die
594 1683 731 1773 Lunae,
760 1684 929 1758 vicesima
955 1685 1114 1759 Ianuarii
1133 1685 1173 1774 ¹),
1206 1685 1381 1758 Iohannes
1409 1683 1639 1758 (iruscninslri
1667 1685 1954 1778 archiepiscopus

399 1802 612 1876 Gnesucnsis
640 1804 677 1876 in
696 1804 824 1897 oppido
852 1806 1072 1881 Lanciciensi
1099 1805 1351 1899 provincialem
1366 1803 1398 1896 2)
1425 1805 1541 1880 tonuit
1564 1806 1755 1898 Synodnm.
1784 1807 1833 1880 Iu
1853 1828 1953 1898 quan

402 1945 480 1997 cum
507 1929 580 1997 iam
608 1924 700 2018 ipse,
718 1948 834 2018 ‘quam
861 1927 1010 2002 Iacobus
1038 1926 1364 2017 WladislavIensis,
1394 1927 1554 2000 Andreas
1577 1927 1852 2016 Posuanieusis,
1881 1949 1952 2020 pcn-

398 2045 582 2136 sonaliter,
611 2047 786 2120 Iohannes
814 2070 895 2121 vero
923 2049 1180 2138 cracoviensis,
1210 2047 1380 2141 episcopi,
1409 2069 1471 2141 per
1498 2052 1759 2140 procuratores,
1788 2048 1952 2122 videlicet

398 2166 590 2242 Iohannem
618 2167 799 2262 Dlngosch
827 2168 1016 2258 seniorem,
1045 2168 1213 2242 Iacobum
1239 2169 1283 2241 de
1311 2167 1471 2242 Schadelr
1498 2173 1534 2241 ιι
1562 2167 1783 2242 Stauislaum
1812 2169 1858 2242 ds
1886 2168 1951 2241 Ko-

397 2287 525 2378 bilino,
554 2289 780 2363 Decretorum
807 2290 992 2378 Doctores,
1021 2310 1101 2362 cum
1119 2287 1292 2382 CapItulis
1312 2289 1387 2361 suis
1406 2289 1668 2379 convenissent,
1694 2290 1815 2362 trihus
1835 2277 1951 2363 diehm

398 2407 442 2481 de
470 2409 707 2484 subveniendo
735 2409 916 2484 Kaaimiro
943 2409 1034 2503 Regi
1049 2408 1080 2500 ³)
1108 2413 1144 2482 ei
1169 2408 1223 2482 rei
1248 2408 1427 2500 publicae,
1456 2410 1659 2501 petentibus
1679 2415 1714 2484 et
1733 2411 1952 2483 instantibus

397 2529 551 2620 nuutIIs,
580 2530 747 2606 videlicet
776 2531 987 2625 Saudivcgie
1007 2532 1050 2604 de
1068 2529 1302 2605 Lausneuicne
1319 2529 1477 2622 palatius
1497 2530 1708 2621 Siradisnsi,
1729 2535 1766 2605 et
1784 2531 1952 2606 Michoele

397 2650 586 2725 Lassecnlri
601 2651 633 2743 4)
666 2653 848 2746 capitaneo
880 2651 1119 2741 Lancicicnsi,
1156 2655 1328 2725 tractatus
1359 2651 1474 2724 habiti
1507 2655 1607 2742 sunt,
1641 2657 1676 2726 ιι
1704 2652 1854 2726 tandem
1880 2653 1950 2725 uni·
2018 2651 2019 2658 '

397 2772 500 2846 iermi
526 2774 750 2849 conclusione
777 2795 1000 2862 consensum,
1030 2778 1071 2846 ut
1090 2772 1322 2862 edessensis,
1353 2771 1662 2846 Wladislauiensis
1681 2777 1718 2846 ιι
1736 2773 1950 2847 Posuanion·

397 2894 465 2984 sis,
504 2895 673 2970 ecclesiae
700 2900 736 2969 ιι
763 2895 919 2971 dioceses
956 2915 1036 2968 cnm
1072 2893 1146 2968 suis
1178 2893 1404 2986 pontificibus
1437 2898 1473 2968 et
1500 2894 1593 2968 clero
1618 2914 1683 2987 per
1708 2915 1826 2967 unum
1854 2896 1951 2968 forto

396 3035 476 3090 uem
503 3037 524 3089 a
550 3037 667 3090 marca
694 3021 798 3090 taxas
825 3017 968 3107 solitae,
998 3014 1238 3090 cracoviensis
1266 3035 1348 3089 vero
1371 3014 1532 3107 pontifex
1552 3019 1588 3088 et
1605 3015 1739 3106 clerus,
1769 3015 1837 3108 qui
1856 3021 1952 3088 taras

396 3123 527 3210 liabent
559 3137 775 3228 excessivos,
810 3159 874 3212 sex
900 3157 1041 3232 grossos
1068 3157 1089 3208 a
1115 3156 1247 3227 marca,
1282 3155 1344 3228 pro
1371 3134 1623 3209 relevandam
1649 3136 1801 3228 publica
1829 3137 1951 3210 coniri·

395 3257 549 3347 tuendo,
578 3259 845 3333 subventionem
870 3258 1012 3332 iaciant.
1041 3258 1256 3350 Deprompta
1275 3261 1329 3330 est
1347 3277 1486 3350 quoque
1504 3255 1542 3330 iu
1560 3257 1679 3331 eadem
1698 3257 1846 3350 Synodo
1864 3258 1951 3331 Lan·

396 3377 558 3468 niciensi,
587 3400 715 3474 organo
744 3380 950 3473 Sandivegii
977 3379 1019 3452 de
1046 3377 1281 3452 Lauarenicre
1298 3376 1449 3470 palatini
1468 3376 1698 3469 Siradiensis,
1727 3378 1875 3452 nemine
1891 3378 1951 3451 lii·

396 3500 487 3574 colai
523 3501 700 3576 Belevski
734 3501 886 3594 palatini
921 3501 1227 3575 Warsohevieusis
1262 3505 1297 3574 et
1330 3499 1484 3574 emnium
1517 3501 1663 3573 fratrum
1696 3499 1828 3572 domus
1861 3520 1951 3587 suae,

398 3625 519 3695 contra
537 3621 728 3696 Iohannem
746 3621 998 3716 Pysnyansnelr
1015 3621 1299 3696 archidiaconum
1318 3621 1571 3713 Guesuensem,
1593 3640 1700 3713 super
1718 3621 1861 3695 crudeli
1874 3641 1953 3695 neoc

398 3741 518 3816 Isaobi
545 3742 761 3836 Boglovslri,
789 3743 828 3817 iu
855 3744 955 3817 domo
984 3765 1048 3817 sua
1075 3743 1244 3837 irrogata,
1274 3744 1430 3834 maesta,
1460 3763 1565 3837 quam
1592 3742 1698 3815 multi
1716 3741 1953 3816 ecclesiastici

395 3863 549 3956 publicis
576 3863 805 3956 deplorabant
831 3865 1004 3955 lacrimis,
1035 3865 1193 3958 querela,
1223 3867 1258 3938 ιι
1279 3863 1405 3939 literae
1423 3863 1629 3957 originales,
1658 3885 1767 3936 mann
1798 3863 1951 3937 eiusdem
2018 3921 2019 3926 ι

395 3983 565 4058 Iohannis
592 3985 859 4078 Pyenvansnelr,
888 3985 1016 4078 quibus
1044 3985 1171 4059 occisio
1198 3984 1348 4077 praefati
1375 3985 1495 4058 Iacobi
1520 3983 1808 4078 significabatur,
1840 3991 1951 4059 osteu-

396 4125 471 4194 sae,
505 4109 541 4178 et
567 4126 630 4198 per
656 4106 787 4179 multos
818 4108 1032 4201 recognitae,
1066 4107 1247 4200 totiusque
1280 4105 1414 4200 Syncdi
1446 4105 1606 4180 concordi
1640 4111 1725 4178 voto
1759 4105 1951 4194 decretum,

394 4229 435 4299 nt
462 4226 637 4300 Iohannes
665 4227 880 4302 (inesnensis
909 4228 1209 4321 archiepiscopus,
1237 4248 1403 4320 processu
1429 4227 1615 4301 iudiciario
1644 4227 1840 4300 summario
1871 4247 1951 4301 con·

394 4352 450 4419 tra
476 4347 668 4421 Iohannem
694 4349 945 4441 Pyenyansaelr
972 4349 1184 4438 instaurato,
1218 4347 1250 4421 si
1280 4369 1343 4440 per
1369 4347 1606 4439 depositiones
1634 4345 1784 4420 testium
1814 4348 1950 4421 facinus

395 4468 588 4562 allegatum
619 4468 812 4543 Iohannem
845 4468 1096 4562 Pysuyanssek
1126 4472 1286 4561 patrasse
1318 4467 1542 4561 compererit,
1576 4471 1611 4542 ιι
1637 4467 1824 4542 beneficiis
1850 4469 1952 4542 illurn
2018 4447 2019 4536 J

394 4588 511 4682 privet
538 4588 670 4662 habitis
698 4593 733 4663 ιι
759 4589 945 4681 habendis,
975 4595 1010 4664 ιι
1036 4595 1205 4683 perpetue
1234 4589 1380 4680 carceri,
1409 4593 1570 4663 acturum
1598 4587 1675 4662 illic
1692 4588 1952 4681 poeniteutiam
2018 4589 2019 4632 ³

396 4709 453 4784 sui
479 4713 615 4800 reatus,
648 4710 821 4785 includat:
855 4716 896 4785 ut
922 4711 1120 4804 privatione
1151 4717 1186 4786 et
1213 4709 1436 4784 damnatione
1469 4731 1532 4784 sua
1562 4709 1715 4803 prImum
1748 4711 1953 4804 placaretur

394 4831 508 4920 Deus,
538 4830 712 4905 effusurus
740 4831 829 4906 iram
856 4854 955 4906 suam
982 4833 1019 4906 iu
1042 4833 1262 4907 sacerdotum
1288 4831 1481 4925 principes,
1510 4831 1542 4905 si
1560 4852 1630 4904 neu
1648 4831 1756 4905 fuerit
1774 4833 1953 4926 placatus,
2018 4911 2019 4914 p

394 4959 430 5028 ιι
465 4957 507 5026 ut
538 4952 687 5026 tollatur
719 4954 922 5028 scandalum
957 4958 1142 5048 propterea
1172 4953 1265 5028 inter
1296 4952 1470 5028 militares
1503 4961 1539 5027 ιι
1569 4953 1773 5046 populares,
1809 4959 1954 5048 propter
2018 5009 2019 5024 ι

394 5073 612 5151 conditiones
648 5074 786 5150 facinus
822 5075 1046 5168 adiurantes,
1083 5079 1260 5166 exortum,
1297 5080 1334 5149 et
1364 5074 1613 5169 Pyenyansuok
1645 5073 1789 5167 ipsein
1818 5081 1954 5149 motam
2018 5055 2019 5060 Ν

502 5351 525 5435 ι)
547 5356 659 5418 mensis
680 5355 811 5417 Ianuarii
833 5345 897 5417 Ed.
920 5349 1011 5436 nipe.
1036 5349 1062 5433 ⁹)
1085 5351 1264 5414 Provinciali
1286 5347 1351 5434 Ed.
1370 5347 1462 5436 laps.
1480 5348 1506 5432 ³)
1523 5351 1666 5414 Polouiace
1680 5351 1757 5430 Regi
1771 5346 1838 5418 Ed.
1858 5351 1953 5440 La'pn
2018 5293 2019 5296 Ἴ

395 5454 421 5546 ⁴)
444 5457 612 5542 Lyassoclri
634 5457 697 5526 Ed.
721 5457 811 5546 La'pe.
