4264 6280
374 535 422 607 22
880 555 993 607 mana
1019 554 1263 608 nuonecmrus
1291 537 1405 626 (xm).
1639 531 1705 631 (Α.
1726 531 1770 605 D.
1791 531 1917 629 1446.)

373 759 507 826 eorum,
537 737 665 829 quibus
692 738 729 810 iu
757 742 901 812 mortam
930 739 1127 812 destinatus
1160 743 1249 827 erat,
1284 761 1321 812 se
1353 738 1485 812 sciebat
1513 739 1682 827 erasisse,
1712 738 1915 830 augebatur,

374 858 466 948 quod
494 879 573 930 cum
600 857 720 949 Regno
739 862 882 949 paterno
903 864 937 931 at
957 860 1125 947 fraterno,
1153 879 1215 949 par
1234 858 1381 930 alteriue
1401 858 1693 950 surrogationem,
1723 855 1916 929 sibialiam

373 976 484 1048 uitam
512 977 749 1068 augurabatur
776 978 988 1068 ademptam,
1027 999 1131 1068 quam
1159 998 1237 1050 aum
1269 999 1371 1068 aegro
1403 978 1439 1049 in
1467 999 1551 1068 paca
1578 981 1768 1064 servasset,
1802 977 1917 1046 nulla·

374 1101 476 1169 tanus
504 1117 579 1168 eam
608 1117 660 1184 sa,
689 1095 759 1168 iam
786 1101 947 1169 naturam
979 1098 1235 1170 Litbuanorum
1267 1102 1450 1189 expertus,
1484 1097 1646 1169 Bolaslao
1678 1097 1774 1187 Rege
1801 1096 1918 1166 futuro

374 1220 492 1308 partas
519 1215 628 1288 Ducis
656 1215 838 1289 Michaelis
865 1223 1104 1307 promovente,
1134 1221 1169 1290 et
1195 1216 1311 1307 ipsum
1339 1237 1403 1288 sua
1429 1215 1633 1288 assistentia
1651 1219 1686 1286 at
1704 1215 1840 1287 viribus
1859 1215 1917 1286 ee-

376 1335 552 1422 fandanta,
581 1339 812 1408 servaturum.
848 1335 968 1409 Serius
1002 1337 1121 1427 itaque
1152 1357 1256 1427 quam
1284 1335 1477 1408 conditioni
1504 1355 1587 1407 auae
1614 1339 1649 1406 et
1677 1333 1842 1425 qualitati
1868 1333 1919 1405 rei

375 1453 617 1542 conveniebat,
646 1455 823 1545 poenitere
851 1455 907 1527 sui
933 1455 1105 1546 propositi
1132 1455 1263 1546 coepit,
1292 1460 1327 1528 at
1354 1455 1549 1526 Litbuanos
1584 1475 1726 1527 suorum
1754 1453 1918 1525 consilia-

374 1572 506 1645 riorum
542 1573 682 1666 aurigas
719 1575 907 1666 corripere,
945 1576 1037 1666 quod
1064 1575 1179 1666 ipsum
1207 1575 1322 1666 Regni
1353 1575 1521 1646 Poloniae
1554 1579 1706 1665 sceptra,
1745 1573 1813 1644 sibi
1840 1593 1918 1644 cum

292 1774 296 1780 ,
376 1693 470 1765 omni
505 1693 689 1765 honestate
725 1694 858 1781 oblata,
896 1694 1073 1786 suscipere
1110 1694 1333 1768 avertissent.
1371 1694 1498 1786 Itaque
1524 1695 1676 1784 primum
1704 1693 1807 1764 matri
1836 1712 1919 1763 suae

377 1811 528 1902 Sophiae
555 1813 727 1905 Reginae,
757 1813 880 1886 deinde
897 1813 1018 1904 paucis
1038 1813 1246 1904 quibusdam
1264 1813 1468 1902 baronibus,
1498 1813 1727 1885 mutationem
1747 1833 1846 1883 suam
1866 1831 1918 1882 ee·

377 1930 571 2003 cratissima
598 1932 754 2020 intimat,
783 1934 1013 2025 hortatorque
1040 1934 1138 2021 illos,
1167 1939 1208 2005 ut
1224 1955 1297 2006 ram
1320 1933 1511 2025 corrigant,
1541 1932 1747 2005 electionem
1765 1929 1873 2002 Ducis
1892 1931 1919 2018 ¹)

376 2051 533 2121 Bolaslai
560 2050 767 2142 impediant,
796 2057 831 2124 et
857 2052 973 2144 ipsum
1000 2053 1222 2143 pessundari,
1252 2057 1287 2124 et
1314 2074 1358 2124 ex
1387 2053 1462 2126 aius
1488 2057 1638 2144 utroque
1657 2050 1817 2122 Dominio
1837 2049 1918 2122 aiici

375 2191 444 2241 non
471 2170 688 2260 permittant.
717 2172 819 2244 Nune
838 2194 875 2245 ea
893 2173 1043 2263 primum
1063 2193 1183 2263 sapere
1211 2172 1382 2264 coepisse,
1411 2177 1446 2245 et
1474 2173 1510 2243 in
1530 2176 1660 2264 quanto
1680 2175 1839 2244 versatur
1858 2190 1916 2260 pa·

376 2288 505 2376 riculo,
535 2289 566 2360 si
593 2291 707 2381 Regni
734 2292 901 2365 Poloniae
929 2294 1095 2365 abnueret
1121 2292 1374 2384 gubsmacula,
1404 2292 1516 2363 sarius
1539 2291 1770 2364 intellexisse.
1800 2289 1919 2360 Marti·

377 2429 444 2479 nus
463 2408 505 2480 da
525 2408 684 2483 Schadek
702 2411 965 2484 archidiaconus
983 2411 1181 2500 Viluensis,
1206 2411 1261 2482 vir
1279 2417 1315 2483 et
1333 2411 1471 2503 ingenio
1500 2412 1638 2502 pollens
1657 2415 1692 2482 et
1710 2407 1919 2500 eloquentia,

380 2548 400 2598 a
427 2527 530 2618 longo
558 2532 711 2619 tempore
739 2529 962 2603 Litbuanicis
990 2531 1148 2603 consiliis
1175 2531 1344 2603 interesse
1372 2530 1515 2618 solitus,
1536 2551 1614 2603 oum
1633 2532 1752 2620 aperte
1771 2549 1840 2599 non
1859 2549 1918 2598 au-

378 2645 490 2735 daret,
519 2649 677 2720 clanculo
705 2653 821 2722 tamen
847 2651 1065 2723 Kauimirum
1091 2653 1221 2724 Ducem
1237 2649 1267 2740 ²)
1296 2651 1447 2744 singulis
1473 2651 1612 2738 diebus,
1641 2671 1684 2722 ne
1711 2648 1825 2740 Regni
1853 2648 1918 2719 Po·

379 2766 495 2838 loniae
528 2767 685 2840 diadema
716 2769 924 2862 negligeret,
962 2771 1183 2843 admonebat:
1221 2770 1412 2842 maximum
1444 2771 1639 2861 proiectum
1671 2773 1706 2842 at
1741 2770 1846 2840 decus
1878 2787 1921 2838 ex

380 2887 632 2977 acceptatione,
671 2888 898 2980 ignominiam
914 2888 945 2980 ³)
982 2895 1016 2962 at
1046 2890 1241 2982 periculum
1278 2887 1334 2962 sui
1370 2894 1484 2962 status
1520 2911 1581 2962 ax·
1600 2887 1811 2962 refutatione
1842 2907 1920 2958 oon-

382 3013 578 3078 secuturus.

379 3358 500 3429 liorem
522 3359 660 3430 mutetis
686 3361 874 3431 senatorum
900 3361 1002 3450 llegui
1028 3361 1179 3433 Poloniae
1207 3361 1339 3447 animis,
1368 3361 1548 3432 kazimirus
1574 3361 1645 3432 ltux
1668 3360 1860 3431 litterulae
1882 3358 1925 3430 st

381 3477 524 3567 Regnum
545 3478 694 3550 Poloniae
717 3479 906 3565 accersitur,
930 3481 1120 3552 serentibus
1141 3481 1308 3552 nonnullis
1329 3482 1414 3552 tous
1436 3482 1559 3570 regalia
1581 3479 1787 3564 tenentibus,
1809 3497 1851 3549 ne
1875 3496 1925 3548 eo·

759 3616 827 3670 run
849 3599 1062 3688 reintegratio
1084 3617 1141 3689 par
1162 3599 1342 3671 boleslaum
1364 3603 1542 3689 repetetur.

488 3844 686 3935 Appetebat
713 3849 868 3936 tempus,
897 3867 963 3937 quo
984 3845 1085 3917 iuxta
1103 3845 1244 3918 comitia
1267 3845 1499 3936 Pyotrlroviaa
1515 3845 1546 3933 ⁴)
1574 3844 1709 3930 habita,
1740 3842 1829 3915 Duci
1852 3841 1923 3914 Ma·

384 3963 501 4035 sosiae
529 3964 691 4036 Bolaslao
720 3964 843 4036 electio
870 3985 932 4055 per
950 3965 1092 4036 nuntios
1125 3965 1168 4035 ad
1187 3965 1222 4036 id
1242 3965 1442 4056 designatos
1484 3968 1559 4036 arat
1594 3964 1805 4051 intimanda3
1843 3965 1925 4034 Dux

384 4105 521 4174 quoque
548 4084 733 4156 Bolaslaus
760 4083 887 4156 certior
913 4085 955 4157 da
982 4084 1124 4156 illorum
1152 4083 1304 4156 adventu
1332 4086 1461 4170 factata,
1491 4091 1714 4173 suscepturos
1734 4105 1770 4154 se
1790 4083 1871 4153 illos
1891 4085 1927 4154 et

382 4204 611 4275 honoraturos
638 4202 855 4293 disponebat.
895 4202 1021 4275 Verum
1049 4204 1188 4275 interim
1215 4204 1334 4293 plures
1361 4203 1507 4275 barones
1535 4203 1798 4290 cracovienaes,
1826 4223 1924 4293 rega·

383 4321 432 4394 lia
458 4323 549 4394 bona
576 4326 749 4411 tenentes,
778 4324 963 4396 vehemens
991 4323 1143 4414 suspicio
1165 4343 1341 4414 pavorque
1367 4323 1475 4413 oepit,
1504 4324 1634 4395 Ducem
1663 4321 1837 4393 Masoviaa
1857 4323 1925 4391 Bo-

384 4441 549 4530 laslaum,
568 4464 630 4534 pro
650 4464 714 4514 sua
731 4443 933 4534 prudentia,
954 4443 1217 4534 occupationem
1234 4443 1406 4534 regalium
1432 4443 1616 4530 bonorum,
1646 4443 1767 4533 Regno
1786 4441 1924 4530 adepto,

386 4562 590 4634 nullatenus
610 4563 856 4649 toleraturum,
886 4561 946 4635 aad
965 4562 1074 4634 variis
1093 4562 1162 4633 viis
1181 4569 1216 4634 et
1235 4561 1509 4633 circumstantiis
1533 4560 1838 4652 reintegrationem
1858 4561 1926 4630 Ra·

385 4681 446 4774 gui
474 4681 689 4753 effecturum.
717 4681 933 4754 Versabatur
959 4681 1068 4774 igitur
1094 4682 1164 4754 iam
1190 4687 1274 4753 tunc
1301 4687 1381 4754 ante
1409 4702 1526 4753 eorum
1554 4681 1689 4767 oeulos,
1719 4679 1809 4770 quod
1836 4679 1927 4751 bona

386 4800 533 4892 regalia,
571 4801 737 4872 diuturno
773 4806 927 4892 tempora
962 4821 1145 4891 possessa,
1183 4805 1300 4872 essent
1335 4799 1519 4889 amissuri,
1557 4798 1809 4889 diminutisque
1845 4799 1926 4869 sub-

386 4920 545 5009 stantiis,
574 4920 679 4992 etiam
707 4925 839 4992 statum
871 4921 1035 4992 suumin
1065 4940 1248 5010 equorum,
1282 4919 1524 5005 familiarium,
1557 4917 1708 4990 restium
1736 4921 1770 4989 et
1797 4937 1926 5008 expan-

385 5060 501 5111 sarum
528 5040 763 5130 profusarum,
792 5045 1005 5131 ornatusque
1020 5039 1050 5129 ⁵)
1078 5060 1227 5111 uxorum
1255 5043 1290 5111 et
1317 5039 1468 5110 filiarum
1487 5038 1603 5128 ampla
1630 5041 1665 5108 et
1692 5037 1841 5127 superba
1869 5058 1926 5107 su-

494 5313 519 5392 1)
540 5313 691 5375 Maaeviae
712 5313 805 5374 Ducis
826 5308 889 5373 Ed.
913 5307 1004 5393 Lipe.
1029 5307 1056 5390 ⁹)
1079 5310 1255 5371 Litbuaniae
1277 5309 1389 5370 Ducam
1411 5305 1474 5370 Ed.
1497 5304 1588 5390 Lips.
1613 5305 1842 5387 ³)iguomiuiam
1858 5327 1928 5370 vero

387 5415 450 5482 Ed.
473 5415 563 5503 Lips.
588 5413 615 5495 ⁴)
637 5417 820 5478 Petriooviae
849 5411 923 5477 occ.
947 5411 1014 5476 Ista.
1041 5412 1066 5492 ὕ)
1090 5418 1281 5488 amatumque
1303 5409 1367 5474 Ea.
1390 5409 1479 5494 Lc'pa
