4090 6290
144 562 216 664 (Α
237 563 281 638 Ι).
302 562 431 663 1475.)
665 588 777 640 amns
802 587 1049 640 musaraneus
1075 571 1189 659 (rrrr).
1622 567 1695 640 637

145 772 295 846 soriam:
317 773 516 866 mansitque
534 795 625 846 unus
644 773 682 845 in
700 773 848 860 Lublin,
878 774 968 846 alter
995 772 1031 845 in
1050 773 1286 865 Hrubpesrow
1305 773 1333 862 ¹)
1361 773 1509 846 Iacobus
1528 772 1694 861 Oohman‚

144 894 309 985 quamvis
341 895 523 987 pontifices
556 900 591 968 ιι
623 893 687 966 alii
719 893 950 968 ecclesiastici
987 893 1225 967 solicitassent
1256 894 1497 985 frequentibus
1533 893 1695 984 precibus

144 1019 184 1086 et
211 1015 369 1088 consiliis
402 1016 620 1089 Karimirum
652 1015 784 1108 Regem
818 1013 1000 1104 Poloniae,
1038 1037 1081 1093 ue
1113 1021 1186 1090 tam
1217 1015 1402 1112 pestiferos
1435 1015 1627 1088 homicides
1659 1015 1696 1088 in

143 1135 224 1208 suis
251 1135 513 1231 Principatibus
540 1138 664 1232 degere
692 1142 881 1231 pateretur.

142 1491 288 1564 lollius
316 1492 497 1583 llungariae
527 1493 596 1564 lter
627 1493 868 1584 expeditione·
894 1495 1009 1566 eontra
1031 1493 1148 1564 iurem
1170 1493 1265 1579 lacit,
1289 1492 1506 1565 attenditis
1529 1493 1694 1563 comnia

141 1614 218 1703 ripa
248 1613 338 1684 duvii
369 1615 485 1686 tavae
513 1614 712 1703 mnemia,
746 1614 872 1686 domun
902 1613 1093 1700 revortitvn
1123 1614 1213 1684 irrui
1243 1631 1322 1686 voro
1349 1632 1425 1686 mox
1456 1631 1527 1686 ann
1555 1612 1697 1703 sequuti,

592 1734 786 1823 drugonem
807 1736 884 1824 igne
907 1738 942 1806 ct
964 1734 1085 1824 praeda
1106 1734 1254 1825 inplent

252 1982 294 2054 In
322 1981 470 2054 aestatis
496 1981 578 2054 andi
606 1981 711 2056 huius
738 1983 807 2054 line
835 1981 986 2054 Mathias
1014 1981 1216 2074 Hungariae
1235 1981 1328 2068 Rex,
1353 1981 1434 2053 dato
1453 1981 1628 2054 militibus
1647 1981 1691 2054 li-

140 2101 258 2174 berali
286 2101 323 2174 in
351 2124 435 2175 auro
463 2102 655 2193 stipendio,
685 2103 777 2194 quod
804 2103 1006 2194 Hungariae
1033 2103 1210 2193 Regnum,
1240 2104 1333 2174 faeta
1349 2103 1513 2190 collecta,
1537 2101 1695 2194 pronitas

142 2221 186 2293 in
205 2221 240 2294 id
259 2222 391 2294 bellum
418 2224 632 2309 contulerat,
660 2244 740 2295 cum
763 2223 916 2296 maximo
935 2223 1192 2310 machinarum,
1219 2243 1400 2310 curruum,
1429 2222 1695 2295 bombardorum

142 2346 334 2434 apparatu,
362 2325 494 2416 habens
522 2343 639 2416 desem
658 2343 773 2416 millia
790 2346 1041 2435 pugnatorum,
1072 2349 1143 2414 tam
1171 2343 1386 2434 equestrium
1402 2341 1447 2430 2),
1476 2364 1580 2434 quum
1599 2342 1695 2435 pedi·

143 2468 240 2550 tum,
268 2466 389 2535 contra
416 2465 567 2538 Tuscum
593 2463 781 2555 processit:
811 2463 1015 2555 significans
1042 2485 1079 2538 se
1098 2452 1241 2536 Summo
1258 2461 1423 2536 Pontifici
1442 2462 1546 2536 Sixto
1563 2467 1598 2535 et
1616 2464 1695 2554 plu·

142 2583 246 2656 ribus
285 2583 468 2656 catholicis
505 2583 679 2676 Regibus,
717 2585 906 2656 lurcorum
939 2583 1119 2656 Caesarem
1153 2589 1248 2656 metu
1280 2603 1343 2655 suo
1370 2582 1615 2670 constrictum,
1645 2586 1698 2654 lu-

141 2702 315 2795 gientem,
349 2708 627 2794 persecuturum.
666 2703 895 2778 Gloriationis
927 2709 1045 2776 autem
1081 2725 1165 2776 suae
1202 2702 1340 2776 futilem
1371 2703 1496 2776 retulit
1532 2705 1624 2776 noct
1687 2759 1695 2776 .

142 2823 239 2895 Nam
266 2822 310 2894 ad
337 2823 583 2896 confluentiam
612 2823 764 2896 Danubii
788 2828 823 2896 et
841 2824 960 2898 Savao
987 2845 1066 2898 oum
1094 2828 1192 2896 tanto
1225 2823 1383 2896 exercitu
1410 2823 1633 2914 perveniens,
1662 2828 1698 2896 ιι

142 2943 185 3015 in
212 2943 289 3034 ripa
316 2943 436 3017 Salvae
463 2945 507 3016 ad
534 2944 772 3018 Pannonicum
797 2943 974 3036 regionem
1003 2945 1266 3036 contingentem
1292 2945 1429 3016 bastam
1448 2964 1510 3017 seu
1529 2943 1695 3016 munitio·

142 3084 226 3136 nem
255 3085 276 3135 a
302 3065 413 3136 sarco
441 3068 605 3152 erectam,
635 3085 739 3155 quam
764 3063 920 3156 quinquo
938 3063 1092 3138 millium
1110 3066 1300 3138 Turdorum
1319 3085 1444 3138 manns
1462 3063 1602 3157 egregie
1620 3068 1694 3136 tne-

141 3185 289 3270 bantur,
318 3205 396 3256 cum
424 3183 644 3272 offendisset,
672 3205 742 3256 non
768 3184 863 3256 ultra
890 3183 1054 3276 progredi
1080 3205 1204 3272 ausus,
1234 3204 1278 3256 no
1296 3187 1332 3256 ιι
1350 3205 1371 3254 a
1390 3184 1503 3257 fronte
1529 3205 1592 3275 per
1610 3183 1696 3255 Tur·

143 3325 223 3391 cos,
251 3303 312 3395 qui
340 3309 375 3376 et
400 3303 471 3396 ipsi
497 3323 724 3378 numerosum
753 3303 827 3392 illi,
861 3303 924 3376 vix
948 3303 985 3375 in
1004 3302 1177 3378 distantia
1202 3303 1310 3376 trium
1337 3303 1561 3391 milliarium,
1588 3323 1694 3394 oppo-

144 3428 291 3498 suerant
318 3423 527 3512 exercitum,
557 3428 592 3498 ιι
619 3445 640 3498 a
666 3428 764 3516 tergo
792 3423 1073 3512 concluderetur,
1102 3422 1178 3496 illio
1206 3422 1384 3511 substitit,
1409 3429 1444 3498 et
1461 3423 1598 3496 bustam
1616 3443 1696 3514 pro-

142 3545 384 3635 pugnaculum
412 3543 543 3618 hostile
573 3545 769 3635 praelatum
801 3563 870 3615 non
904 3543 979 3618 sino
1007 3565 1149 3616 suorum
1178 3548 1323 3616 cruenta
1349 3543 1449 3616 clade
1475 3541 1697 3634 conquirens,

143 3669 184 3736 et
210 3663 369 3754 singulos
396 3664 527 3736 Turoos
554 3663 654 3736 illam
681 3663 906 3738 defendentes
937 3663 1160 3752 interimens,
1189 3664 1290 3736 nulla
1322 3663 1395 3736 alia
1423 3684 1462 3737 re
1479 3661 1696 3736 memorabili

144 3788 249 3875 gesta
280 3784 452 3870 conlecta,
480 3783 518 3854 in
546 3783 681 3856 Budam
713 3803 891 3872 reversus,
916 3780 1146 3858 'sridoricum
1174 3783 1374 3872 Gaesarem,
1398 3783 1518 3856 missis
1546 3782 1591 3857 ad
1617 3803 1696 3855 eum

145 3902 350 3976 solennibus
378 3902 530 3987 nuntiis,
559 3903 659 3976 cuius
686 3903 903 3995 provinciae,
936 3903 1331 3992 corinthiensem,
1360 3924 1423 3995 per
1449 3904 1580 3976 lurcos
1608 3903 1696 3975 Bos·

145 4044 229 4094 nam
255 4026 339 4094 tunc
367 4022 565 4096 obtinentes
592 4023 839 4110 vastabantur,
867 4025 1002 4117 regalia
1029 4023 1098 4097 sibi
1126 4023 1218 4113 dari,
1248 4023 1373 4096 multis
1398 4023 1477 4096 dolo
1510 4021 1696 4096 oblationi·

144 4145 215 4216 bus
251 4146 370 4231 utens,
403 4143 557 4234 petebat.
595 4142 743 4216 Interim
776 4148 893 4216 autem
926 4145 1116 4218 lurcorum
1151 4143 1330 4218 exercitus
1358 4143 1396 4216 in
1423 4163 1552 4235 magna
1576 4141 1697 4216 multi-

145 4263 269 4336 tudino
300 4263 481 4355 ingressus
513 4263 675 4354 Regnum
709 4263 927 4356 Hungariae,
961 4263 1069 4352 illud,
1102 4264 1241 4337 nemine
1271 4262 1507 4338 resistentium
1526 4261 1695 4349 iaoiente,

145 4383 249 4456 forali
275 4383 374 4455 clade
400 4381 547 4470 afflixit,
577 4387 614 4454 et
639 4403 751 4474 usque
769 4383 813 4456 ad
833 4382 1046 4458 Varadinum
1072 4388 1270 4476 grassatus,
1300 4383 1480 4458 civitatem
1499 4382 1605 4457 etiam
1626 4381 1695 4454 Va-

144 4503 358 4588 radiensom‚
379 4507 480 4576 sexta
498 4503 554 4575 die
573 4503 757 4576 Februarii
771 4501 814 4593 ³),
839 4509 874 4576 ιι
892 4503 1092 4576 universam
1112 4503 1363 4578 Varadienssm
1378 4504 1574 4596 regionem,
1592 4501 1697 4576 caede

146 4629 183 4696 ιι
201 4623 281 4714 igne
299 4622 466 4695 vastavit.
495 4623 571 4694 Arx
590 4622 818 4698 Varadiensis
834 4643 937 4716 aegre
955 4624 1107 4698 defensa.
1132 4623 1279 4716 Captiva
1297 4629 1414 4698 autem
1432 4623 1565 4698 ducens
1583 4623 1696 4696 multa

146 4743 262 4815 millis
288 4739 581 4831 Christianorum,
609 4743 738 4834 praeda
764 4745 871 4818 etiam
898 4744 1034 4836 ingenti
1052 4748 1217 4833 onustus,
1245 4744 1283 4818 in
1300 4743 1424 4835 propia
1442 4742 1599 4818 divertit.
1627 4743 1696 4816 Lo·

146 4866 327 4936 custarum
355 4861 459 4934 etiam
487 4862 627 4936 infinita
658 4864 868 4953 multitudo,
897 4865 1044 4956 singula
1074 4885 1281 4938 consumens
1309 4869 1344 4938 ιι
1371 4864 1541 4939 devorans
1568 4862 1696 4956 germi-

145 5004 194 5054 na
208 4983 252 5072 4),
279 4986 418 5074 praetor
445 4981 531 5054 lolia
557 4981 752 5072 vinearum,
786 4983 1004 5076 Hnngariam
1037 4984 1232 5077 affligebat:
1265 4983 1398 5058 cladem
1426 5004 1531 5076 super
1557 4983 1691 5058 cladem

147 5107 373 5176 conservante
400 5103 437 5174 in
464 5123 543 5175 enm
570 5123 700 5176 annum
728 5103 764 5176 in
790 5109 930 5197 gentem
957 5103 1194 5178 Pannonicum
1221 5103 1342 5176 divina
1368 5103 1514 5178 ultione.

256 5376 279 5457 ¹)
300 5377 497 5439 Rabiesohow
519 5375 585 5443 Ed.
607 5375 698 5460 Lc'pa
732 5376 759 5456 ²)
781 5378 913 5452 equiturn
935 5373 999 5439 Ed.
1022 5373 1115 5458 Lipa.
1147 5375 1175 5455 ³)
1196 5378 1308 5442 mensis
1336 5376 1492 5438 Februarii
1521 5371 1586 5438 Ed.
1607 5371 1698 5461 [cipe.

150 5480 177 5562 ⁴)
200 5481 349 5560 genimina
369 5477 433 5544 Ed.
455 5477 548 5562 Im‘ps.
1217 5513 1222 5522 ·
