4126 6280
112 557 173 659 (Α.
190 557 237 634 D.
257 553 384 656 1457.)
618 577 732 634 nnana
757 563 1145 652 ouonnemns(x1m).
1581 559 1656 634 245

111 787 200 842 uero·
214 765 300 840 feria
327 766 451 859 quinta
477 767 515 840 16
543 765 666 857 Neue,
695 765 782 840 16616
810 771 911 840 sexta
937 767 975 841 in
1003 767 1186 862 stargard,
1216 766 1369 841 Sabbato
1396 765 1435 839 in
1454 765 1542 840 61116
1569 787 1654 859 qna·

111 889 186 962 dam
215 909 285 960 uno
313 887 460 960 milliari
487 887 642 961 distante
661 888 701 977 1),
730 887 966 962 66666666616.
1000 887 1067 962 1116
1094 893 1210 962 autem
1239 886 1422 961 Dominiea
1449 887 1658 962 Sanetorum

110 1009 266 1102 Philippi
292 1013 328 1084 et
345 1009 464 1084 Iaoobi
479 1007 522 1099 ²),
552 1008 750 1082 1666166666
776 1010 879 1098 16666,
909 1009 1053 1084 (1666616
1079 1009 1299 1101 ingressuro,
1332 1007 1485 1101 primum
1512 1009 1658 1082 Carolus

111 1130 250 1204 Sueoiae
275 1131 370 1219 Rex,
399 1130 460 1223 qui
486 1132 645 1204 recenter
672 1151 692 1202 a
719 1129 793 1202 suis
821 1131 1008 1223 expulsus,
1037 1129 1124 1204 illno
1151 1151 1188 1203 se
1212 1131 1424 1218 6666616666,
1454 1150 1532 1202 oum
1562 1129 1657 1203 omni

111 1249 240 1324 familia
267 1271 348 1340 666,
376 1250 525 1342 pedibus
554 1249 711 1344 (navigio
740 1249 1380 1340 6616666661666666660661616.
1409 1250 1656 1325 Ρ6ο666616666

109 1371 230 1446 661666
257 1371 672 1460 66616666616616666,
701 1371 787 1445 item
806 1372 960 1446 omnium
977 1393 1221 1465 personarum,
1251 1371 1412 1445 ordinum
1432 1375 1467 1444 et
1485 1375 1655 1460 statuum,

109 1491 314 1566 conditionis
333 1497 438 1586 atque
466 1513 589 1584 66666,
609 1494 652 1567 66
672 1492 912 1584 extremuni)
932 1493 1100 1586 lapidem,
1121 1493 1235 1567 uisuri
1254 1492 1490 1566 desideratum
1509 1493 1653 1587 Regem,

108 1615 143 1688 in
169 1614 383 1688 ornamentis
413 1614 730 1706 praestantioribus
764 1619 800 1689 et
828 1615 1046 1708 fulgentibus
1079 1613 1227 1708 egrossi:
1260 1613 1517 1705 puloherrimus
1551 1613 1656 1704 enim,

109 1735 280 1828 gloriosus
310 1740 345 1809 66
372 1735 596 1829 magnificus,
624 1736 745 1829 regius
772 1735 809 1808 in
836 1740 971 1808 tantam
998 1735 1120 1808 urbem
1146 1734 1343 1828 ingressus,
1377 1739 1476 1807 66666
1503 1733 1657 1808 militum

108 1860 261 1945 6666666,
294 1860 394 1928 66666
425 1857 709 1949 praecedentium
738 1861 772 1930 66
799 1856 1090 1950 subsequentium
1122 1854 1351 1930 multitudine
1383 1853 1588 1948 speetabilis
1622 1859 1657 1928 66

108 1978 265 2066 6666666,
294 1977 483 2070 6666116661
510 1978 687 2051 666166666
715 1977 923 2067 munimine,
952 1982 993 2050 ut
1019 1978 1211 2050 multarum
1237 1977 1396 2070 gentium
1421 1982 1456 2050 et
1474 1976 1657 2050 nationum

107 2097 228 2188 animi,
258 2119 405 2191 quarum
432 2097 523 2188 illio,
553 2100 653 2172 66166
679 2099 717 2172 16
743 2098 889 2172 61616666
907 2099 1084 2172 maritima
1110 2102 1145 2172 66
1172 2098 1345 2172 meroibus
1369 2097 1497 2172 eelebri
1516 2101 1550 2171 66
1569 2119 1654 2190 opu·
1793 2127 1797 2132 ’

107 2220 216 2308 16666,
246 2220 429 2294 666666616
456 2240 533 2293 6666
560 2219 703 2313 grandis
731 2219 927 2312 congeries,
953 2225 988 2293 66
1008 2219 1188 2314 signanter
1206 2220 1438 2293 Bohemernm
1458 2223 1493 2292 66
1511 2219 1656 2292 616666-

107 2361 244 2429 rorum,
274 2340 334 2433 qui
361 2341 405 2413 ad
423 2341 625 2414 huiusmodi
644 2342 884 2433 epeotaeulnm
902 2341 1223 2433 oontemplandum,
1253 2345 1288 2414 66
1316 2341 1359 2414 66
1391 2340 1579 2414 61666666
1598 2361 1656 2412 su·

107 2461 320 2552 pelleetilem
348 2461 524 2535 exereitus
544 2462 636 2555 'regii
655 2466 905 2551 66666666666,
935 2461 1060 2535 nonin
1079 2461 1344 2535 admirationem
1362 2467 1517 2551 666666,
1546 2483 1655 2554 quan-

107 2587 179 2654 tum
215 2581 255 2654 in
288 2586 465 2675 stuporem
502 2587 733 2658 verterentur.
771 2584 816 2656 116
855 2581 933 2657 Rex
969 2583 1110 2675 quidem
1146 2582 1349 2656 Karimirus
1386 2583 1548 2656 omnibus
1586 2581 1655 2656 sibi

108 2702 245 2776 obuiam
273 2703 424 2796 egressis
452 2703 579 2778 turmis
607 2705 835 2778 favorabilem
863 2709 898 2778 et
924 2704 1114 2797 benignum
1148 2725 1185 2778 66
1216 2704 1394 2796 praebuit,
1429 2703 1657 2798 singulosque

111 2827 226 2896 status
255 2828 291 2898 et
310 2825 466 2914 ordines,
494 2825 602 2899 hilari
629 2830 701 2898 tam
730 2827 848 2916 66166,
882 2847 987 2918 quam
1018 2831 1138 2919 gestu,
1171 2825 1446 2918 exceptionequo
1477 2824 1655 2898 666666616.

106 2943 161 3016 66
186 2944 349 3018 66661666
376 2951 493 3020 66666
522 2947 665 3021 Sueoiae
692 2948 825 3040 Regem
857 2947 900 3020 ab
928 2967 1016 3039 equo
1045 2946 1195 3020 exiliens
1228 2951 1264 3019 66
1286 2946 1515 3036 6666666666,
1539 2945 1657 3039 ipsum

106 3087 173 3138 non
199 3070 242 3138 ut
269 3066 425 3157 exulem,
454 3067 515 3140 666
543 3067 611 3141 sibi
646 3089 765 3161 parem
802 3067 956 3160 exoopit,
994 3071 1030 3140 66
1058 3087 1145 3159 equo
1176 3066 1272 3160 regio
1310 3067 1353 3140 66
1380 3067 1418 3140 16
1443 3070 1653 3161 6666666666

105 3187 258 3261 16666666
285 3187 491 3278 6666616616,
519 3188 677 3281 miroque
705 3193 740 3262 66
766 3188 923 3262 mirando
952 3187 1107 3261 omnium
1140 3189 1258 3262 fauere
1289 3189 1514 3281 6666166666
1542 3187 1653 3277 urbis,

107 3329 193 3400 qnae
220 3307 266 3380 ad
292 3309 588 3383 cohonestandum
620 3310 819 3404 ingressum
851 3331 955 3382 suum
986 3309 1096 3383 uariis
1128 3309 1224 3382 ludis
1256 3313 1291 3384 et
1319 3309 1529 3402 speetaeulis
1558 3313 1658 3382 erant

105 3431 271 3519 refertae,
299 3429 480 3520 16666666,
509 3431 552 3503 66
581 3431 730 3505 Sanotae
757 3431 888 3505 1166166
919 3431 1102 3505 6661661666
1129 3431 1302 3524 66666616.
1336 3429 1655 3504 11611116666666-

106 3550 211 3639 6666,
240 3550 433 3644 gratiarum
460 3551 596 3626 6661666
610 3552 642 3642 ⁴)
669 3552 707 3625 in
740 3553 852 3625 Deum
880 3556 915 3626 et
943 3552 1108 3642 Sanetus,
1141 3574 1204 3645 pro
1236 3551 1405 3625 ineolumi
1436 3572 1499 3624 sno
1532 3555 1567 3624 66
1601 3549 1657 3622 661

109 3671 285 3745 exereitus
297 3670 337 3763 5)·
355 3672 526 3762 6666666,
555 3677 590 3746 66
617 3673 793 3747 oblatione
808 3673 840 3764 6)
876 3673 978 3746 iuxta
1010 3673 1286 3747 munifieentiam
1312 3673 1446 3767 regiam
1473 3673 1582 3760 16666,
1611 3670 1655 3743 11-

109 3792 266 3865 66661666
287 3792 434 3867 Sueoiae
460 3793 557 3888 Rege
584 3794 723 3885 Oarolo,
751 3795 789 3868 in
815 3794 1042 3886 praetorium,
1071 3795 1187 3874 loonm
1215 3793 1283 3868 sibi
1301 3814 1363 3886 pre
1382 3792 1536 3886 hospitio
1554 3813 1653 3885 prae·

105 3916 283 4005 paratum,
310 3913 474 4004 61666616,
503 3915 648 4010 diesque
675 3916 738 3990 ille
765 3915 802 3988 in
829 3936 955 4008 magna
986 3915 1123 3990 laetitia
1151 3919 1186 3988 66
1204 3913 1372 4008 tripudiis
1409 3935 1430 3986 a
1462 3912 1654 3987 116666661-

105 4033 170 4106 bus
198 4033 408 4126 absumptus
436 4039 501 4109 est.
529 4036 672 4130 Ingenti
698 4035 941 4109 multitudinis
968 4037 1087 4110 favere
1115 4039 1284 4128 66666666
1316 4035 1395 4108 Rex
1427 4039 1517 4124 erat,
1551 4037 1587 4106 et
1619 4032 1656 4106 in

105 4154 209 4228 66666
238 4154 412 4228 66666666
440 4156 496 4228 661
522 4157 642 4248 616666
661 4177 805 4230 numero
823 4155 899 4229 ludi
917 4156 1107 4231 instaurati
1126 4161 1162 4231 et
1180 4157 1396 4249 speotaoula,
1425 4155 1462 4228 in
1481 4154 1609 4246 quibus
1626 4153 1656 4244 ⁷)

105 4275 186 4347 aliis
205 4275 346 4348 laetitia
364 4275 475 4349 effusa
498 4278 610 4351 ι61666
638 4277 790 4366 ο666661;
818 4276 857 4350 16
884 4278 1113 4370 sequentibus
1140 4299 1222 4352 6666
1250 4277 1375 4350 diebus
1389 4275 1421 4366 8)
1447 4275 1658 4369 gladiatoria

106 4399 140 4468 st
165 4395 442 4470 hastiludiorum
470 4418 573 4491 opera
600 4419 705 4490 quam
728 4397 907 4472 oelerrime
925 4419 988 4490 per
1006 4398 1140 4472 milites
1158 4398 1289 4492 regios,
1319 4400 1499 4490 speotante
1525 4396 1656 4489 populo

105 4515 270 4590 uniuerso
298 4522 333 4591 et
361 4539 382 4590 a
408 4518 587 4592 laboribus
619 4519 694 4592 suis
731 4540 870 4608 666666,
909 4519 1112 4594 edebantur.
1140 4519 1277 4593 Habuit
1303 4523 1421 4592 autem
1448 4518 1527 4590 Rex
1542 4517 1574 4594 ⁰)
1602 4537 1655 4590 se·
1717 4504 1718 4507 Ὺ

107 4657 184 4709 oum
216 4638 410 4712 Iohannem
443 4638 645 4732 episeopnm
680 4640 1029 4730 wladislaviensem,
1061 4640 1265 4714 Iannssium
1297 4640 1429 4713 Duoem
1461 4637 1655 4712 066666661-

106 4778 260 4831 mensem
277 4758 335 4848 ¹⁰),
363 4757 585 4834 Luthkonem
603 4761 644 4834 de
663 4763 816 4854 Brnenye
835 4762 892 4851 ¹¹),
920 4761 1199 4854 protonotarium
1226 4759 1458 4853 apostolieum
1486 4763 1521 4832 et
1539 4757 1656 4851 Regni

106 4877 274 4952 Poloniae
300 4879 643 4972 vioooanoellarium,
673 4881 890 4956 stanislaum
914 4883 956 4956 de
984 4882 1150 4976 Ostrorog
1177 4881 1442 4970 661166166666,
1470 4880 1657 4953 1166616666

214 5188 238 5268 ¹)
261 5191 390 5252 61666666
412 5211 431 5252 6
453 5191 579 5254 (idansk
601 5187 666 5254 Ed.
689 5189 783 5275 Dipo.
808 5187 834 5276 ²)
853 5192 983 5271 Philippi
998 5197 1029 5254 et
1041 5194 1143 5254 Iaoobi
1164 5190 1373 5271 Apostolorum
1388 5187 1451 5254 md.
1467 5187 1559 5273 Lipo.
1576 5185 1604 5268 ³)
1619 5189 1659 5250 ad

105 5293 240 5354 ultimum
264 5289 341 5358 Coe.
364 5291 433 5358 Lis.
457 5292 484 5374 ⁴)
507 5297 639 5358 sationes
660 5292 725 5359 Ed.
747 5292 838 5380 [666.
871 5291 1463 5377 ὕ)66661666661616631611361.16166.
1495 5290 1522 5374 ο)
1545 5292 1656 5370 obliga·

106 5397 186 5457 tione
209 5395 272 5459 Ed.
296 5395 387 5482 Lipo.
420 5396 450 5479 ')
473 5400 632 5476 atquibus
655 5397 719 5462 Ed.
742 5397 834 5483 Lipe.
866 5399 893 5480 8)
916 5401 1021 5462 diebus
1051 5398 1137 5463 deest
1158 5398 1196 5462 aba
1219 5393 1295 5462 Coe.
1324 5395 1412 5462 Galo.
1443 5395 1471 5478 9)
1496 5397 1657 5460 casimirus

106 5497 170 5561 Rex
191 5498 256 5563 Ed.
280 5498 371 5586 Lipe.
399 5500 439 5582 ¹⁰)
462 5503 765 5584 Osswyaouimensem
786 5501 851 5566 Ed.
874 5501 966 5587 [666.
994 5503 1031 5584 ¹¹)
1053 5505 1091 5566 de
1112 5505 1222 5565 Basse
1250 5499 1325 5565 Ood.
1350 5498 1439 5564 Calo.
