4090 6290
128 557 197 662 (Α.
217 558 262 638 D.
283 557 409 661 1477.)
644 581 758 638 araus
783 579 1028 638 uuouueunus
1041 629 1043 633 .
1056 559 1170 658 (unu).
1609 559 1680 633 661

125 883 323 960 Vindicium
345 884 516 956 bohaniae
539 869 609 957 dex
632 884 832 956 atalarico
864 884 1017 972 baccare,
1048 885 1100 956 coi
1121 886 1156 956 tn
1180 883 1358 958 subsidium
1388 885 1583 975 advenerat,
1606 883 1683 959 rael·

311 1007 361 1101 pit
382 1007 525 1100 iusignia
547 1006 685 1100 raguta,
709 1007 834 1080 Somno
856 1006 1010 1082 dontibus
1034 1006 1128 1082 sixto
1152 1011 1269 1101 quarte
1291 1009 1506 1100 repugnante.

233 1253 421 1330 Behemiae
440 1255 518 1330 Rex
538 1253 774 1345 wladislaus,
804 1256 971 1330 solatium
989 1257 1017 1348 1)
1045 1256 1173 1331 fortius
1205 1255 1384 1334 Friderico
1403 1258 1558 1351 Caesari,
1587 1260 1684 1333 ultra

130 1376 184 1466 id,
214 1376 306 1470 quod
333 1377 421 1450 duce
449 1375 605 1450 Burrian
632 1381 714 1451 aute
741 1377 831 1450 festa
858 1377 1016 1453 Paschae
1044 1380 1302 1470 transmiserat,
1330 1385 1453 1455 contra
1478 1381 1682 1484 Hungariae

128 1497 261 1592 Regem
276 1495 306 1586 ²)
338 1497 494 1588 laturus,
528 1497 590 1592 qui
622 1519 718 1572 arma
751 1497 892 1573 assidue
924 1501 1167 1593 conquirebat,
1201 1503 1532 1596 accumulabatque,
1561 1507 1683 1578 contra

126 1617 308 1693 Caesarem
336 1617 572 1710 Fridericum,
600 1620 694 1695 eirca
712 1621 869 1696 Paschae
887 1620 1120 1712 conductum,
1148 1643 1228 1698 cum
1254 1623 1405 1697 notabili
1431 1625 1606 1715 exercitu,
1635 1643 1680 1700 ex

130 1738 249 1832 pedite
276 1743 311 1812 et
338 1739 457 1832 equite
484 1741 648 1831 collecto,
677 1762 722 1815 ex
748 1742 918 1816 Bobenia
945 1763 1123 1836 egressus,
1161 1742 1333 1817 conflictis
1349 1741 1380 1834 8)
1407 1744 1569 1838 perprius
1596 1765 1680 1840 gen·

127 1859 225 1934 tibus
258 1859 350 1934 circa
382 1864 518 1935 montes
554 1863 737 1953 Kathnos,
770 1884 858 1956 quas
885 1863 923 1936 in
950 1863 1156 1939 Behemiam
1182 1864 1387 1959 Hungariae
1414 1865 1492 1940 Rex
1505 1867 1538 1958 ⁴)
1566 1863 1692 1967 immi·v

130 1983 224 2055 serat
257 1981 302 2053 ad
328 1979 569 2056 distinendam
597 2004 691 2074 eom,
719 1987 859 2058 uastata
887 1983 993 2059 etiam
1020 2005 1083 2078 per
1106 1985 1299 2060 Iohannem
1327 1985 1604 2061 Thovaceovshi
1623 2006 1683 2061 ora

133 2101 400 2193 Svidniccensi,
435 2102 474 2176 in
500 2105 683 2179 Austriam
719 2105 832 2196 venit,
868 2105 1082 2180 certificatus
1119 2107 1390 2200 percussorem
1421 2105 1679 2202 deregalibus,

136 2223 417 2318 quamprimum
445 2226 595 2318 venerit,
624 2227 680 2301 illi
707 2225 966 2321 consignandis.
996 2226 1227 2302 [iratissimus
1254 2227 1323 2302 fuit
1341 2227 1520 2303 Friderico
1541 2227 1680 2303 Caesari

130 2345 224 2436 eiue,
262 2346 361 2420 velut
396 2367 520 2440 parom
558 2353 717 2442 speratus
754 2352 790 2423 et
820 2349 924 2422 valde
959 2348 1179 2424 necessarius
1211 2349 1394 2424 adventus.
1432 2349 1535 2424 Unde
1566 2350 1680 2423 adhuc

128 2467 233 2561 louge
259 2467 431 2560 positum,
459 2469 636 2562 personali
663 2469 862 2544 obviatione
882 2470 1044 2563 excepit,
1078 2475 1113 2545 et
1140 2492 1218 2544 cum
1245 2470 1482 2565 gratulatione
1508 2470 1619 2544 nimia
1645 2473 1681 2545 et

130 2588 357 2679 solennitate,
386 2589 564 2664 universis
592 2591 760 2680 statibus,
785 2597 821 2665 et
838 2591 1005 2665 universa
1031 2590 1176 2666 civitate
1203 2590 1412 2682 Viennensi,
1441 2592 1485 2666 ad
1503 2591 1679 2686 excipien-

128 2708 213 2784 dum
239 2709 344 2785 illum
371 2710 509 2803 effusis,
543 2711 716 2788 Viennam
743 2712 954 2788 introduxit.
989 2712 1163 2788 Veniebat
1190 2716 1225 2788 et
1252 2712 1477 2788 Universitas
1505 2712 1680 2788 Viennen-

128 2818 182 2904 sis
214 2851 293 2906 cum
319 2831 547 2924 Ductoribus,
575 2833 757 2930 Magistris
780 2838 816 2909 et
839 2833 1073 2926 scholaribus,
1102 2833 1140 2908 in
1164 2827 1306 2910 obvium
1324 2834 1513 2910 Behemiae
1531 2832 1622 2928 Regi
1637 2832 1680 2925 ὗ),

129 2951 260 3027 Rectcr
287 2954 488 3048 Regemque
514 2955 642 3030 Latina
661 2960 696 3030 et
714 2954 846 3031 diserta
878 2955 1034 3030 oratione
1062 2954 1211 3050 excepit.
1249 2954 1313 3030 Oui
1340 2953 1681 3030 vicissitudinarinm

128 3073 209 3148 Rex
245 3074 377 3148 edendo
412 3096 635 3170 responsum,
668 3076 712 3150 ad
746 3076 905 3170 singulos
937 3076 1150 3151 illustriores
1178 3075 1346 3151 orationis
1373 3075 1469 3151 locos
1496 3075 1618 3150 limata
1645 3079 1681 3150 et

129 3199 203 3268 tam
230 3200 350 3272 ornate
376 3198 572 3290 respondit,
600 3201 642 3271 ut
669 3197 828 3292 singulos
855 3198 893 3271 in
912 3197 967 3272 sui
995 3197 1260 3272 admirationem
1288 3201 1523 3288 converteret,
1552 3201 1588 3272 et
1605 3197 1680 3290 ple·

129 3335 258 3409 rosque
277 3317 321 3390 ad
339 3317 476 3408 fletum,
506 3319 667 3394 certatim
687 3319 903 3393 celebrantes
927 3319 1003 3392 eius
1022 3319 1191 3408 indolem,
1220 3317 1400 3412 ingenium
1420 3323 1455 3394 et
1473 3317 1680 3392 doctrinam.

129 3437 177 3510 Et
215 3439 376 3530 quamvis
391 3439 422 3530 6)
456 3439 580 3514 Sixtus
610 3437 707 3532 Papa
744 3423 890 3532 quartus
926 3439 1145 3514 Fridericum
1181 3439 1361 3514 Gaesarem
1394 3439 1525 3513 crebris
1561 3438 1677 3512 literis

130 3565 167 3634 et
193 3559 330 3632 nuntiis
357 3561 567 3635 obsecrando
596 3561 826 3650 solicitasset‚
855 3565 896 3634 ut
922 3561 1041 3654 potius
1065 3560 1103 3632 in
1122 3559 1292 3634 Mathiam
1319 3560 1522 3654 Hungariae
1549 3559 1680 3652 Regem

129 3681 303 3754 conferret
329 3681 463 3774 regalia
489 3681 678 3756 Behemiae
705 3681 835 3774 Regni,
865 3703 968 3774 quam
995 3681 1032 3754 in
1051 3681 1304 3770 Wladislaum,
1333 3685 1395 3754 aut
1414 3681 1540 3754 saltem
1559 3701 1580 3754 a
1598 3701 1684 3753 com·

130 3801 282 3874 ferendis
310 3801 346 3873 in
369 3807 557 3894 utrumque
583 3802 791 3876 abstineret:
820 3802 946 3875 Caesar
972 3807 1089 3876 tamen
1111 3801 1149 3874 in
1176 3801 1352 3874 sententia
1376 3800 1432 3874 sui
1451 3799 1560 3873 animi
1578 3799 1680 3873 iuxta

131 3922 237 4014 quam
255 3922 496 4013 responderat,
525 3943 770 4014 perseverane,
791 3923 901 4020 altera
919 3922 974 3994 die
993 3923 1165 3995 adventus
1183 3921 1272 4014 regii
1288 3921 1318 4012 7)
1346 3921 1384 3994 in
1411 3921 1599 4009 Viennam,
1630 3920 1646 3991 f
1665 3959 1678 3972 ·

130 4041 185 4114 ria
212 4042 376 4114 videlicet
403 4043 509 4143 tertia
535 4048 615 4134 post
642 4045 770 4116 testum
798 4042 919 4116 Sancti
946 4042 1038 4131 Viti,
1078 4043 1142 4114 sub
1176 4063 1301 4135 magna
1331 4040 1531 4134 praesentia
1557 4039 1680 4133 populi

130 4161 169 4234 in
196 4162 346 4236 ecelesia
374 4163 495 4236 Sancti
524 4163 710 4254 Stephani,
745 4162 987 4255 imperialibus
1014 4162 1177 4251 indutus,
1205 4161 1339 4254 regalia
1365 4161 1456 4254 Regi
1470 4160 1502 4251 Β)
1530 4159 1681 4234 contulit

130 4283 336 4372 Behemiae,
371 4287 406 4356 et
432 4283 600 4356 tradendo
632 4283 766 4356 vexilla
797 4281 1002 4370 Behemiae,
1036 4283 1153 4374 ipsum
1190 4283 1232 4355 de
1259 4280 1471 4354 Pincernatu
1503 4279 1680 4372 imperiali

129 4403 332 4492 investivit,
364 4403 595 4496 pluribusque
627 4403 750 4477 diebus
785 4423 924 4475 mensae
960 4405 1104 4492 honore,
1143 4406 1179 4475 et
1210 4401 1364 4475 omnium
1396 4400 1605 4475 victualium
1643 4405 1679 4472 et

129 4523 405 4596 necessariorum
425 4523 667 4616 procuratione
686 4524 790 4596 illum
809 4522 991 4610 tractavit,
1020 4522 1289 4616 insignibusque
1308 4521 1439 4596 extulit
1457 4520 1679 4608 muneribus3

130 4664 201 4716 nou
228 4643 422 4717 minoribus
450 4643 575 4718 officiis
604 4664 623 4716 a
650 4643 839 4718 Behemiae
866 4644 962 4737 Rege
977 4643 1008 4733 9)
1038 4647 1073 4716 et
1100 4643 1177 4736 ipse
1204 4643 1334 4716 cultus.
1363 4643 1460 4716 Haec
1487 4645 1606 4715 autem
1623 4661 1677 4714 re·
1768 4743 1771 4747 .

129 4763 264 4858 galium
296 4785 358 4857 per
389 4765 570 4838 Caesarem
590 4763 634 4854 ¹⁰)
662 4765 699 4837 in
727 4763 964 4839 Wladislanm
996 4763 1185 4837 Behemiae
1212 4764 1342 4857 Regem
1370 4761 1530 4851 collatio,
1559 4781 1678 4836 omnes

129 4885 281 4960 rebelles
308 4889 344 4958 et
370 4885 556 4978 imperium
593 4907 695 4959 suum
732 4885 983 4974 detrectantes,
1022 4883 1060 4957 in
1091 4883 1262 4974 Moravia,
1301 4883 1416 4958 Sleeia
1451 4887 1487 4957 et
1519 4881 1677 4974 Lusatia,

239 5193 265 5275 ¹)
287 5197 428 5257 auxilium
451 5193 514 5258 Ed.
538 5192 628 5278 Lipa.
661 5194 686 5273 ²)
710 5200 812 5257 contra
833 5195 974 5255 Mathiam
997 5194 1169 5271 Hungariac
1190 5194 1301 5270 Regem
1323 5189 1387 5255 Ed.
1411 5189 1503 5275 Lupa.
1535 5189 1560 5270 ³)
1582 5191 1680 5269 prelii-

130 5301 210 5377 gatis
231 5281 296 5360 Ed.
319 5295 410 5381 Lc'pe.
435 5295 462 5378 ⁴)
484 5298 612 5360 Mathias
633 5299 805 5375 Hungariae
826 5299 891 5358 Rex
914 5293 977 5357 Ec.
1001 5293 1095 5378 Lips.
1120 5293 1146 5375 ο)
1170 5297 1335 5357 Wladislac
1350 5295 1426 5372 Regi
1440 5295 1601 5356 Behemiae
1616 5291 1680 5356 Ea.

131 5399 225 5484 Le'pa.
249 5399 276 5480 ο)
299 5400 440 5475 Quamvis
463 5407 561 5463 autem
582 5399 646 5464 Ed.
667 5399 756 5483 Lipu.
781 5399 808 5480 ⁷)
831 5401 989 5460 Wladislai
1010 5401 1102 5477 Regis
1117 5395 1180 5461 Ed.
1197 5396 1288 5482 La’pe.
1305 5397 1331 5478 8)
1346 5399 1511 5458 Wladislac
1526 5398 1601 5474 Regi
1616 5394 1681 5459 Ed.

131 5503 224 5588 Lipc.
249 5502 275 5585 ⁹)
298 5525 317 5566 a
337 5505 498 5567 Behemiae
519 5507 602 5582 Rege
623 5505 788 5566 VVladislao
812 5501 875 5565 Ed.
897 5500 989 5586 L‘aps.
1010 5501 1049 5582 ¹⁰)
1065 5521 1119 5581 per
1135 5503 1291 5565 (laesarum
1306 5501 1495 5564 Fredericum
1509 5496 1573 5562 Ed.
1589 5497 1681 5583 Lipe.
