4264 6280
408 518 457 596 32
916 545 1029 599 arana
1055 545 1300 600 nuonncnrus
1327 530 1443 620 (xm).
1677 527 1744 627 (Α.
1764 528 1809 602 D.
1829 523 1959 627 1447.)

407 729 573 818 stodiam,
593 735 628 803 et
646 729 746 802 illiue
766 729 793 820 ¹)
821 729 877 803 ins
895 735 1103 823 patronatus
1122 737 1157 804 et
1175 733 1397 806 collationem
1422 734 1627 807 consulibus
1655 740 1691 807 et
1709 735 1846 808 civibus
1866 737 1954 808 Sau-

406 850 632 924 decaensibus
659 856 827 924 reservat.

519 1203 671 1276 [enutri
695 1205 886 1276 ttthuaniao
908 1205 1004 1276 tuus
1025 1205 1060 1277 in
1082 1205 1244 1277 telonium
1266 1225 1323 1296 pro
1346 1209 1556 1279 coronatione
1578 1163 1639 1279 air
1661 1209 1839 1297 mucuns.

506 1450 709 1522 Kanimirns
737 1452 819 1523 Dux
846 1453 993 1543 Magnus
1012 1452 1239 1541 Lithuaniae,
1263 1455 1377 1546 Regni
1395 1455 1562 1527 Poloniae
1580 1475 1741 1527 coronam
1770 1462 1954 1548 susceptu·

403 1593 480 1660 rus,
509 1592 553 1644 ex
581 1571 774 1643 Lithuania
800 1572 838 1643 in
865 1573 1048 1660 Brnescae,
1078 1573 1139 1645 ubi
1166 1574 1304 1665 aliquot
1330 1574 1454 1646 diebus
1473 1580 1721 1662 commoratus,
1751 1577 1952 1648 comitanti-

402 1693 468 1765 bus
487 1692 590 1764 illum
609 1690 850 1783 Principibus,
880 1693 1029 1784 Beparis
1048 1697 1083 1765 et
1102 1693 1276 1766 militibus
1304 1693 1533 1782 Lithnaniae,
1563 1695 1600 1766 in
1623 1695 1771 1783 Lnblin,
1801 1701 1835 1767 et
1854 1719 1875 1767 a
1893 1697 1951 1768 Ie-

402 1814 517 1885 hanne
544 1813 586 1885 de
614 1812 838 1884 Senekocnini
871 1818 954 1887 tunc
986 1813 1204 1887 Lnblinense
1238 1813 1420 1904 capitaneo
1463 1814 1586 1887 diebus
1619 1815 1756 1906 aliquot
1791 1816 1954 1888 omnibus

402 1931 608 2005 necessariis
628 1932 809 2024 splendide
836 1937 1060 2023 procuratus,
1089 1933 1242 2006 Sabbato
1271 1934 1527 2008 Sandcmiriam
1546 1939 1627 2026 post
1654 1935 1803 2008 Octavus
1823 1936 1951 2027 Corpo-

402 2053 452 2125 ris
480 2051 611 2124 Ohrieti
644 2051 802 2139 transiit,
836 2053 955 2144 ibique
982 2053 1073 2126 diem
1105 2053 1326 2126 Dominicum
1354 2054 1567 2145 absumpsit,
1601 2055 1662 2128 ubi
1689 2055 1792 2127 illum
1820 2057 1953 2146 Sophia

402 2172 539 2265 Regina
566 2172 715 2264 excepit.
744 2172 849 2244 Faria
877 2173 1028 2246 secunda
1051 2193 1094 2245 ex
1114 2172 1333 2245 Sandomiria
1361 2194 1538 2266 egressus,
1569 2175 1606 2245 in
1633 2175 1950 2266 Polnmyvnicaam,

402 2293 488 2366 feria
516 2293 621 2365 tertia
647 2292 684 2364 in
712 2292 922 2384 Polanyeeu,
952 2291 1039 2363 feria
1066 2298 1191 2384 quarta
1209 2293 1247 2365 in
1265 2293 1403 2365 Novam
1422 2293 1608 2366 Civitatem
1635 2295 1811 2386 pervenit:
1840 2295 1902 2367 nbi
1917 2293 1949 2384 ²)

402 2413 575 2505 SbIgneus
612 2411 806 2484 Cardinalis
839 2415 874 2484 et
906 2410 1092 2504 episcopus
1124 2413 1364 2486 OracovIensis
1397 2435 1475 2486 cum
1509 2415 1665 2486 Iohanne
1697 2415 1740 2487 de
1772 2415 1949 2486 Thancnin

400 2533 556 2624 palatino
589 2531 816 2605 cracoviense
846 2532 945 2604 venit
978 2553 1061 2604 suae
1095 2533 1283 2606 Serenitati
1317 2534 1455 2607 obviam
1488 2539 1523 2607 et
1550 2555 1628 2606 enm
1661 2535 1811 2626 excepit.
1845 2533 1950 2606 Faria

401 2653 524 2744 quinta
551 2651 664 2725 exivit
691 2651 733 2724 de
760 2652 862 2724 Nova
889 2652 1057 2740 Ciuitate,
1086 2656 1121 2725 et
1149 2654 1239 2726 facto
1262 2654 1409 2745 prandio
1427 2654 1464 2725 in
1484 2653 1572 2725 villa
1591 2659 1626 2726 et
1645 2655 1742 2726 curia
1765 2654 1947 2742 Pedelani,

400 2773 498 2846 venit
525 2773 562 2844 in
589 2771 858 2844 Proschovieze.
886 2772 990 2844 Feria
1017 2793 1098 2844 vero
1127 2777 1229 2844 sexta
1255 2777 1336 2864 post
1363 2773 1544 2845 meridiem
1572 2774 1719 2846 intravit
1746 2774 1948 2846 cracoviam

399 2913 477 2966 cum
505 2911 630 2984 magna
656 2891 779 2984 populi
807 2892 1033 2964 solennitate:
1063 2914 1182 2965 omnes
1211 2893 1303 2965 enim
1330 2894 1570 2985 processiones
1597 2895 1695 2967 urbis
1724 2895 1781 2966 illi
1809 2895 1947 2968 obviam

399 3013 598 3101 exiverant,
627 3012 711 3084 item
740 3011 963 3085 Universitae
992 3033 1069 3084 enm
1098 3014 1291 3104 suppositis
1309 3013 1351 3103 ³),
1380 3014 1464 3086 item
1484 3014 1691 3086 Vincentius
1715 3014 1946 3105 archiepisco-

398 3155 464 3226 pus
484 3132 714 3221 Gnesnensis,
744 3133 917 3225 Sbigneus
936 3132 1190 3221 cracoviensis,
1211 3134 1369 3206 Andreas
1388 3133 1638 3207 Poenaniensis
1658 3139 1693 3206 et
1711 3135 1844 3207 Paulus
1863 3135 1945 3207 Plc-

398 3253 528 3343 censis,
557 3252 726 3344 episcopi,
756 3273 839 3325 suae
867 3252 1058 3325 Serenitati
1086 3251 1181 3324 ivero
1209 3253 1358 3326 obviam.
1387 3255 1433 3325 Et
1460 3254 1497 3325 in
1524 3275 1650 3346 magna
1674 3259 1708 3326 et
1726 3254 1827 3347 gravi
1854 3255 1944 3326 mul-

397 3373 550 3447 titudine
577 3373 725 3445 intravit
751 3373 873 3446 urbem
901 3373 1180 3462 Oracoviensem‚
1209 3374 1491 3464 processionibus
1519 3375 1680 3446 omnibus
1709 3396 1788 3447 enm
1806 3395 1944 3466 praece·

397 3494 577 3582 dentibus,
616 3498 650 3566 et
686 3493 875 3566 ascendens
912 3497 1082 3580 castrum,
1122 3491 1368 3585 ingreditn14)
1402 3494 1585 3567 ecclesiam
1621 3495 1786 3566 maiorem
1823 3493 1945 3566 Sancti

398 3613 586 3702 Stanislai‚
617 3613 841 3704 adoratisque
867 3613 1030 3705 reliquiis
1060 3612 1282 3702 Sanctorum,
1313 3620 1347 3686 et
1374 3614 1488 3706 posito
1517 3615 1773 3707 quinquaginta
1799 3615 1944 3688 floreno·

397 3756 474 3807 rum
503 3733 694 3822 offertorio,
722 3733 853 3824 recepit
881 3755 917 3807 se
946 3734 989 3805 at
1016 3734 1143 3805 aulam.
1173 3733 1341 3826 Sequenti
1368 3733 1440 3822 die,
1470 3735 1636 3807 videlicet
1663 3737 1751 3808 sesto
1775 3733 1943 3806 Iohannis

397 3855 596 3946 Baptistae,
625 3854 890 3926 intervenerunt
919 3855 1001 3926 Dux
1030 3854 1214 3926 Boleslaus
1243 3859 1278 3926 et
1306 3855 1386 3926 Dux
1415 3854 1634 3926 Wladislaus
1653 3855 1840 3928 Masoviae.
1870 3855 1942 3926 Ha-

395 3975 473 4047 buit
502 3975 652 4066 quilibet
680 3996 796 4047 secnm
823 3974 860 4046 in
889 3975 1054 4047 comitiva
1081 3974 1179 4046 mille
1208 3995 1315 4066 equos
1331 3974 1374 4064 ὅ),
1403 3976 1589 4066 pulchrum
1617 3975 1659 4047 de
1685 3996 1721 4048 se
1739 3974 1943 4046 videntibus

395 4095 600 4186 praebentes
629 4095 883 4186 spectaculum,
914 4095 1038 4186 quiin
1067 4096 1240 4186 quandam
1264 4096 1479 4168 ducebantur
1498 4095 1778 4183 admirationem,
1808 4099 1942 4166 tantam

395 4217 482 4288 dures
511 4217 641 4303 Duces,
671 4221 706 4287 et
733 4220 804 4287 tam
833 4219 989 4288 ornatam
1017 4215 1187 4304 militum,
1222 4236 1310 4307 quae
1337 4216 1443 4289 etiam
1471 4215 1627 4308 Regibus
1662 4217 1851 4303 sufficeret,
1879 4215 1941 4285 ha-

393 4336 513 4408 buisse
541 4335 753 4408 comitivam.

636 4689 817 4762 Karimirns
839 4691 1030 4762 lithuaniao
1053 4691 1124 4760 hux
1146 4690 1180 4761 in
1203 4691 1321 4779 llcgom
1343 4689 1492 4760 l’clcntao
1515 4690 1699 4760 coronatur.

496 4937 561 5012 Die
588 4935 788 5027 Dominico,
821 4938 858 5010 in
886 4938 1038 5010 crastino
1073 4937 1193 5010 Sancti
1224 4936 1392 5009 Iohannis
1425 4936 1626 5028 Baptistae,
1656 4934 1818 5007 omnibus
1838 4933 1939 5006 indu·

392 5059 521 5133 mentis
549 5059 811 5152 pontificalibus
844 5063 878 5132 et
906 5080 1015 5150 eappa
1042 5058 1175 5131 chorali
1207 5058 1353 5130 indutus
1380 5057 1417 5129 in
1445 5057 1526 5128 aula
1561 5055 1688 5148 regali,
1727 5055 1764 5126 in
1792 5053 1940 5127 ecclesia

500 5331 524 5411 ¹)
547 5334 630 5394 onius
652 5330 715 5395 Ed.
739 5329 830 5415 Lips.
855 5331 882 5411 Ω)
906 5329 970 5405 Quo
992 5328 1056 5392 Ed.
1080 5327 1170 5414 Lips.
1195 5329 1221 5410 8)
1245 5349 1311 5391 oum
1327 5331 1388 5390 suis
1410 5329 1555 5390 Praelatis
1580 5323 1656 5390 Coc.
1673 5324 1782 5389 Praez.
1807 5324 1833 5408 ³)
1851 5328 1939 5387 intra·

392 5439 436 5498 vit
460 5423 536 5499 Ood.
559 5433 668 5499 Przea.
693 5433 719 5517 ⁶)
744 5437 857 5514 equItes
879 5431 942 5497 Ed.
967 5431 1060 5518 Lipo.
