4082 6284
400 521 476 596 270
908 549 1021 602 ursan
1047 549 1292 604 oeconomus
1319 531 1434 622 (1111).
1670 527 1738 629 (Α
1758 527 1805 604 ὓ.
1826 525 1951 628 tote.)

398 741 433 810 et
461 735 638 812 Divinitas
672 737 784 811 iustas
821 759 944 812 causas
983 739 1170 827 adiuvans,
1207 738 1450 831 inspiraverit,
1489 744 1525 812 et
1560 742 1601 811 tu
1628 759 1708 812 cum
1736 737 1889 812 caeteris
1910 739 1947 810 o-

398 859 535 931 delibus
560 858 646 932 meis
666 861 898 934 consulueris.
929 861 984 932 lld
1013 863 1097 934 baec
1116 862 1291 935 Iohannes
1310 861 1454 935 Gisbra:
1476 860 1531 950 Si,
1556 859 1689 952 inquit,
1709 859 1846 933 bellum
1865 861 1949 932 Pru·

398 981 577 1054 thonicum
606 985 686 1054 tuae
714 981 890 1055 Maiestati
920 983 1140 1054 obstaculum
1159 983 1186 1072 ¹)
1215 988 1284 1072 est,
1315 983 1346 1056 si
1373 981 1567 1074 permittis,
1588 981 1626 1054 in
1644 981 1830 1055 Prussiam
1850 983 1948 1070 vado,

396 1101 503 1189 illud,
533 1123 601 1194 qua
628 1107 749 1194 potero
777 1109 852 1176 arte
881 1107 1015 1194 (omnes
1043 1103 1136 1176 onim
1165 1103 1326 1194 Bobemi‚
1361 1103 1422 1196 qui
1450 1103 1486 1176 in
1513 1104 1626 1177 altera
1653 1103 1812 1176 militant
1841 1109 1949 1196 parte,

398 1223 586 1296 familiares
611 1223 678 1296 mei
697 1226 807 1314 sunt),
838 1224 928 1298 cum'
945 1233 1004 1298 tuo
1033 1233 1150 1298 tamon
1168 1231 1204 1300 et
1222 1227 1336 1320 Regni
1355 1227 1410 1298 tui
1428 1226 1586 1318 profectu
1611 1225 1850 1300 extincturus.
1880 1227 1949 1298 An·

397 1344 477 1416 nuit
504 1344 581 1418 Rex
610 1344 783 1418 desiderio
812 1367 891 1434 suo,
916 1352 950 1419 et
970 1347 1150 1438 provisum
1183 1347 1329 1436 viatico,
1355 1345 1536 1420 Pruesiam
1568 1345 1620 1419 iro
1648 1345 1763 1434 iubet3
1792 1367 1948 1439 praesen

396 1467 461 1539 tim
494 1488 571 1538 cum
600 1471 635 1539 et
662 1467 869 1559 perplures
906 1469 996 1540 alias
1033 1468 1258 1542 intermedias
1294 1489 1460 1561 personas
1494 1489 1575 1560 spes
1602 1469 1696 1541 haud
1723 1468 1836 1542 dubia
1863 1469 1949 1562 Regi

397 1589 488 1660 lacta
515 1588 637 1676 fuerit,
667 1589 874 1682 Magistrum
895 1595 930 1662 et
949 1589 1112 1662 Ordinem
1141 1611 1275 1664 summo
1304 1596 1405 1664 aestu
1424 1589 1644 1663 concordiam
1663 1591 1839 1684 flagitare.
1869 1589 1947 1684 Qui·

395 1709 461 1781 bus
489 1709 540 1781 sio
568 1709 736 1802 peractis,
765 1709 968 1784 Karimirus
996 1711 1074 1785 Rex
1102 1732 1180 1785 cum
1208 1716 1367 1785 consorte
1394 1733 1458 1784 sua
1485 1731 1609 1784 vorens
1635 1711 1787 1785 Kaliscb
1813 1733 1947 1804 procos-

397 1830 462 1918 sit,
491 1852 546 1919 ea,
585 1852 674 1922 quae
706 1851 768 1923 pro
797 1833 915 1905 futuro
943 1833 1035 1906 bello
1067 1833 1104 1906 in
1132 1833 1279 1910 Prussia
1305 1834 1456 1928 gerendo
1488 1832 1686 1908 necessaria
1714 1837 1816 1922 sunt,
1848 1855 1947 1926 expe

397 1951 546 2024 diturus.
585 1953 758 2026 Iohannes
794 1958 911 2026 autem
949 1954 1077 2027 Gislrra
1110 1955 1175 2028 sub
1202 1955 1376 2032 conductu
1404 1960 1439 2028 et
1467 1953 1597 2029 viatico
1632 1954 1729 2048 regio
1766 1955 1947 2028 Prussium

395 2072 620 2165 perveniam,
655 2073 770 2146 varios
799 2074 841 2148 de
868 2097 952 2166 pace
981 2079 1155 2149 tractatus
1187 2097 1265 2149 cum
1298 2077 1467 2169 Magistro
1500 2079 1536 2150 et
1567 2075 1711 2164 Ordine,
1745 2077 1947 2150 Bembnrdo

396 2195 662 2283 Scbnmborslri,
692 2195 908 2288 caeterisque
934 2197 1045 2288 partis
1073 2197 1239 2271 adversae
1263 2197 1502 2290 stipendiariis
1522 2199 1661 2270 nullum
1678 2199 1882 2290 profectum
1900 2200 1945 2269 al-

398 2316 607 2404 ferentibuS,
646 2316 778 2409 agitare
815 2317 943 2409 coepit:
982 2339 1125 2412 magnos
1158 2318 1250 2392 enim
1282 2319 1409 2412 magis,
1444 2339 1548 2412 quam
1575 2319 1683 2394 utiles
1712 2319 1889 2412 Magister
1914 2325 1947 2392 ct

397 2437 503 2525 Ordo,
524 2437 649 2530 suique
669 2438 890 2530 stipendiarii
910 2439 1084 2513 habebant
1102 2441 1266 2532 spiritus,
1292 2461 1517 2515 successuum
1542 2439 1714 2516 soliditate
1733 2445 1946 2532 assumptos,

396 2558 457 2650 qui
484 2558 559 2630 illis
587 2565 720 2632 rectum
748 2564 783 2632 et
810 2581 932 2632 sanum
962 2559 1148 2634 consilium
1176 2562 1391 2636 auferebant.

486 2891 655 2968 txcrettur
677 2891 865 2972 dolenorum
887 2893 921 2970 in
943 2893 1103 2972 tumim
1126 2894 1283 2984 buleus,
1306 2899 1449 2972 carun
1471 2896 1621 2987 raneos
1642 2915 1701 2987 por
1724 2897 1860 2988 aurigas

962 3033 1196 3126 interceptum.
1219 3034 1377 3110 incendit.

500 3287 713 3363 Succedente
731 3295 902 3381 tempore,
931 3289 1014 3361 dum
1041 3290 1214 3362 tractatus
1232 3285 1378 3360 Iohenis
1396 3285 1525 3362 (liskra
1542 3305 1662 3378 pacem
1680 3307 1752 3357 non
1772 3285 1945 3375 afferrent,

395 3410 597 3484 Karimirus
633 3413 709 3484 Rex
739 3410 921 3500 Poloniae,
951 3409 1062 3502 copiis
1090 3409 1244 3482 omnium
1272 3413 1443 3482 terrarum
1470 3407 1514 3478 ad
1542 3405 1646 3478 illum
1673 3405 1712 3478 in
1739 3405 1947 3499 Gnyevvlrov

394 3533 629 3627 congregatis,
659 3533 696 3605 in
723 3537 834 3605 terras
863 3531 1027 3605 Prussiae
1054 3529 1227 3623 procedit,
1255 3536 1291 3602 et
1317 3529 1410 3602 circa
1439 3529 1580 3601 Thorun
1607 3532 1713 3620 ponte
1732 3548 1778 3600 ox
1797 3527 1946 3600 naribus

394 3659 610 3742 constructo,
633 3653 749 3726 Wisla
768 3675 868 3726 amne
887 3657 1066 3744 superato,
1087 3651 1131 3724 ad
1150 3656 1304 3724 castrum
1322 3648 1540 3742 Pampov2),
1561 3649 1653 3741 quod
1670 3649 1794 3721 hostes
1816 3648 1944 3736 fraudo,

394 3775 540 3867 depulso
567 3774 663 3868 regio
692 3774 880 3866 praesidio,
915 3773 1188 3865 interceperant,
1222 3776 1327 3844 etex
1360 3793 1428 3863 quo
1460 3771 1705 3844 Thorunenees
1733 3769 1848 3842 variis
1875 3771 1944 3841 affi-

395 3895 532 3969 ciebant
551 3895 794 3983 incommodis,
825 3895 911 3968 teria
929 3901 1046 3982 sexta,
1075 3893 1112 3968 iu
1131 3893 1256 3986 vigilia
1276 3893 1425 3966 Sanctae
1443 3892 1574 3966 Mariae
1593 3891 1843 3983 Magdalenae,
1871 3910 1942 3981 per·

395 4017 504 4090 venit.
533 4017 645 4090 Nemo
664 4023 753 4102 erat,
776 4016 836 4109 qui
856 4017 955 4088 illius
976 4015 1269 4108 expugnationem
1293 4014 1494 4088 tentandam
1513 4012 1727 4086 consuleret:
1748 4011 1838 4083 altis
1858 4011 1942 4086 enim

394 4138 504 4212 muris
532 4145 567 4210 et
594 4137 793 4230 profundis,
822 4137 1032 4229 aquosisque
1061 4137 1204 4209 fossatis
1222 4135 1377 4227 undique
1397 4135 1566 4223 cinctum,
1596 4155 1693 4225 spem
1712 4131 1941 4225 expugnatio·

393 4261 449 4332 nis
477 4281 545 4331 non
574 4258 734 4332 iaciebat.
764 4257 971 4331 Familiares
988 4256 1018 4346 ³)
1046 4263 1163 4331 tamen
1191 4256 1363 4344 militum,
1391 4261 1427 4329 et
1445 4255 1616 4329 nobilium
1635 4275 1808 4348 agaeorms
1828 4275 1869 4326 ac
1887 4275 1940 4325 au·

392 4381 505 4473 rigae,
535 4381 634 4453 nullo
661 4381 823 4453 hortante
845 4380 889 4451 ad
907 4379 943 4450 id
961 4378 1165 4451 commoniti
1179 4378 1223 4467 ⁴),
1251 4399 1364 4470 neque
1382 4377 1501 4468 alique
1521 4376 1622 4469 signo
1640 4379 1704 4447 aut
1722 4373 1872 4466 imperio
1891 4395 1938 4446 ac-

392 4499 492 4592 cepto
508 4501 551 4590 5),
581 4501 640 4573 sod
670 4506 793 4592 suapte
807 4501 839 4588 6)
866 4499 1086 4592 glomeratim
1118 4505 1153 4572 et
1180 4497 1282 4590 qnasi
1310 4519 1354 4570 ox
1381 4497 1591 4588 composito,
1620 4495 1664 4568 ad
1691 4517 1814 4568 muros
1837 4493 1939 4568 castri

394 4627 577 4709 accurunt,
609 4627 643 4696 et
670 4620 842 4714 pertinaci
869 4621 1054 4713 diligentia
1082 4641 1199 4692 muros
1228 4618 1399 4692 suffodere
1417 4621 1618 4710 coeperunt.
1646 4617 1805 4708 Quorum
1825 4637 1939 4690 ausum

394 4742 507 4814 omnis
534 4743 709 4816 exercitus
737 4742 980 4834 comprobans
1010 4739 1116 4814 armis
1144 4740 1330 4833 correptis,
1358 4737 1630 4831 bombardisque
1659 4738 1855 4830 appositis,
1883 4738 1938 4809 im·

392 4863 641 4956 pugnationem
674 4872 831 4954 coeptam
864 4861 1089 4935 instauravit.
1123 4861 1233 4934 Erant
1266 4865 1383 4934 autem
1415 4881 1536 4932 omnes
1568 4859 1613 4932 ad
1637 4858 1740 4932 illius
1768 4858 1936 4951 conquisi-

393 4985 523 5058 tionem
551 4990 650 5057 tanto
683 4984 800 5056 studio
833 4983 983 5072 incensi,
1016 4987 1057 5055 ut
1088 4982 1331 5056 defensoribus
1363 4980 1488 5069 castri,
1520 4979 1558 5053 in
1585 4979 1697 5053 muris
1728 4976 1938 5053 consistendi

501 5277 525 5354 ¹)
550 5279 702 5340 obstaculo
727 5274 789 5338 Ed.
814 5274 904 5359 Lipc.
929 5275 954 5355 ⁹)
977 5278 1117 5354 Pompow
1140 5270 1217 5339 Oea.
1240 5272 1350 5338 Proca.
1371 5275 1483 5353 Papovv
1504 5271 1569 5336 Ed.
1592 5269 1683 5357 Lipc.
1708 5272 1868 5353 ³)Famuli
1881 5269 1936 5333 Ed.

393 5377 483 5464 Lipa.
514 5377 541 5452 ⁴)
564 5385 613 5444 vel
642 5382 810 5445 commoniti
841 5377 904 5442 Ea.
928 5378 1020 5464 Lipe.
1053 5379 1079 5459 ⁵)
1102 5381 1184 5444 nullo
1206 5381 1369 5457 inperante
1406 5376 1482 5441 eod.
1513 5375 1622 5440 Pru.
1654 5375 1682 5457 ⁸)
1705 5383 1813 5455 mptc
1843 5382 1937 5455 sponte

392 5481 458 5547 Ed.
480 5481 572 5568 Ia‘pc.
