4126 6280
98 516 160 618 (Α.
179 516 225 592 ὓ.
245 516 372 614 1450.)
600 540 712 592 urens
739 539 985 594 nuoonourus
1012 522 1126 610 (xm).
1558 524 1631 595 237

97 735 186 802 stum
213 727 369 800 Pasebae
394 725 535 801 residua
560 727 754 819 proteletur
781 724 928 816 solutio;
956 746 1019 820 pro
1046 726 1178 824 illoque
1205 733 1359 822 temporo
1390 729 1548 804 dimissio
1577 751 1632 804 oa·

96 849 159 924 stri
185 848 408 941 Morienburg
434 853 469 920 et
495 846 668 922 relaxatio
696 846 912 940 captivorum
932 848 1131 940 expleatur,
1160 854 1265 944 atquo
1283 870 1361 923 oum
1380 850 1531 944 singulis
1551 851 1632 926 aliie

96 969 217 1044 matris
246 974 281 1042 ot
307 967 562 1044 munitionibus
597 967 787 1042 hostilibus
820 974 959 1062 treugas
991 969 1035 1042 ud
1062 970 1280 1047 Dominioam
1307 971 1543 1046 Reminisoere
1571 972 1643 1052 dur

94 1096 246 1181 naturas,
274 1089 446 1164 indiount.
475 1090 531 1164 Ad
559 1089 689 1184 Regem
709 1111 846 1183 quoque
865 1091 892 1180 ¹)
919 1089 956 1164 in
980 1090 1206 1168 Lithuaniam
1224 1093 1344 1186 plures
1362 1093 1525 1187 delegant
1543 1116 1631 1168 nun·

95 1212 187 1301 tios,
208 1217 243 1284 et
270 1211 363 1286 inter
390 1211 479 1286 alios
506 1209 691 1286 Nicolaum
720 1211 919 1304 Saarlepski
935 1210 967 1301 ²)
993 1213 1190 1305 palatinum
1217 1214 1457 1304 Brestensem,
1490 1235 1642 1312 persua·⁸

95 1356 209 1422 suros,
237 1339 278 1408 ut
304 1329 613 1428 qnan'oelerrine
640 1334 777 1424 redeat,
804 1332 909 1407 rebus
936 1334 1160 1410 Prntbeniois
1179 1333 1332 1410 adventu
1359 1356 1422 1408 suo
1442 1336 1633 1411 maximum

93 1456 347 1545 adiumentum,
377 1461 412 1529 ot
438 1455 597 1530 absentia
624 1455 811 1530 maximam
838 1455 1063 1530 infectionem
1089 1455 1323 1550 praebiturus.
1353 1457 1433 1532 Non
1452 1457 1634 1550 quieverat

92 1583 207 1653 autem
235 1576 379 1651 blartini
405 1577 507 1672 Koga
534 1576 621 1651 airis
650 1576 845 1652 (idanensis
877 1577 998 1650 dolosa
1030 1577 1257 1668 machinatio,
1286 1579 1347 1652 sed
1374 1577 1551 1652 assiduam
1579 1600 1639 1668 ee-¹

92 1699 260 1774 ditionem
287 1697 512 1789 moliebatur,
541 1699 577 1772 in
606 1703 743 1772 tantum
770 1698 934 1772 audaciae
952 1720 1174 1794 progressus,
1194 1704 1235 1772 ut
1254 1698 1365 1774 totius
1383 1699 1542 1774 civitatis
1560 1707 1632 1774 tam

94 1811 367 1910 administratio,
401 1843 504 1914 qnam
532 1825 662 1906 status,
697 1841 740 1894 ex
769 1820 869 1894 illius
899 1820 1066 1914 penderet
1097 1819 1254 1895 arbitrio.
1283 1821 1412 1896 Verum
1440 1842 1491 1896 ne·
1510 1821 1632 1910 latius,

93 1941 274 2016 inelimatis
303 1942 411 2017 semel
439 1942 482 2016 ad
504 1941 756 2018 druoirororun
779 1948 914 2036 partem
932 1942 1112 2018 nonnullis
1131 1942 1369 2022 sidunensium
1387 1942 1530 2033 animis,
1561 1963 1631 2017 ser·

92 2069 189 2158 peret
218 2063 383 2153 defeotio,
412 2063 585 2138 Iohannes
608 2063 851 2138 dnarnkowski
874 2064 1087 2139 castellanus
1115 2063 1329 2156 Gnesnonsis
1356 2064 1393 2138 in
1411 2063 1555 2153 Gdausk
1573 2063 1632 2137 ad·

92 2185 206 2274 venit,
237 2185 303 2258 sub
331 2183 431 2259 onius
458 2185 656 2278 praesentia
688 2186 848 2259 eonsules
881 2185 1035 2279 antiqui,
1068 2190 1104 2259 et
1131 2185 1312 2280 signanter
1340 2185 1534 2260 Reinaldue
1561 2185 1631 2259 Ne·

90 2305 198 2381 deroff
211 2303 242 2396 3)
280 2310 314 2380 et
349 2305 523 2381 Iohannes
560 2306 715 2396 Lindaw,
752 2306 897 2380 audaoia
932 2312 1128 2400 resumpta,
1165 2306 1354 2381 Martinum
1386 2308 1488 2402 Kogu
1519 2305 1641 2399 eapite.

91 2432 268 2505 truuoant:
299 2451 367 2520 quo
394 2433 531 2518 nooato,
553 2428 688 2518 omnis,
719 2450 807 2521 quae
835 2428 965 2504 sensim
992 2429 1179 2523 glisoebat,
1208 2427 1344 2522 quieuit
1370 2427 1509 2504 seditio.
1560 2495 1564 2508 ,

440 2789 601 2864 lohannes
623 2787 664 2862 do
686 2787 876 2879 orpirumo
897 2788 932 2862 tu
954 2789 1115 2880 augaria
1136 2789 1280 2864 moritu.

189 3040 264 3115 Sub
292 3039 416 3114 iisdem
444 3041 675 3134 temporibus,
704 3041 796 3116 oiroa
824 3042 951 3114 festum
980 3039 1129 3114 Sanotae
1157 3037 1346 3132 Hedvigis‚
1375 3037 1411 3110 in
1429 3039 1632 3134 Hungariae

89 3163 208 3256 Regno
236 3161 392 3236 Iohanne
419 3162 462 3236 de
490 3162 633 3236 Huniad
664 3163 896 3256 gubernatore
928 3159 1043 3255 Regni
1075 3159 1230 3252 eiusdem
1262 3141 1486 3252 pestilentiae
1514 3161 1632 3234 morbo

90 3283 238 3378 septima
253 3284 284 3374 ⁴)
321 3283 451 3357 mensis
487 3283 643 3378 Augusti
678 3284 880 3377 absumpto,
918 3288 1018 3376 petor
1049 3281 1267 3356 venerandus
1294 3283 1469 3356 Iohannes
1497 3282 1539 3356 ds
1566 3281 1630 3356 Ga·

88 3403 263 3498 nistrare,
293 3405 354 3498 qui
381 3409 437 3497 (ut
464 3404 501 3479 in
529 3405 767 3498 superioribus
795 3404 1066 3494 deelaravimus)
1095 3425 1259 3498 magnum
1286 3424 1327 3476 ea
1354 3409 1486 3478 aestate
1513 3404 1630 3478 deien-

88 3527 196 3602 deudo
225 3547 305 3602 oum
338 3527 445 3602 (trare
477 3526 628 3622 signatis
660 3532 813 3601 oastrnm
845 3527 973 3600 Albam
1005 3527 1191 3620 Regalem,
1220 3545 1264 3598 ex
1291 3524 1430 3614 Tureis,
1464 3525 1524 3618 qui
1552 3547 1631 3600 oum

89 3648 251 3722 omnibns
283 3647 393 3741 oopiis
420 3647 511 3721 illud
543 3647 811 3743 impugnabant,
846 3648 1064 3742 triumphum
1096 3648 1282 3736 retulerat,
1311 3647 1425 3740 eoepit
1451 3647 1494 3721 de
1521 3651 1631 3722 morte

88 3769 242 3844 eiusdem
268 3768 510 3863 gubernatoris
538 3771 760 3845 uehementer
787 3769 913 3864 affligi,
942 3769 1063 3844 dolens
1091 3773 1162 3842 tam
1189 3767 1373 3861 providum
1393 3772 1436 3842 et
1463 3768 1631 3842 furtiuum

89 3892 209 3966 duram
238 3890 455 3964 subtraotnm
471 3889 514 3982 ⁵),
551 3891 652 3964 ouius
685 3912 823 3984 operam
856 3891 899 3965 ad
926 3890 1098 3984 reliquam
1131 3897 1251 3965 eontra
1285 3890 1432 3979 Turres,
1462 3911 1566 3983 quam
1594 3889 1630 3964 in

88 4017 219 4086 aestate
248 4013 367 4084 futura
394 4018 597 4104 paraturum
625 4035 701 4088 sese
718 4033 781 4106 per
799 4013 908 4087 Oruoe
926 4012 1084 4107 signatos
1112 4034 1181 4086 non
1207 4011 1406 4100 dubitabat,
1436 4009 1629 4104 expeditio·

88 4155 162 4208 nem
190 4133 261 4208 sibi
288 4133 439 4206 multum
465 4135 747 4208 aoeomodamet
773 4136 990 4227 profuturam
1018 4133 1257 4228 intelligebat,
1286 4133 1431 4222 oalouli,
1459 4131 1631 4226 iliumque

88 4275 269 4346 pressura,
298 4253 453 4328 febribus
481 4255 696 4348 quotidianis
725 4263 760 4332 et
786 4255 1016 4330 dissenteriae
1052 4257 1219 4349 languore
1250 4259 1431 4348 correptus
1447 4255 1491 4345 ⁰).
1520 4255 1632 4328 Tanta

88 4381 204 4450 autem
243 4377 371 4450 mentis
408 4377 597 4461 afflictione
632 4398 694 4471 pro
721 4378 826 4452 rebus
855 4377 936 4452 fidei
973 4377 1258 4472 angustiabatur,
1296 4377 1388 4472 qnod
1416 4377 1514 4451 velut
1541 4377 1632 4450 alter

19 4585 27 4606 ι
89 4497 315 4572 beatissimus
342 4498 581 4592 Augustinus,
620 4500 663 4572 ad
692 4505 883 4574 extremam
919 4501 1041 4574 horam
1070 4497 1294 4592 perveniens,
1333 4497 1499 4572 vioesima
1526 4496 1633 4572 tertia

89 4618 247 4694 Ootobris
262 4619 293 4708 7)
321 4618 405 4695 adeo
433 4619 526 4694 lente
554 4627 589 4694 et
616 4621 788 4711 suaviter,
826 4620 929 4694 iuxta
964 4619 1037 4694 aosi
1074 4641 1111 4694 se
1139 4620 1255 4714 sopori
1286 4620 1401 4708 daret,
1434 4619 1472 4692 in
1504 4617 1630 4712 oppido

89 4739 289 4835 Hungariae
307 4741 401 4814 Ulak
414 4739 446 4830 8)
474 4741 612 4816 Christo
640 4741 804 4835 spiritum
823 4741 990 4832 reddidit,
1020 4749 1056 4815 et
1079 4741 1115 4814 in
1135 4740 1283 4818 ecelesia
1301 4739 1525 4816 oonrontnali
1543 4740 1629 4814 San·

88 4869 162 4936 otae
187 4861 335 4950 Mariae,
364 4862 496 4951 ordinis
533 4863 654 4938 Sanoti
682 4863 877 4953 Franeisoi‚
906 4863 943 4938 in
970 4864 1126 4956 praefato
1153 4863 1279 4956 oppido
1308 4862 1401 4938 Ulak
1424 4860 1559 4954 aoeepit
1574 4882 1630 4935 se·

194 5171 217 5254 ¹)
241 5174 289 5236 Ad
313 5176 422 5252 Regem
445 5193 563 5253 quoque
585 5175 759 5237 (iasimirum
782 5171 846 5236 Ed.
871 5171 961 5258 Lipr.
995 5173 1019 5252 ²)
1043 5175 1206 5254 Sarlieyrki
1233 5171 1296 5236 Ed.
1319 5171 1409 5257 Lipr.
1441 5170 1633 5254 ⁸)Rinoldua

88 5277 252 5340 blenderoli'
270 5274 345 5342 Coa.
364 5273 431 5342 [ab.
455 5278 650 5360 (Reinholdus
671 5279 839 5360 Nidarhoi').
863 5275 889 5359 ⁴)
913 5280 1038 5357 septima
1060 5279 1108 5341 die
1131 5275 1195 5342 Ed.
1217 5275 1307 5362 Ilipa.
1331 5277 1356 5357 ³)
1372 5279 1552 5356 subtraotum
1567 5294 1633 5338 esse

90 5379 152 5448 Ed.
177 5379 268 5466 La'pr.
292 5381 320 5461 ⁸)
344 5389 495 5462 eorreptus
519 5388 574 5446 est.
598 5379 659 5446 Ed.
685 5379 775 5466 Lips.
808 5379 833 5464 ⁷)
858 5383 904 5444 die
927 5383 1036 5445 mensis
1060 5383 1196 5446 Octobris
1218 5379 1281 5446 Ed.
1301 5380 1393 5467 Lips.
1419 5381 1444 5464 ⁸.)
1467 5382 1544 5462 quk
1568 5377 1632 5444 Ed·

91 5481 179 5570 repa.
202 5487 312 5568 quoa).
