4052 6286
91 571 158 673 (Α
178 570 224 650 D.
245 571 373 672 laad.)
607 509 720 650 arsen
746 595 992 652 oeconomus
1019 577 1136 668 (reru).¹
1567 573 1643 651 469

90 895 306 970 'monades
328 897 422 970 ulle
443 898 504 970 otil
527 898 719 988 inpensas,
746 897 966 972 latrantem
992 898 1143 990 oppllu
1170 899 1354 989 stepanus
1375 899 1472 972 brata
1494 901 1644 992 aarum,

394 1019 480 1110 pred
501 1021 612 1093 emus
634 1019 761 1092 bertin
782 1019 911 1093 cotuh
933 1019 1093 1094 mtrem
1114 1019 1202 1094 ilde·
1225 1020 1343 1094 reddit.

197 1266 366 1341 Omnibus
393 1267 486 1359 apud
514 1267 775 1343 Thorunen'sem
802 1267 972 1350 diaetam.
1000 1267 1155 1362 propitia
1173 1255 1386 1358 Divinitate‚
1414 1267 1483 1343 rite
1501 1269 1643 1361 expedi-

89 1389 156 1470 tis,
185 1387 409 1462 mercenariis
437 1387 542 1462 etiam
562 1388 737 1463 militibus
757 1389 813 1464 sui
832 1389 999 1482 stipendii
1019 1388 1231 1464 solutionem
1250 1389 1286 1462 ie
1305 1389 1398 1462 dienn
1417 1409 1529 1482 usque
1547 1374 1643 1462 beati

88 1507 262 1582 Iohannis
290 1508 474 1602 Baptistae
501 1509 759 1602 protelantibus
780 1510 819 1600 ¹),
848 1510 1036 1603 Rudolpho
1063 1505 1256 1602 apostolico
1284 1495 1416 1604 Legata
1429 1509 1472 1583 in
1493 1494 1642 1584 Wratis·

87 1629 237 1718 larium,
267 1628 444 1703 haderico
472 1651 553 1704 nero
580 1629 749 1724 Magistro
776 1652 855 1706 cunr
882 1630 1045 1706 omnibus
1073 1629 1149 1705 suis
1167 1629 1205 1703 in
1225 1629 1406 1704 Prassiem
1433 1629 1641 1704 divertenti·

87 1751 174 1838 bus,
203 1749 405 1824 Karimirns
437 1751 605 1824 Poloniae
635 1752 731 1840 Rex,
764 1751 821 1824 die
848 1751 972 1824 Martis
1004 1749 1180 1831 vicesima
1203 1755 1328 1824 octava
1354 1749 1515 1825 Octobris
1528 1749 1572 1841 ²),
1591 1751 1645 1824 de

87 1873 233 1945 Theron
265 1871 302 1946 In
333 1865 584 1964 Ii'peschouam
616 1892 795 1966 egressus,
829 1893 892 1965 per
924 1873 1167 1964 carpensem,
1202 1859 1414 1964 Wislritlrlry'
1430 1870 1461 1961 3)
1499 1876 1535 1945 et
1550 1859 1553 1864 ’
1567 1873 1644 1945 loca

86 1993 258 2066 villarum
287 1993 478 2080 abstracta,
507 1992 651 2066 vitando
678 2015 798 2067 auram
826 1993 1009 2082 inlectam,
1042 1991 1107 2067 die*
1126 1989 1222 2067 Solis
1255 1997 1379 2066 octava
1411 1991 1543 2066 mensis
1571 1993 1642 2066 No-

84 2113 243 2188 vembris
262 2113 299 2186 in
318 2112 536 2205 Kecyenicae
554 2113 726 2206 pervenit.
755 2113 827 2188 Ubi
843 2118 976 2188 extunc
993 2103 1226 2201 ordinandia'
1243 2097 1540 2206 expediendisque
1560 2113 1640 2206 plu·

85 2234 192 2308 rimis
219 2235 339 2323 rebus,
367 2255 617 2327 nonnunquam
635 2233 740 2309 etiam
760 2234 953 2308 tractandis
969 2232 1243 2322 ¹rorationibus,
1273 2233 1449 2323 intentus,
1469 2221 1581 2327 usone
1599 2233 1643 2308 ad

87 2355 294 2431 vicesimam
330 2377 457 2430 nonam
493 2345 650 2430 Ianuarii
665 2356 697 2446 ⁴)
728 2377 807 2430 cum
838 2361 998 2430 consorte
1030 2377 1095 2429 sua
1120 2354 1305 2428 Elisabeth
1332 2343 1488 2449 Reginoi
1501 2354 1642 2444 mansit

87 2477 168 2552 Sub
195 2477 285 2552 idem
301 2477 332 2567 ὗ)
359 2482 499 2570 tempus
526 2478 731 2553 mercenarii
759 2477 908 2567 milites,
939 2485 1010 2552 tam
1037 2476 1143 2572 regli,
1176 2499 1280 2571 quam
1308 2475 1488 2571 Magistri,
1517 2462 1645 2551 n'e'seui

88 2595 262 2690 stipendii
294 2588 519 2672 solutionem
537 2597 750 2687 sufferendo,
784 2619 903 2672 cassas
937 2598 1041 2673 lenias
1074 2599 1278 2672 riderentur
1312 2619 1431 2698 agere,
1463 2619 1569 2692 grege
1600 2598 1644 2672 de

87 2719 230 2792 duobus
258 2713 416 2792 millibus
444 2717 481 2792 in
508 2739 616 2792 unum
644 2719 778 2809 coacte,
808 2719 900 2794 duce
922 2720 1079 2794 Iohanne
1106 2719 1281 2808 samael,
1309 2710 1449 2793 iniussn
1476 2703 1647 2814 Regis-'db

87 2837 271 2932 Magistri,
300 2839 338 2912 in
365 2839 586 2932 Stolpensem
613 2847 759 2936 terram,
788 2862 877 2933 quae
904 2841 947 2914 ab
975 2839 1097 2915 Ulrice
1111 2840 1144 2930 ο)
1173 2838 1354 2932 Stolpensi
1380 2839 1476 2914 Duce
1500 2839 1641 2914 teneba-

86 2964 169 3048 tur,
196 2963 434 3048 transeuntes,
464 2951 629 3053 oppidum
647 2961 853 3036 Pelcanicaa
871 2965 1058 3055 occupant,
1088 2966 1123 3036 et
1148 2981 1248 3034 omne
1266 2965 1404 3053 tempus
1422 2959 1549 3034 hiemis
1568 2959 1645 3035 illic

86 3084 217 3174 agunt:
246 3079 353 3173 regiis
381 3079 538 3153 inesibus
565 3103 633 3154 non
661 3081 823 3171 attentis,
852 3081 913 3175 qui
941 3081 1024 3155 illos
1043 3081 1124 3156 inde
1142 3079 1334 3169 discedere,
1362 3102 1426 3174 per
1451 3081 1643 3156 Iohannem

87 3199 238 3274 Ricaera
270 3199 524 3274 cubicularium
558 3217 660 3275 suum
692 3201 870 3296 geminata
901 3203 993 3292 vice,
1021 3208 1062 3276 ut
1089 3200 1258 3276 iussionis
1285 3201 1475 3276 efficaciam
1502 3187 1643 3276 iteratio

87 3324 301 3408 testaretur,
329 3319 436 3394 iussit
450 3321 493 3411 ⁷).
526 3323 767 3416 Interceptunn
794 3327 830 3398 et
856 3329 942 3397 tnnc
969 3313 1038 3396 fuit
1069 3327 1205 3396 castum
1237 3309 1387 3416 regiam
1405 3321 1551 3396 Drabim
1579 3321 1644 3396 snb

86 3441 249 3516 Iohanne
276 3440 564 3516 Marcainhowslri
577 3440 610 3532 8)
637 3463 700 3535 per
725 3465 834 3516 unum
854 3441 1180 3534 exsculpendam,
1210 3440 1312 3515 cuins
1331 3429 1407 3515 erat
1425 3439 1642 3516 Pelcanicra.

88 3563 311 3654 Quapropter
346 3561 591 3635 concordatum
628 3561 712 3652 luit,
750 3567 791 3636 nt
817 3561 973 3637 Peleius
1000 3563 1138 3637 cederet
1165 3563 1207 3636 de
1234 3561 1454 3652 Pelcanicra,
1483 3562 1577 3637 Saxo
1600 3547 1644 3635 ds

89 3681 255 3754 Drahim:
285 3688 320 3756 st
346 3681 383 3755 in
410 3684 505 3756 hunc
530 3682 670 3756 medum
707 3705 777 3776 pax
808 3683 1023 3777 reintegrata
1054 3687 1109 3758 est
1140 3683 1233 3757 inter
1265 3683 1424 3757 Schranlr
1450 3687 1486 3757 et
1513 3683 1645 3757 Ducem

89 3802 331 3894 Stolpensem
361 3801 422 3894 qui
448 3804 681 3896 personaliter
707 3803 925 3877 Schranlrnm
954 3809 989 3878 et
1017 3825 1099 3876 snos
1118 3795 1155 3877 in
1173 3801 1380 3877 Pelccnicaa
1397 3823 1476 3876 curn
1494 3791 1646 3896 quatuor

89 3921 254 3997 millibus
282 3923 453 3998 eluxerat.
1631 3913 1633 3916 ⁵

87 4278 209 4352 mrsu
237 4277 461 4369 lodnbcrgrr
483 4295 540 4369 pre
562 4278 774 4369 rapnnerdlr
803 4279 981 4352 tumltlhrr
1010 4279 1345 4394 nm··hrrtre
1361 4279 1491 4394 hallu,
1520 4281 1564 4399 tr·
1577 4297 1647 4370 que
1688 4263 1690 4266 ’

89 4399 202 4472 nmtll
223 4399 349 4488 beornd
371 4397 540 4478 helsum
562 4398 660 4491 hegla
680 4402 720 4472 rt
742 4399 914 4486 haeretlel,
944 4399 995 4472 ad·
1009 4399 1373 4473 mathatiam-hah·
1391 4403 1488 4474 erro
1502 4401 1645 4508 adulat

313 4518 474 4594 latarum
494 4519 669 4608 turonen
692 4519 836 4611 parurn
858 4523 986 4607 tratur,
1009 4520 1163 4612 leonardi
1185 4538 1279 4593 rau
1302 4521 1424 4594 nulrit.
1469 4511 1477 4535 “
1579 4582 1583 4590 ,

199 4765 626 4841 UndecimaNorembris
640 4766 672 4855 ο)
701 4765 794 4859 dpud
826 4760 1092 4862 Norimbbrgam
1125 4766 1300 4862 generalis
1333 4758 1451 4841 diaeta
1467 4753 1645 4843 'adride-

90 4885 167 4960 rioo
193 4887 407 4979 Imperatore
425 4887 471 4976 ¹⁰)
498 4887 682 5008 instituta,
714 4887 759 4961 ad
789 4887 1043 4981 providendum
1077 4887 1182 4962 rebus
1213 4887 1294 4962 fidei
1312 4893 1362 5006 'et
1388 4887 1645 5005 Catholieerun

203 5194 227 5275 ¹)
250 5197 495 5274 prolongantibns
517 5191 581 5258 Ed.
604 5193 693 5280 lips.
718 5196 746 5276 ¹)
769 5199 880 5260 mensis
903 5197 1040 5260 Octobris
1062 5194 1128 5268 bd.
1153 5194 1241 5281 lips.
1266 5195 1292 5278 ³)
1314 5197 1445 5260 Vislrithi
1470 5189 1534 5260 aa
1550 5193 1644 5280 Εὗρε.

94 5298 123 5381 ⁴)
146 5301 224 5362 diem
246 5299 356 5360 mensis
378 5299 507 5361 Imperii
530 5297 594 5363 Ed.
618 5293 708 5384 laps.
733 5296 761 5385 ⁵)
785 5301 846 5363 Sub
869 5301 947 5362 idem
970 5305 1068 5362 auum
1089 5297 1154 5364 Ed.
1177 5291 1268 5384 Lipr.
1282 5291 1315 5377 Ὁ)
1330 5299 1459 5363 Haurico
1474 5297 1538 5368 Ec.
1554 5297 1646 5384 Lipe.

93 5395 218 5483 (nrum).
242 5399 268 5483 ⁷)
291 5403 386 5463 iussit.
409 5398 495 5466 deest
515 5401 552 5465 in
576 5397 653 5474 Cod.
678 5397 818 5484 0aio.-⁸)
839 5403 1268 5466 Montanorum-cassetis
1288 5400 1354 5466 Ed.
1376 5399 1468 5487 Lipr.
1497 5395 1524 5484 ¹)
1547 5399 1644 5467 lidde-

94 5508 172 5569 mma
194 5505 244 5567 die
265 5507 376 5568 mensis
397 5505 576 5568 NovembrIs
599 5501 662 5568 Ed.
686 5502 780 5589 Dipo.
808 5503 847 5586 ¹⁰)
871 5506 1071 5570 Romanorum
1093 5507 1275 5586 Imperatore
1295 5498 1497 5590 stiipe(
1620 5559 1622 5564 .
