4052 6286
381 543 458 616 472
892 563 1003 616 arnan
1029 563 1275 630 nuoonourus
1302 548 1417 633 (arnt.
1652 542 1720 642 (Α.
1739 542 1789 617 D.
1808 543 1943 642 1400.)

373 749 539 824 scribam:
567 749 662 842 teges
689 748 829 824 diuinas
856 754 896 822 et
919 748 1009 822 scita
1036 747 1287 824 contemnendo
1310 748 1496 823 irridemus
1515 753 1551 823 ot
1570 750 1848 836 imminuimus,
1882 772 1942 822 uec

373 870 461 944 satia
480 869 732 963 scripturaram
751 867 1082 943 comminationibus
1102 869 1291 959 credimus,
1318 891 1381 944 nec
1400 871 1520 944 diuina
1539 871 1690 963 imperia
1709 880 1839 965 aperto
1864 893 1941 964 per.-

373 994 448 1066 tore
475 989 673 1079 bonumne,
701 991 948 1084 levissimequo
976 995 1143 1064 uenturae
1177 991 1271 1066 vitae
1297 998 1334 1065 et
1365 991 1552 1064 salvationi
1592 1000 1798 1084 perpetuae,
1830 993 1940 1066 iuxta

375 1133 415 1200 ac
443 1132 580 1204 semper
606 1110 664 1184 hic
692 1110 839 1200 victuri,
867 1112 1083 1199 insistimus,
1113 1133 1224 1204 noque
1251 1111 1295 1185 ad
1315 1117 1459 1186 mortem
1480 1118 1516 1185 et
1535 1133 1650 1185 rerum
1669 1114 1831 1187 omnium
1859 1135 1940 1186 con·

378 1215 608 1309 sarmationem
636 1232 844 1326 aspicimus,
872 1237 1028 1324 portum,
1057 1239 1302 1326 utnusquam
1330 1232 1579 1321 recusandum,
1600 1232 1651 1306 ita
1668 1233 1871 1327 aliqnando
1891 1235 1942 1306 in·

377 1352 623 1445 grunnientium,
661 1353 811 1446 optimos
847 1352 992 1446 insuper
1027 1374 1090 1428 nos
1122 1358 1158 1427 et
1189 1353 1319 1442 iustos,
1347 1358 1469 1427 nostro
1500 1351 1558 1427 rel
1589 1360 1856 1428 assentatorum
1890 1356 1942 1428 in·

377 1473 504 1548 fatuati
529 1473 676 1564 iudicio,
705 1473 774 1548 rati
802 1473 971 1562 existere,
1001 1473 1130 1546 mutari
1158 1481 1193 1547 et
1220 1474 1365 1568 corrigi,
1392 1474 1481 1547 dum
1509 1479 1648 1567 tompus
1676 1481 1745 1565 est,
1783 1476 1940 1570 negligi·

376 1607 466 1668 mus.
495 1595 539 1667 In
566 1593 784 1668 conterendis
812 1593 1077 1687 magistratibus
1105 1601 1141 1666 ot
1168 1593 1293 1668 officiis
1321 1593 1495 1668 venalitas
1514 1601 1549 1667 et
1568 1602 1765 1669 mercatura
1791 1602 1937 1670 mutuas

378 1719 463 1788 tuac
490 1714 717 1808 exagitabant
745 1715 855 1803 uices,
884 1735 948 1790 nec
975 1715 1057 1806 plus
1083 1715 1252 1799 honorato
1280 1721 1341 1788 aut
1368 1720 1526 1802 sensato,
1559 1715 1621 1788 sed
1656 1717 1739 1807 pluo
1773 1718 1941 1810 eroganti

378 1834 607 1929 magistratus
631 1835 891 1928 contingebant.
925 1835 1088 1908 Divinam
1117 1855 1286 1910 evacuare
1313 1835 1492 1924 nonnulii,
1524 1841 1565 1908 ut
1593 1857 1692 1910 suam
1721 1844 1939 1926 statuerent,

377 1955 627 2030 authoritatem
660 1955 879 2029 nitebantur:
908 1955 1071 2029 morituri
1098 1956 1141 2029 ob
1169 1956 1204 2029 id
1232 1955 1451 2052 scalussine
1480 1956 1619 2045 liboris,
1647 1964 1709 2031 aut
1741 1959 1940 2052 degeneres

377 2083 413 2150 et
440 2075 586 2170 ignaros
614 2076 697 2150 iilos
725 2076 900 2166 relicturi,
928 2076 966 2150 in
993 2097 1031 2150 se
1058 2076 1213 2150 finaliter
1235 2083 1297 2150 aut
1314 2077 1351 2150 in
1371 2077 1490 2150 sobole
1507 2077 1691 2170 puniendi.
1720 2079 1861 2152 nultos
1882 2079 1938 2152 de

377 2197 482 2290 miquo
510 2219 588 2272 eum
617 2202 749 2270 statam
777 2218 838 2290 per
864 2197 936 2269 rim
965 2201 1001 2270 et
1027 2196 1192 2270 iniuriam
1224 2197 1380 2271 diuinam
1408 2202 1444 2270 ot
1470 2198 1659 2271 humanam
1686 2199 1848 2292 cepisse,
1880 2200 1940 2292 qui

377 2317 567 2391 diuturnus
595 2338 671 2392 esse
698 2317 774 2390 sine
802 2337 917 2390 rerum
946 2315 1139 2390 mutatione
1167 2337 1235 2389 non
1259 2322 1390 2408 posset.
1419 2316 1494 2391 Nec
1512 2319 1745 2411 opperiuntur
1764 2341 1849 2394 cnm
1872 2327 1938 2394 tre-

376 2460 471 2513 more
504 2438 627 2512 diebus
655 2459 695 2511 ac
722 2437 902 2526 noctibus,
936 2458 1023 2530 quas
1056 2437 1091 2510 in
1120 2437 1258 2510 solatiis
1275 2436 1482 2528 deducunt,
1517 2440 1609 2531 quod
1641 2440 1819 2514 reddituri
1855 2449 1940 2514 sunt

376 2560 517 2634 modam
544 2559 742 2634 districtam
770 2559 826 2632 die
854 2556 1046 2632 nouissimo
1075 2559 1117 2631 de
1145 2558 1289 2632 minimo
1317 2558 1509 2652 quadrante
1527 2559 1713 2635 rationem.
1743 2561 1850 2654 Quod
1870 2584 1940 2634 non

376 2701 419 2754 ex
447 2680 517 2754 alio
548 2701 627 2754 reor
658 2679 856 2773 provenire,
895 2701 1000 2772 quiam
1033 2679 1126 2772 quod
1157 2701 1226 2752 non
1259 2679 1380 2754 statim
1413 2679 1591 2772 flagellum
1611 2683 1638 2771 1)
1671 2683 1938 2775 appropinquat

376 2821 494 2874 eorum
523 2801 774 2889 tabernaculis,
808 2821 872 2873 uec
900 2821 978 2873 cum
1005 2800 1208 2874 bominibus
1240 2799 1416 2874 uerberari
1449 2807 1628 2875 merentur
1654 2809 1716 2874 ant
1742 2803 1936 2896 flagellari,

377 2920 439 2994 sed
466 2941 544 2994 cum
572 2921 798 2996 daemonibus
814 2919 857 3010 ²).

376 3276 485 3352 tutta
505 3294 624 3368 nagan
645 3278 680 3350 in
702 3275 813 3366 namo
836 3275 996 3350 totamm.
1019 3275 1173 3366 aarum
1195 3275 1365 3349 bohaniae
1386 3228 1457 3348 lox
1472 3292 1493 3348 a
1507 3276 1633 3348 &no
1655 3275 1813 3348 rasurae
1835 3277 1936 3349 Parta

394 3397 538 3520 amando
560 3397 709 3489 privabar
733 3399 787 3469 art
808 3395 894 3469 anni
916 3395 1037 3468 bonore
1058 3395 1163 3486 rapo,
1187 3397 1223 3468 at
1244 3394 1367 3468 subditi
1389 3395 1431 3467 ab
1454 3395 1525 3468 atra
1547 3395 1918 3470 cannamomum

479 3633 605 3720 Annus
632 3643 690 3718 bic
710 3644 810 3737 ,apud
827 3645 993 3733 ,Polonoo
1024 3643 1216 3736 plurimum
1248 3641 1400 3736 insignis
1433 3648 1468 3716 et
1499 3643 1755 3733 memorabilis,
1790 3645 1829 3720 in
1865 3668 1933 3738 quo

376 3765 509 3842 bellum
527 3764 798 3853 Pmthenicum,
818 3765 920 3838 annis
939 3785 1045 3858 prope
1068 3763 1234 3838 tredecim
1254 3763 1396 3838 assiduo
1415 3762 1555 3857 vigente
1573 3765 1700 3854 Marte,
1729 3767 1932 3840 extinctum

376 3892 452 3974 est,
475 3893 511 3960 et
529 3885 651 3979 aequis
670 3885 928 3959 conditionibus
948 3887 1085 3959 firmata
1108 3906 1207 3978 pace,
1236 3890 1350 3960 terrae
1368 3885 1564 3974 naturales,
1592 3886 1932 3977 Michaloviensisb

229 4089 232 4092 ,
376 4005 593 4094 Cheimensis
620 4011 655 4080 et
683 4006 925 4095 Pomsraniae,
954 4005 1075 4100 Regno
1102 4005 1268 4099 Poloniae
1295 4005 1500 4095 restitutae,
1536 4005 1682 4079 Prassia
1708 4007 1826 4100 coepit
1856 4029 1932 4082 esea

379 4126 539 4201 subiecto
558 4133 600 4210 et
626 4127 744 4216 unita,
773 4127 960 4220 epidimiae
976 4132 1076 4220 peste
1100 4126 1263 4218 regiones
1290 4126 1458 4200 Poloniae
1476 4127 1547 4200 tore
1565 4125 1766 4217 uniuersae,
1797 4149 1863 4201 ora
1880 4133 1930 4201 ta·
1973 4162 1980 4174 ·

376 4266 454 4326 men
481 4248 711 4342 Protheuica,
740 4247 984 4338 Pcmeraniae,
1011 4247 1165 4338 Rosciae
1183 4252 1217 4320 ot
1236 4246 1430 4334 Masouiae,
1457 4253 1619 4338 excepta,
1648 4267 1753 4339 quam
1771 4249 1932 4340 grunitu

375 4375 553 4463 aeratae„
567 4374 603 4458 et
623 4370 701 4456 ‚iere
727 4389 788 4461 per
805 4369 1008 4442 uniuersum
1029 4367 1196 4442 Potoniae
1219 4369 1396 4461 Regnum
1434 4367 1471 4440 in
1499 4367 1605 4456 vicis,
1626 4367 1788 4442 ‘urbibus
1822 4375 1930 4462 atqua

376 4489 490 4578 villis,
519 4488 736 4580 discursione
763 4488 947 4577 mirabili,
962 4489 1045 4561 dnm
1073 4489 1261 4576 nonnullas
1281 4488 1389 4562 uillas
1409 4487 1632 4580 praeteriret,
1660 4493 1821 4567 caeteras
1850 4490 1927 4564 infi-

375 4616 484 4696 ceret,
513 4629 575 4701 per
601 4614 685 4682 nota
711 4613 747 4682 et
773 4609 894 4702 ignota
921 4609 1037 4702 capita
1063 4611 1135 4684 late
1162 4608 1217 4683 ris
1245 4609 1356 4682 morbi
1380 4613 1570 4701 peruagata
1587 4614 1653 4681 ost.
1691 4609 1885 4688 Tractatum
1899 4612 1928 4700 ⁴)

376 4731 469 4818 enim
501 4729 591 4803 coeli
623 4729 786 4802 intactior
813 4736 944 4822 postem
983 4731 1086 4822 longo
1119 4729 1301 4802 damatam
1326 4735 1504 4822 tempore,
1539 4735 1607 4803 uon
1639 4728 1782 4821 quidem
1812 4731 1928 4804 omnia

374 4850 621 4945 pervadentem
650 4850 741 4938 loca,
771 4851 832 4922 sed
859 4850 942 4924 hinc
968 4854 1004 4922 et
1031 4850 1129 4939 hinc,
1152 4854 1204 4923 ut.
1221 4849 1370 4942 panum
1398 4850 1434 4922 in
1464 4849 1583 4938 urbes,
1612 4849 1737 4923 deiude
1762 4849 1804 4922 in
1831 4852 1927 4924 vicos

375 4979 411 5046 et
437 4992 519 5046 rura
546 4991 583 5044 ee
610 4969 879 5060 diffundentem,
916 4971 1084 5044 cassabat
1116 4969 1341 5064 humiditate¹
1358 4974 1393 5043 et
1420 4969 1539 5063 inopia
1576 4971 1726 5064 frugum
1764 4970 1927 5064 Singulis

375 5092 468 5170 enim
500 5090 680 5164 mensibus
713 5091 911 5183 trequentes
943 5090 1199 5166 descendebant
1230 5089 1375 5177 imbrem
1408 5090 1553 5182 insuper
1579 5097 1615 5164 et
1650 5090 1765 5165 hieme
1799 5091 1924 5181 calida,

483 5369 508 5452 ¹)
531 5369 680 5448 flagellum
710 5334 929 5446 Omnipotcntis
959 5367 1016 5428 Dei
1045 5363 1109 5429 Ed.
1140 5361 1231 5450 Lipa.
1263 5362 1602 5446 ²)cum·dae1nouibus
1631 5330 1714 5444 ipsis
1744 5362 1811 5428 mu
1834 5362 1924 5450 La'ps

376 5471 406 5562 ¹)
427 5475 668 5538 Hiobaiorienaia
690 5473 829 5535 videlicet
851 5467 915 5533 Ed.
938 5465 1029 5556 Lipa.
1053 5467 1082 5551 ⁴)
1103 5469 1230 5531 Tractus
1252 5463 1316 5532 nd.
1340 5465 1430 5554 Εὗρε.
