4090 6290
359 569 433 644 696
865 590 979 644 nnana
1004 591 1250 644 nuonncnrns
1279 573 1393 663 (xm).
1627 567 1695 669 (Α.
1717 567 1763 642 D.
1785 567 1905 666 toro.)

357 773 616 849 Batheristuan
642 779 783 849 coactns
810 779 881 866 est,
911 797 989 849 oum
1009 799 1071 850 suo
1092 777 1249 851 exercitu
1276 777 1366 851 inire
1391 798 1556 870 pugnam.
1585 777 1623 850 Is
1643 777 1671 866 ¹)
1699 776 1828 850 videns
1846 775 1904 848 in-

357 917 474 988 parem
501 917 539 969 se
565 895 727 969 hostibus
755 895 885 987 lore2),
914 897 1091 971 iuraverat
1123 897 1226 970 flexis
1253 897 1418 990 genibuS,
1448 898 1535 970 mori
1563 898 1699 990 potins,
1727 918 1836 989 quam
1854 897 1902 968 fu·

357 1036 448 1109 gere.
476 1015 648 1089 Fervebat
675 1037 793 1109 pugna
819 1017 915 1090 horis
943 1019 1014 1092 lere
1032 1018 1163 1107 tribus,
1183 1023 1219 1090 ct
1237 1018 1437 1091 abundante
1455 1018 1685 1090 multitudine
1703 1019 1905 1106 Turcorun,

357 1137 548 1228 Hungarus
580 1137 695 1230 coepit
726 1139 853 1210 referre
885 1139 1022 1229 padam,
1056 1140 1207 1232 fugaque
1233 1159 1254 1209 a
1281 1138 1418 1212 civibus
1434 1136 1464 1228 ³)
1489 1138 1629 1230 Septem
1649 1137 1905 1224 Castrensibus,

358 1277 505 1348 quornm
538 1261 689 1349 quatuor
720 1257 834 1330 millia
865 1260 1154 1347 numerabantur,
1188 1263 1311 1350 coepta
1338 1265 1408 1332 est:
1443 1280 1531 1350 quos
1558 1259 1620 1331 vix
1648 1257 1909 1331 Batberistvan

358 1377 556 1468 increpatos
583 1377 700 1469 potnit
727 1379 862 1452 sistere.
892 1379 1038 1452 Interim
1066 1400 1147 1453 vero
1176 1379 1258 1451 dnm
1285 1379 1447 1472 Hungari
1478 1379 1693 1470 reintegrata
1721 1399 1843 1470 pugna
1868 1377 1910 1448 ad

361 1497 532 1589 praelium
551 1502 826 1587 reverterentur,
847 1500 1085 1574 subvenerunt
1103 1500 1171 1572 duo
1191 1499 1366 1591 capitanei
1384 1499 1497 1591 partis
1516 1500 1784 1591 Hungarorum,
1813 1519 1908 1588 prae·

359 1617 442 1706 sati,
476 1617 638 1708 Ksyancn
671 1619 787 1692 Pauel
818 1627 853 1692 et
885 1619 1020 1709 Iaxicn,
1055 1620 1119 1692 sub
1152 1640 1299 1711 quorum
1327 1619 1503 1708 ducatu4)
1536 1639 1654 1691 ornnes
1683 1619 1866 1692 cunienses
1881 1617 1909 1706 5)

361 1737 450 1830 regii
477 1742 512 1811 et
538 1738 746 1831 noningenti
773 1738 940 1812 Baebiani
976 1747 1088 1828 erant,
1127 1738 1297 1812 solicitati
1324 1740 1565 1832 frequentibus
1594 1739 1732 1812 nuntiis
1759 1739 1908 1811 Bethor·

362 1858 504 1946 istwan;
533 1863 567 1930 at
593 1858 740 1932 dimissa
769 1860 883 1933 fronte
909 1860 1049 1948 hostili,
1078 1861 1115 1932 in
1147 1861 1242 1932 latus
1270 1860 1427 1934 studiose
1453 1860 1649 1948 irruerunt,
1679 1879 1911 1952 magnamque

360 1983 514 2071 stragem
542 1978 699 2053 facerunt
725 1979 762 2052 in
789 1980 928 2069 Turcis,
962 1986 997 2054 ct
1023 1981 1060 2052 in
1088 1982 1205 2074 fugam
1238 2002 1295 2054 eos
1328 1985 1520 2054 verterunt.
1554 1980 1628 2054 Nec
1660 1981 1819 2071 amplius
1846 1979 1910 2050 fuit

362 2119 496 2192 pugna,
530 2099 590 2172 sed
618 2100 734 2174 clades
761 2101 985 2174 barbarorum
1013 2106 1048 2175 et
1074 2103 1172 2195 fuga3
1205 2101 1377 2193 multique
1405 2102 1510 2174 Turni
1540 2099 1648 2174 deleti
1676 2107 1762 2173 sunt
1790 2103 1826 2172 ct
1852 2119 1909 2172 ex·

359 2220 480 2310 tincti,
517 2220 690 2294 notabiles
726 2226 843 2294 autem
879 2221 1135 2315 quinquaginta
1171 2221 1281 2313 capti:
1315 2221 1469 2294 malebat
1505 2221 1596 2295 enim
1628 2222 1824 2314 Hungarus
1856 2240 1909 2292 oc·

359 2341 490 2430 cidere,
521 2361 624 2432 quam
652 2342 840 2433 captivare.
879 2341 1033 2415 Maxima
1060 2342 1101 2416 de
1129 2343 1194 2415 hae
1220 2342 1368 2415 victoria
1398 2342 1436 2414 in
1463 2343 1584 2435 Regno
1616 2341 1825 2434 Hungariae
1850 2341 1909 2412 ha·

361 2459 509 2535 bebatur
535 2461 708 2534 exultatio
737 2467 773 2536 ct
790 2462 1009 2551 iucunditas3
1038 2464 1199 2554 quamvis
1226 2463 1405 2555 Hungaris
1433 2462 1578 2536 cesserit
1600 2461 1752 2534 victoria
1769 2481 1842 2533 non
1859 2461 1910 2532 in-

359 2586 514 2656 cruenta.
541 2582 798 2656 Batheristuan
826 2582 918 2656 enim
945 2604 1036 2655 nnus
1056 2604 1100 2656 ox
1119 2582 1328 2675 capitaneis,
1356 2583 1512 2676 graviter
1538 2583 1746 2656 vulneratas
1768 2589 1840 2668 est,
1869 2582 1910 2653 li·

359 2708 415 2778 cat
441 2723 510 2777 non
537 2703 708 2790 letalitcr;
735 2702 840 2776 biduo
868 2703 931 2776 alii
958 2703 1133 2795 capitanei
1159 2702 1351 2792 exercitus,
1380 2703 1542 2796 Ksyanon
1566 2703 1683 2776 Pcuel
1710 2707 1748 2776 et
1775 2701 1910 2789 Ianicu,

359 2823 465 2898 multi
491 2844 629 2917 quoquc
656 2823 699 2898 de
726 2823 929 2917 Hungariao
956 2823 1132 2897 militibus
1160 2828 1196 2897 ct
1222 2823 1442 2897 cumensibus
1457 2824 1502 2914 6),
1530 2828 1670 2916 pectore
1689 2823 1840 2896 adverso
1859 2843 1911 2896 ca·

361 2944 487 3018 cidere.
516 2944 753 3036 Fuissentque
779 2944 884 3018 l'urci
910 2944 1124 3037 superiores,
1152 2944 1223 3018 nisi
1249 2943 1398 3036 praelati
1424 2945 1493 3018 duo
1521 2943 1714 3038 capitanei,
1748 2945 1912 3036 Kspancn

360 3063 478 3138 Pauci
504 3068 540 3137 et
566 3063 703 3153 Iarion,
737 3064 946 3157 tempestive
974 3065 1199 3141 advenientes
1224 3069 1259 3140 at
1286 3066 1380 3139 latus
1407 3065 1538 3140 hostile
1564 3065 1790 3155 inundanter,
1821 3064 1912 3137 illud

361 3184 527 3259 acerrime
554 3184 815 3259 contrivissent.

361 3539 542 3614 anuinium
563 3537 634 3614 hex
655 3537 805 3615 roloniae
828 3543 953 3616 tuctu
975 3541 1016 3615 da
1038 3559 1118 3633 pace
1140 3559 1212 3615 eun
1233 3541 1473 3614 hortulorum
1495 3541 1648 3626 lucibus,
1671 3540 1727 3632 qni
1742 3541 1819 3631 iugc
1834 3539 1912 3612 tnnc

362 3663 588 3742 umerorum
618 3680 775 3750 excurro,
810 3663 1076 3753 accensurum
1104 3664 1238 3754 inportu
1267 3681 1326 3734 uun
1356 3664 1533 3736 subiiciunt
1564 3666 1599 3734 ct
1629 3663 1746 3752 opibus
1775 3664 1910 3747 annot,

842 3784 1098 3874 tithnmiaepre
1121 3786 1247 3874 parton
1269 3783 1426 3856 adnuat.

465 4029 668 4104 Kaaimirus
695 4031 861 4106 Poloniae
887 4032 983 4120 Rex,
1016 4032 1119 4106 rebus
1151 4031 1309 4104 Polonici
1341 4029 1454 4124 Regni
1487 4029 1707 4121 compositis,
1740 4035 1777 4102 ot
1804 4050 1907 4121 expa-
2042 4017 2043 4070 ³

362 4151 496 4225 ditione
532 4151 840 4243 stipendiariorum
872 4151 1022 4224 Iohanni
1055 4151 1216 4244 episcopo
1249 4151 1486 4239 cracoviensi,
1519 4151 1645 4224 Iacobo
1676 4150 1720 4223 de
1753 4151 1909 4222 Dambno

363 4273 554 4346 castellano
582 4277 618 4345 et
644 4273 824 4363 capitaneo
853 4272 1089 4361 cracoviensi,
1123 4277 1159 4345 at
1184 4271 1295 4344 Paulo
1323 4271 1526 4363 Iassyanshi
1558 4272 1749 4344 castellano
1779 4269 1908 4342 Sando·
2040 4301 2042 4344 r

362 4391 522 4464 miriensi
538 4393 580 4481 7),
609 4391 809 4481 commissa,
842 4392 899 4464 die
926 4392 1105 4481 Mercurii,
1139 4391 1273 4464 decima
1300 4392 1450 4483 septima
1477 4392 1606 4464 mensis
1639 4390 1853 4464 Novembris
1866 4390 1908 4479 ⁸),
2041 4431 2042 4476 ,

363 4511 453 4585 alias
480 4511 568 4585 laria
594 4517 719 4604 quarta
745 4517 826 4585 ante
855 4512 1002 4586 Sanctae
1025 4513 1209 4586 Elisabeth
1224 4513 1267 4601 9),
1297 4532 1341 4586 cx
1368 4511 1403 4584 N
1405 4532 1470 4583 ora
1488 4511 1639 4584 diritate
1658 4512 1830 4600 Koronin,
1859 4511 1907 4583 ni·
2041 4505 2042 4592 ξ

364 4632 472 4705 sitato
509 4631 615 4706 ctiam
651 4631 863 4706 monasterio
895 4632 1043 4706 Sanctae
1078 4632 1214 4723 (trucis,
1247 4633 1284 4705 in
1315 4631 1543 4704 Lithuaniam
1580 4652 1657 4706 cum
1689 4633 1787 4704 omni
1817 4631 1909 4704 cuna
2040 4699 2041 4720 ,

368 4773 433 4825 sua
463 4773 501 4826 se
527 4751 689 4826 contulit.
727 4752 771 4824 In
799 4775 868 4845 qua
895 4757 1033 4845 tompus
1059 4751 1203 4841 hiemis,
1232 4752 1325 4825 veris
1349 4757 1384 4826 et
1401 4751 1564 4840 aestatis,
1584 4751 1833 4825 venationibus
1851 4773 1906 4824 va·
2039 4731 2041 4766 ¹

364 4872 490 4962 cando,
518 4872 753 4966 consumpsit:
781 4872 980 4966 placitando
1000 4895 1077 4947 cnm
1097 4872 1357 4947 Moshuitarum
1376 4873 1421 4964 ¹⁰)
1449 4872 1622 4962 Ducibus,
1642 4872 1810 4946 videlicet
1828 4877 1908 4944 natu
2040 4871 2041 4892 *

471 5165 496 5246 ¹)
519 5163 576 5240 Qui
594 5161 669 5229 Coc.
686 5163 796 5228 Przez.
813 5163 839 5251 ²)
857 5185 922 5230 esee
938 5163 1111 5249 aa'ttpa.
1129 5165 1153 5246 ³)
1169 5185 1187 5228 a
1203 5165 1371 5228 civitatibus
1389 5162 1465 5229 Coc.
1487 5161 1574 5229 Calc.
1592 5163 1619 5246 ⁴)
1635 5166 1726 5226 ductu
1740 5161 1807 5227 Ed
1823 5161 1905 5246 Lapa.
2039 5217 2040 5242 ,

364 5267 392 5356 ⁶)
415 5270 515 5332 Aulioi
537 5265 602 5335 Ec.
624 5267 714 5352 lipr.
747 5268 774 5350 ⁶)
796 5272 901 5332 aulicis
923 5267 987 5334 Ed.
1011 5267 1101 5351 tipo.
1133 5269 1158 5350 ⁷)
1182 5270 1345 5330 Siradiensi
1374 5267 1437 5330 Ed.
1459 5267 1550 5350 Lapa.
1582 5268 1608 5347 ⁸)
1632 5269 1782 5329 sedecima
1804 5269 1906 5328 mensis
2039 5333 2040 5352 ,

362 5375 543 5458 Novembris
558 5370 621 5437 Ed.
639 5369 732 5458 Εἶρα.
756 5371 782 5456 ⁹)
799 5375 989 5438 antefactum
1005 5374 1035 5438 S.
1052 5373 1206 5436 Elisabeth
1221 5371 1284 5436 Ed.
1300 5371 1391 5457 Lipc.
1421 5371 1459 5454 ¹⁰)
1475 5372 1724 5434 Moschouitarum
1740 5369 1805 5436 Ed.
1821 5368 1905 5455 Lipr.
