4052 6286
358 554 447 636 502'
866 576 980 638 ursan
1006 581 1252 638 oeconomus
1267 567 1395 656 (xm).
1630 561 1697 664 (Α.
1720 556 1766 638 0.
1787 559 1917 663 1468.)

354 768 422 844 filli
449 765 631 846 Korimiri'
650 770 759 865 Regis
787 771 823 846 in
852 771 967 844 omnia
994 770 1196 844 Pannonica
1214 770 1379 844 Dominio
1397 775 1433 845 et
1451 771 1635 845 Australis
1653 772 1680 863 ¹)
1710 773 1916 848 succedant.

354 892 429 966 Noe
455 892 492 965 in
521 913 597 966 eam
630 895 745 966 solum
776 893 1028 1000 conditioqem,
1063 893 1123 966 sed
1156 891 1193 965 in
1221 913 1464 985 quamcunque
1495 892 1602 964 aliam
1637 894 1851 985 possibilem
1885 899 1919 967 et

354 1011 535 1087 Karimiro
568 1014 658 1109 Regi
688 1014 961 1107 beneplacitam,
994 1012 1213 1087 Pridericum
1241 1018 1276 1088 et
1303 1013 1472 1087 Methiam
1499 1014 1614 1107 Reges
1641 1017 1736 1088 ultro
1766 1036 1915 1088 consen-

355 1155 466 1208 suros.
494 1136 708 1229 Hungariois
736 1142 912 1228 postremo
939 1135 1153 1208 consiliariis
1181 1135 1217 1207 id
1245 1155 1348 1208 curae
1376 1155 1452 1208 esse
1486 1137 1714 1225 monstrarit,
1748 1157 1795 1210 ne
1823 1137 1919 1209 inter

355 1257 478 1349 Regna
503 1257 670 1330 Poloniae
699 1261 734 1330 et
761 1256 964 1350 Hungariae
993 1257 1114 1329 foedus
1141 1256 1318 1330 amicitiae
1346 1256 1464 1329 sinant
1491 1275 1686 1345 senescere,
1718 1259 1780 1332 sed
1810 1259 1916 1330 noris

355 1376 446 1450 illud
465 1377 633 1452 funiculis
653 1378 819 1451 studeant
845 1379 1023 1452 roborare:
1053 1377 1181 1469 quibus
1200 1377 1292 1450 nihil
1309 1377 1446 1470 gratius
1466 1377 1621 1451 accidere
1641 1385 1780 1470 posset,
1811 1401 1918 1470 quam

355 1498 564 1574 affinitatem
590 1499 808 1588 huiusmodi,
839 1499 977 1572 etiamsi
1005 1498 1180 1572 Primores
1207 1499 1375 1571 Poloniae
1406 1499 1483 1572 Rex
1512 1499 1714 1573 cracoviam
1744 1500 1873 1574 venire
1888 1499 1917 1588 ²)

354 1620 491 1709 iubeat,
521 1621 717 1694 conlectum
743 1619 799 1693 iri.
829 1620 982 1694 Consilio
1011 1620 1238 1712 frequentiori
1262 1620 1430 1693 advocato
1450 1623 1485 1692 et
1502 1641 1540 1693 re
1559 1621 1713 1714 digesta,
1743 1623 1916 1695 Olomun-

355 1741 471 1815 erenei
504 1742 665 1835 episcopo
698 1763 905 1834 responsum
938 1746 1006 1814 est:
1041 1741 1260 1814 Karimirum
1287 1741 1454 1814 Poloniae
1483 1741 1614 1833 Regem
1640 1764 1712 1814 non
1739 1743 1916 1816 abiecisse

353 1863 514 1957 Regnum
542 1863 729 1938 Bohemiae
762 1863 830 1936 sibi
859 1885 879 1935 a
906 1864 1003 1954 Papa
1030 1867 1065 1936 ot
1092 1862 1280 1935 baronibus
1317 1861 1488 1950 oblatum,
1524 1863 1585 1936 sod
1617 1864 1913 1937 deliberationem

355 2003 470 2074 suam,
500 2003 543 2059 ex
571 1985 714 2078 optimis
742 1984 960 2078 respectibus
992 1984 1030 2056 in
1057 1983 1208 2056 diaetam
1235 1984 1447 2076 generalem,
1479 1985 1579 2057 onius
1607 2005 1670 2076 pro
1698 1985 1756 2058 die
1792 1985 1914 2058 Sancti

356 2106 616 2180 Bartholomaei
631 2104 662 2194 3)
690 2105 994 2200 appropinquabat
1021 2105 1224 2192 celebratio,
1259 2104 1494 2196 suspendisse.
1530 2106 1581 2177 Ra
1612 2127 1681 2177 non
1709 2085 1854 2194 habita,
1884 2115 1916 2180 et

355 2226 560 2319 Principum
593 2231 628 2301 et
655 2227 934 2300 consiliariorum
967 2246 1109 2299 suorum
1141 2227 1325 2298 voluntate
1358 2246 1426 2298 non
1457 2226 1646 2318 requisita,
1681 2227 1776 2299 nihil
1810 2227 1915 2299 illum

354 2365 458 2440 posse
493 2348 531 2420 in
562 2367 600 2421 re
628 2353 699 2422 tam
730 2348 871 2442 gramm,
905 2347 942 2420 in
974 2347 1121 2420 alteram
1153 2353 1287 2438 partem
1319 2348 1479 2438 responsi
1511 2348 1626 2435 edere,
1665 2369 1730 2420 nec
1764 2349 1917 2439 tempori

353 2468 538 2561 praefinito
566 2473 601 2542 ot
629 2489 770 2542 suornm
798 2468 945 2542 oonsilio
973 2467 1224 2560 praeiudicare.
1264 2467 1302 2540 Si
1330 2469 1410 2560 quis
1436 2468 1579 2541 interim
1606 2469 1771 2562 Regnum
1801 2469 1917 2542 Bohe-

352 2590 459 2679 miae,
489 2589 533 2662 sd
559 2589 663 2663 illum
691 2596 726 2663 ot
752 2590 845 2663 filios
874 2589 949 2663 eius
977 2589 1168 2681 multiplici
1197 2590 1273 2662 iure
1300 2589 1496 2680 pertinens,
1526 2609 1694 2680 occuparo
1723 2589 1915 2662 contende-

353 2710 417 2783 rit:
446 2709 612 2784 iniuriam
639 2731 738 2783 suam
766 2711 803 2782 in
831 2711 918 2784 iusti
946 2711 1012 2783 Dei
1041 2715 1075 2783 et
1095 2709 1250 2783 fidelium
1270 2731 1412 2783 suorum
1431 2710 1608 2782 defensam
1627 2712 1916 2796 commissurum,

354 2831 635 2922 admiratumque
663 2832 830 2920 maxime,
859 2853 903 2904 ne
930 2832 962 2904 ei
990 2831 1171 2922 occupatio
1200 2831 1356 2905 violenta
1382 2829 1496 2922 possit
1524 2851 1599 2904 esse
1627 2832 1810 2904 diuturne.
1841 2831 1914 2904 hla-

354 2950 467 3024 thiam
494 2950 639 3042 insuper
666 2951 797 3045 Regem
825 2951 1028 3044 Hungariae
1061 2953 1236 3025 communi
1269 2953 1406 3025 foedere
1436 2953 1637 3044 Regnorum
1665 2953 1824 3044 primum
1853 2975 1913 3026 no-

353 3071 486 3165 glooto,
523 3071 647 3145 deinde
679 3076 865 3162 temerato,
899 3073 1061 3165 pluribus
1094 3072 1230 3145 damnis
1259 3077 1294 3146 et
1321 3069 1520 3146 hostilitate
1551 3072 1714 3166 Regnum
1742 3073 1916 3146 Poloniae

355 3187 625 3291 affecieso,]rioe
643 3193 820 3286 geminata
836 3199 963 3267 terram
979 3193 1264 3286 Sorepusionsem
1278 3195 1480 3286 praedaeue,
1500 3199 1658 3268 recenter
1671 3195 1821 3286 insuper
1839 3197 1913 3267 feu·

354 3312 469 3386 dalem
496 3313 671 3406 regionem
698 3314 813 3407 Regni
839 3315 1023 3404 Poloniae,
1057 3321 1092 3390 et
1119 3317 1195 3389 eius
1223 3315 1422 3407 Principem
1451 3316 1669 3408 Stephanum
1696 3315 1911 3402 hloldariae,

356 3433 572 3507 diffidatione
599 3455 668 3508 non
695 3436 902 3527 praemissa,
931 3437 1024 3510 bello
1052 3443 1087 3511 et
1114 3436 1287 3510 incendiis
1313 3435 1481 3509 affecisse.
1511 3433 1592 3508 Non
1611 3435 1831 3527 asscitaque
1852 3437 1911 3507 ho

354 3559 510 3644 nestum,
538 3575 602 3628 neo
628 3556 801 3629 Kozimiri
829 3557 937 3650 Regis
964 3557 1131 3632 Poloniae
1158 3558 1344 3631 convenire
1371 3557 1580 3645 conditioni,
1608 3563 1649 3628 ut
1677 3561 1751 3628 tam
1770 3557 1910 3629 notabi-

353 3675 449 3748 libus
475 3674 617 3748 iniuriis
644 3675 829 3770 neglectiS,
859 3697 902 3750 ex
929 3680 1031 3751 hoste
1057 3699 1222 3771 generum
1251 3680 1356 3772 legat.
1386 3677 1424 3751 Si
1444 3677 1644 3751 Pannonico
1663 3677 1754 3769 Regi
1775 3681 1812 3749 et
1830 3699 1910 3750 con-

355 3793 502 3868 siliariis
517 3795 548 3885 ⁴)
577 3797 672 3870 cordi
700 3804 754 3871 est
781 3798 954 3872 Karimiri
982 3799 1090 3892 Regis
1118 3799 1285 3872 Poloniae
1313 3799 1482 3886 affinitas,
1512 3797 1693 3890 intelligat
1716 3819 1788 3868 nou
1807 3819 1910 3888 possa

355 3937 462 4008 super
487 3937 528 3991 ea
555 3917 741 4010 quicquam
769 3919 843 4012 egi,
872 3920 979 3994 donec
1007 3920 1242 3993 communium
1270 3919 1384 4012 Regni
1400 3919 1431 4008 5)
1459 3919 1740 3992 consiliariorum
1763 3917 1909 4007 iudicio,

355 4044 529 4112 conventu
556 4041 693 4130 habito,
727 4039 868 4134 singula
894 4042 1029 4130 ablate,
1057 4043 1243 4115 reformata
1271 4039 1472 4124 extiterint,
1502 4045 1537 4112 et
1564 4039 1761 4112 animorum
1791 4039 1910 4111 irritu·

355 4159 406 4232 tio
433 4161 600 4234 succisso.
634 4161 685 4233 Ee
710 4162 937 4253 responsione
969 4163 1179 4234 Prothasius
1212 4161 1396 4253 episcopus
1431 4160 1720 4233 Olomnnonensis
1753 4165 1908 4251 accepta,

354 4277 456 4354 doris
483 4281 683 4375 insignibus
711 4305 731 4354 a
758 4283 937 4356 Karimiro
965 4284 1061 4376 Rege
1088 4283 1294 4370 honoratus,
1323 4283 1360 4354 in
1389 4281 1607 4373 Hungariam
1627 4281 1801 4352 molestus
1821 4287 1908 4369 (ma-

262 4398 266 4410 '
353 4401 409 4494 gis
437 4401 530 4476 euim
562 4423 667 4495 super
698 4403 871 4477 affinitate
904 4403 1142 4477 arbitrabatur
1170 4423 1207 4476 se
1235 4404 1394 4476 votivum
1428 4419 1634 4493 responsum
1667 4403 1909 4491 accepturum)

354 4541 535 4617 regressus
563 4528 628 4597 est.

463 4799 486 4881 ¹)
508 4801 677 4864 Australica
698 4797 761 4863 Ed.
789 4797 878 4882 Lapa.
911 4799 935 4878 ²)
959 4801 1117 4862 convenire
1139 4795 1201 4859 Ed.
1225 4793 1314 4880 Lapa
1347 4793 1373 4875 8)
1401 4797 1618 4858 Bartholomaoi
1649 4797 1815 4873 Apostolici
1843 4789 1906 4856 Ed.

354 4903 445 4989 Dipo.
469 4903 496 4986 4)
521 4905 705 4968 Consiliariis
728 4905 791 4966 suis
813 4901 876 4966 Eo.
900 4901 993 4986 Lips.
1018 4901 1045 4983 υ)
1067 4905 1236 4981 Regnorum
1258 4897 1321 4964 Ed.
1345 4895 1436 4983 Lips.
