4082 6284
100 545 165 646 (Α.
185 544 230 620 D.
251 540 376 642 1460.)
610 565 723 620 nrnun
748 565 993 630 nnonporuue
1021 549 1137 638 (xm).
1571 552 1646 626 309

100 757 133 828 et
159 752 378 844 capitaneum
405 751 684 841 Graeoviensam,
714 757 750 826 et
775 753 966 828 Iohannem
994 753 1174 846 Dlugos'eh
1201 754 1412 828 (tanonieum
1440 755 1644 832 Oraeovion-

99 895 186 961 sem,
215 895 293 946 enm
320 873 456 946 nuntiis
475 873 615 967 Georgii
634 873 822 946 Bohemiae
849 873 974 967 Regia,
1004 874 1169 948 videlieet
1198 875 1381 950 Zdenlrone
1399 877 1644 969 Konopnionki

25 1067 29 1078 ,
100 995 141 1068 do
168 993 359 1085 Sternborg
378 995 405 1082 ¹)
442 1015 602 1085 supremo
634 993 821 1086 burgrabio
854 993 1039 1088 Pragensi,
1073 994 1280 1071 Guilhelmo
1309 997 1577 1072 Rosnembarslri
1605 999 1647 1072 de

99 1115 235 1206 Rabye‚
264 1118 300 1186 et
318 1113 474 1187 Iohanne
493 1113 682 1206 Gienynslri
698 1113 729 1204 2)
757 1118 855 1187 tenta
882 1119 947 1188 est.
976 1114 1048 1187 Ubi
1065 1119 1145 1206 post
1163 1115 1282 1206 plures
1301 1121 1473 1190 trootatns
1493 1138 1556 1192 sen
1574 1119 1645 1192 die·

99 1235 163 1308 bus
191 1233 360 1326 agitatos,
390 1235 510 1308 foedus
537 1234 632 1308 inter
658 1235 773 1327 Reges
801 1234 923 1326 aequis
950 1234 1210 1308 eonditienibus
1242 1236 1415 1310 soneitnm
1444 1242 1479 1310 et
1506 1239 1645 1311 oonolu-

99 1375 175 1426 snm
204 1359 273 1428 est:
301 1359 342 1426 nt
370 1354 536 1428 videlieet
563 1354 676 1447 Reges
704 1375 828 1446 puram
856 1359 891 1428 et
917 1355 1158 1428 inviolabilem
1185 1355 1377 1428 amititiam
1405 1356 1497 1430 inter
1525 1379 1562 1430 se
1586 1359 1645 1432 ob·

99 1479 255 1560 servent,
283 1495 347 1548 neo
374 1497 465 1546 onus
492 1474 698 1548 adversetur
720 1475 823 1548 alteri
849 1496 911 1567 per
935 1497 972 1549 se
990 1481 1052 1549 ant
1069 1479 1191 1567 gentes
1210 1497 1308 1564 suas,
1337 1497 1400 1550 neo
1420 1478 1510 1550 ferat
1530 1477 1644 1552 subsi-

99 1595 195 1668 dium
219 1595 414 1688 ouionnqne
431 1615 600 1688 personae
619 1595 877 1670 eeclesiastieae
895 1600 956 1668 ent
974 1597 1185 1686 mundanae,
1206 1598 1280 1670 solo
1299 1598 1456 1672 Romano
1475 1599 1645 1673 Pontiliee

99 1721 260 1808 exeept03
289 1720 324 1788 et
350 1722 391 1788 nt
416 1717 532 1808 Reges
559 1716 791 1807 personaliter
808 1721 888 1808 poet
906 1738 1015 1788 nrum
1034 1738 1178 1805 annum,
1199 1717 1236 1790 in
1255 1719 1343 1790 festo
1362 1718 1645 1792 Cirtumeisionis

98 1835 254 1923 Domini,
284 1840 346 1908 aut
373 1836 404 1909 si
431 1835 716 1928 impedimentum
748 1837 946 1929 legitimum
974 1836 1218 1926 interveniret,
1252 1837 1423 1930 experti)
1450 1839 1563 1931 prima
1590 1839 1646 1912 die

98 1956 198 2045 Maii,
228 1956 265 2029 in
292 1956 417 2029 Maiori
444 1955 614 2049 Glogovia
641 1957 865 2046 convenient,
895 1959 1015 2032 foedus
1043 1959 1245 2032 oonolnsum
1272 1959 1507 2051 personaliter
1525 1959 1644 2036 ietnri.
1673 1979 1676 1986 ’

96 2309 203 2382 loreia
226 2311 420 2401 burgariam
441 2312 518 2402 igne
540 2315 576 2384 et
598 2313 711 2403 spoliis
733 2271 1210 2401 vastantibue,1rttrirsllex
1232 2313 1414 2404 ilungariae
1427 2315 1462 2386 in
1479 2313 1645 2403 eeorgtrn

321 2429 491 2504 boloniae
512 2433 630 2523 Regem
653 2435 899 2523 eomprenittit,
921 2434 956 2506 in
978 2451 1078 2508 eausa
1099 2435 1255 2508 Iohannis
1276 2435 1421 2508 llirlrae.

200 2678 406 2772 Hnnganiae
432 2680 510 2754 Rex
537 2679 706 2770 Metbies,
735 2679 944 2773 eonquisitis
970 2680 1135 2772 plurimis
1163 2681 1289 2754 eastris
1317 2685 1353 2755 ot
1374 2681 1643 2772 munitionibus,

97 2821 185 2892 quse
215 2821 236 2872 a
263 2800 418 2874 Iohanne
447 2800 590 2891 Giskra,
626 2805 689 2874 eut
720 2801 785 2876 sub
817 2823 881 2874 sno
909 2801 1047 2876 nomine
1078 2802 1301 2891 tenebantur,
1335 2824 1356 2874 a
1382 2803 1508 2876 aestuis
1536 2803 1643 2878 Seba-

95 2921 190 2994 riseh
219 2925 255 2994 et
281 2921 486 3012 Riehnava,
515 2941 604 3014 qnae
631 2921 828 3011 obsidebat,
856 2921 992 2995 nuntiis
1010 2922 1199 2996 Bohemioe
1216 2922 1325 3016 Regis
1344 2923 1485 3016 Georgii
1504 2923 1641 2996 instan-

96 3041 211 3130 tibus,
245 3042 493 3116 dissessionem
525 3042 622 3116 feeit:
656 3042 798 3130 asebis,
828 3063 917 3134 qnae
944 3041 1207 3131 obsidebantur,
1242 3043 1392 3136 primum
1421 3043 1459 3118 in
1486 3043 1645 3116 Ladislai

96 3163 138 3236 la
155 3163 309 3237 Palonea
329 3162 505 3255 Hongari,
534 3168 569 3236 et
596 3163 735 3236 Alberti
761 3161 899 3236 Kostlra
926 3162 1088 3250 Bohemi,
1117 3185 1241 3236 manns
1259 3163 1463 3256 resignetis,
1488 3185 1643 3256 eompre-

96 3283 266 3375 mieitque
292 3283 329 3356 in
356 3283 544 3356 Bohemiae
576 3284 723 3376 Regem,
757 3283 971 3376 obligantem
1003 3305 1055 3371 se,
1089 3304 1151 3375 pro
1179 3283 1236 3356 die
1263 3284 1546 3358 Oireumoisionie
1574 3286 1642 3358 Do·

96 3404 182 3478 mini
212 3408 398 3478 venturum
425 3403 462 3476 in
489 3404 655 3495 oppidum
683 3405 877 3496 Traneeyn,
908 3403 1000 3478 inter
1033 3425 1111 3478 enm
1139 3408 1174 3478 ot
1201 3403 1364 3478 (listram
1396 3405 1537 3478 finalem
1563 3426 1642 3497 pro-

95 3523 342 3598 nuntiaturum
369 3523 590 3598 decisionem.
619 3524 771 3596 Hostilia
786 3524 818 3614 ⁴)
846 3526 1035 3598 Toreorum
1062 3524 1099 3598 in
1123 3525 1325 3618 Hungnriae
1343 3525 1503 3618 Regnum
1522 3545 1584 3616 pro
1603 3546 1643 3598 eo

96 3651 253 3736 tompore
279 3643 475 3737 ingressus,
503 3650 544 3716 ut
570 3644 686 3718 minus
718 3649 922 3718 annotenter
948 3645 986 3717 in
1012 3644 1229 3719 conditiones
1261 3645 1464 3719 huiusmodi
1490 3645 1642 3718 Mutiliae

96 3764 301 3858 Hungariae
327 3766 405 3838 Rex
431 3764 660 3854 eonsentirat,
689 3765 819 3853 effoeta,
849 3765 910 3858 qni
937 3765 1110 3838 evnnenlo
1138 3787 1201 3838 suo
1217 3765 1248 3856 5)
1276 3765 1445 3840 Miehaole
1471 3766 1642 3840 Suniarlin

96 3884 258 3958 oonilieto
277 3885 326 3975 6),
366 3906 478 3977 usqne
514 3886 558 3959 ao
594 3886 826 3960 Sermiensem
860 3885 1076 3979 provintiam
1112 3885 1277 3960 eeedibns
1312 3893 1348 3962 et
1384 3886 1509 3979 spoliis
1544 3907 1641 3981 gres·

97 4005 166 4078 sati
195 4009 291 4078 sunt.

96 4361 234 4434 ηοω
256 4359 491 4449 ttrrrmpireki
515 4361 685 4450 episeopus
709 4361 932 4434 braeovieneis
960 4362 1111 4448 meriton
1141 4364 1218 4451 post
1239 4362 1330 4436 euius
1352 4361 1474 4435 obitu
1496 4361 1536 4434 et
1556 4361 1644 4434 iuter

485 4483 555 4553 trae
577 4481 745 4554 eontentio
767 4481 808 4556 le
830 4482 1021 4572 episeopatn
1043 4482 1256 4556 breoomemi.

202 4729 379 4804 Vioeeima
406 4729 559 4802 seeundo
577 4729 793 4820 Septembris
809 4730 839 4820 7)
868 4731 1017 4804 Thomas
1036 4729 1274 4804 Oraooviensis
1293 4731 1493 4824 episeopus,
1518 4729 1555 4803 in
1575 4751 1642 4821 qno

97 4850 284 4926 memoriae
310 4849 484 4922 naturalis
512 4853 610 4922 tanta
637 4855 712 4924 erat
739 4850 926 4939 teneritas,
955 4855 995 4922 nt
1023 4872 1111 4942 quoe
1138 4852 1246 4925 semel
1263 4850 1301 4923 in
1318 4855 1441 4943 peetus
1468 4871 1641 4923 eommen·

97 4973 181 5044 data
198 4970 464 5058 descenderant,
483 4969 521 5043 in
538 4975 704 5063 promptu
730 4971 889 5044 haberet:
918 4975 1129 5063 quapropter
1155 4970 1309 5045 Bibliam
1337 4971 1515 5046 metricam
1533 4992 1555 5044 a
1573 4972 1641 5042 ira·
1702 5076 1705 5082 Ι

206 5263 229 5345 ¹)
252 5265 425 5341 Sntembarg
447 5259 524 5327 Cori.
546 5259 655 5324 Praea.
677 5263 824 5340 Stenberg
845 5258 909 5323 Ed.
933 5259 1023 5344 Lapa.
1041 5261 1066 5342 ⁹)
1081 5263 1286 5340 Wyonynyslri
1303 5257 1378 5325 Coo.
1401 5259 1488 5326 Galo.
1504 5262 1641 5340 Nionym-

99 5371 146 5432 ski
167 5365 231 5430 nd.
254 5365 346 5450 Lipa.
370 5365 394 5447 ³)
417 5373 478 5430 tum
501 5362 564 5428 lad.
586 5363 679 5448 Dipo.
704 5363 731 5444 ⁴)
745 5367 871 5429 Hostilia
886 5367 1032 5428 exereitus
1047 5363 1110 5428 Ed.
1126 5363 1217 5447 Lipe.
1236 5361 1263 5447 ⁵)
1279 5367 1343 5428 eins
1358 5362 1422 5428 Ed.
1439 5361 1529 5449 Lipe.
1546 5363 1573 5443 ο)
1589 5366 1642 5426 Ze-

98 5474 179 5534 ladin
201 5472 358 5550 profligato
380 5467 443 5534 Eo.
466 5467 559 5554 Lipe.
587 5468 613 5550 ⁷)
635 5471 745 5532 mensis
767 5469 947 5546 Septembris
968 5462 1032 5532 Ed.
1056 5464 1145 5552 Lipe.
