4052 6286
364 524 447 612 468·
873 552 985 609 mena
1014 555 1258 608 nuoneonrue
1287 537 1401 626 (xxm).
1639 529 1705 632 (Α
1725 531 1772 607 Β.
1793 527 1924 630 md.)

362 746 479 838 signos
499 745 660 829 barones,
691 743 811 814 fideles
831 747 865 814 at
884 739 1086 826 orthodoxi,
1118 740 1190 813 sint
1210 741 1236 827 1)
1264 745 1298 813 et
1317 741 1435 832 plnres
1457 762 1599 814 numero
1619 741 1804 827 civitates,
1835 745 1873 814 et
1891 741 1919 812 si

365 871 520 940 caeterae
548 865 726 950 deessent,
755 860 882 934 civitas
910 883 980 933 una
999 861 1323 948 Wratislariensis3
1353 861 1424 933 sint
1440 861 1471 950 2)
1500 869 1535 934 et
1560 860 1693 935 Slesiao
1722 860 1923 952 Principes,

363 986 578 1059 dominatum
607 1007 708 1057 snum
737 989 772 1055 et
800 982 1057 1073 susceptionem
1081 982 1194 1073 Regni
1214 982 1403 1055 Bohemiae
1422 1003 1629 1075 magnopere
1649 987 1864 1075 expetentes
1880 979 1920 1070 ³),

363 1129 432 1179 non
460 1129 560 1179 secus
585 1127 688 1198 quam
707 1103 937 1196 perniciosam
957 1107 1090 1194 postem
1110 1102 1297 1195 Georgium
1317 1103 1501 1176 deserturi.
1530 1103 1765 1196 Consurgeret
1785 1102 1920 1194 itaque,

364 1237 399 1299 et
426 1229 586 1319 Regnum
614 1207 705 1299 illud
732 1224 883 1316 primum
911 1245 972 1314 pro
1001 1223 1065 1295 Dei
1094 1224 1223 1296 honore
1251 1229 1285 1294 et
1314 1221 1393 1296 fidei
1422 1228 1563 1296 sanctae
1592 1223 1832 1310 exaltatione,
1868 1222 1924 1294 da

369 1349 448 1420 inde
486 1369 548 1439 pro
585 1347 660 1418 iure
694 1345 762 1418 sibi
796 1343 913 1415 debito
946 1348 981 1414 et
1012 1342 1129 1436 gentis
1162 1365 1201 1415 ao
1229 1342 1403 1436 linguagii
1435 1343 1672 1435 idemptitate,
1707 1367 1729 1415 a
1756 1342 1927 1415 monstris

367 1470 549 1541 haereseos
577 1489 617 1540 ac
644 1465 845 1538 detentione
878 1463 1000 1555 iniqua
1033 1465 1201 1552 solveret,
1235 1463 1514 1556 amplificaturus
1549 1486 1588 1536 co
1617 1465 1693 1556 ipso
1727 1463 1925 1556 praemium

371 1589 439 1662 eibi
466 1590 559 1680 apud
587 1590 714 1678 Deum,
745 1591 780 1658 ot
806 1606 930 1656 nomen
958 1585 1050 1675 apud
1078 1591 1247 1676 posteros.
1277 1585 1408 1676 Quodsi
1438 1587 1525 1657 forte
1553 1585 1666 1678 Regni
1689 1583 1870 1657 Poloniae
1896 1589 1929 1656 a

370 1716 584 1784 caeterorum
613 1728 754 1779 suorum
784 1704 1048 1796 Prinoipatuum
1078 1727 1161 1777 cura
1189 1715 1224 1777 et
1243 1705 1396 1778 charitas
1424 1726 1501 1778 eum
1526 1729 1546 1777 a
1566 1681 1794 1797 suscipiendo
1823 1703 1926 1776 dieti-

367 1839 504 1903 nerent:
533 1835 594 1901 ant
621 1817 720 1900 daret
748 1829 873 1898 saltem
902 1847 963 1917 pro
992 1826 1088 1918 Rege
1116 1807 1303 1898 Bohemiae
1323 1825 1434 1898 lilium
1455 1848 1557 1898 snum
1577 1825 1821 1898 Wladislanm
1841 1831 1927 1896 natu

368 1950 547 2036 maiorem,
577 1954 654 2035 aut,
676 1948 707 2020 si
726 1946 762 2019 id
782 1967 918 2038 qnoque
946 1947 1133 2019 molestum
1162 1947 1250 2018 foret
1264 1945 1308 2047 4),
1338 1947 1489 2019 secundo
1507 1945 1665 2039 genitum
1685 1945 1925 2032 Karimirnm,

240 2141 242 2145 ,
368 2074 429 2142 aut
457 2069 560 2143 tertio
588 2069 745 2161 genitum
774 2067 976 2154 Albertum,
1006 2072 1041 2139 et
1069 2067 1112 2139 ad
1140 2073 1352 2152 extremum,
1381 2066 1693 2160 ultimogenitum
1724 2073 1814 2139 tnnc
1844 2067 1926 2139 Ale·

368 2191 557 2278 xandrum,
591 2187 806 2260 tutissimam
840 2187 953 2278 Regni
988 2187 1103 2259 sedem
1137 2188 1229 2279 apud
1264 2186 1548 2275 Wratislaviam,
1581 2188 1690 2261 donec
1722 2192 1871 2261 caetera
1897 2188 1933 2260 in

368 2309 536 2382 ditionem
565 2307 784 2394 accederent,
814 2305 889 2379 sire
917 2307 1014 2378 solus
1042 2307 1240 2398 praesidere
1266 2307 1390 2394 vellet,
1419 2307 1495 2381 sive
1514 2307 1627 2380 filium
1647 2307 1808 2400 aliquem
1828 2308 1931 2380 insti·

369 2433 467 2503 tuere
495 2430 632 2514 mallet,
661 2427 859 2500 habiturus.
889 2427 1014 2519 Neque
1042 2427 1133 2500 enim
1162 2429 1214 2499 fas
1242 2427 1375 2500 ducunt
1402 2428 1530 2502 caeteri
1558 2429 1760 2521 Principes,
1792 2452 1816 2502 a
1844 2428 1934 2502 Sede

372 2549 577 2643 Apostolica
614 2548 657 2620 de
675 2543 915 2639 ¹suscipiendo
945 2549 1065 2640 Regno
1098 2553 1133 2620 ot
1161 2547 1425 2621 exterminanda
1458 2549 1593 2623 haeresi
1609 2547 1652 2639 5),
1682 2551 1749 2622 snb
1780 2549 1934 2643 Georgia

370 2671 560 2763 plurimum
589 2668 685 2741 airus
715 2689 816 2740 suum
845 2652 1060 2741 diffundente
1075 2668 1118 2758 ⁰),
1148 2668 1327 2741 Kanimiro
1357 2669 1524 2743 Poloniae
1547 2671 1659 2763 Rege,
1689 2671 1778 2743 filiis
1796 2671 1829 2758 7)
1859 2670 1934 2742 suis

371 2790 638 2884 superstitibus,
668 2789 829 2881 Regnum
857 2789 947 2860 illud
962 2788 994 2878 ⁸)
1022 2811 1216 2877 assumere,
1255 2789 1543 2882 Kaaimirumque
1579 2792 1729 2884 Regem,
1768 2799 1835 2863 aut
1869 2792 1932 2863 ali·

372 2901 474 3004 quem
505 2910 615 2982 tilium
644 2931 762 2996 saum,
793 2913 827 2981 et
854 2931 923 2980 non
951 2909 1078 2994 alium,
1109 2915 1180 2982 tam
1200 2911 1365 2983 Summus
1389 2912 1556 2984 Pontifex
1575 2917 1610 2983 et
1629 2912 1829 3004 Collegium
1851 2912 1930 2984 Car·

372 3031 559 3119 dinalium,
589 3046 693 3122 quam
722 3049 841 3101 omnes
869 3029 983 3122 Reges
1012 3035 1047 3102 ct
1065 3031 1248 3123 Principes
1277 3029 1395 3119 Orbis,
1428 3032 1562 3104 iustum
1594 3039 1629 3105 et
1656 3031 1863 3124 legitimum
1891 3033 1933 3103 ad

372 3150 619 3224 assumendum
648 3149 762 3242 Regni
789 3149 889 3222 illins
917 3149 1077 3222 diadema
1108 3150 1303 3239 destinant,
1337 3151 1439 3224 facile
1468 3151 1664 3225 Divinitate
1691 3151 1873 3244 propitia,
1901 3161 1933 3225 ot

372 3271 579 3364 pestiferum
606 3263 730 3356 ritum,
760 3261 802 3342 et¹
822 3269 978 3361 iniquam
1006 3271 1147 3364 Georgii
1175 3271 1461 3358 dominationem,
1492 3272 1717 3346 obtriturum.
1748 3272 1808 3343 Ad
1828 3293 1931 3363 qnam

371 3413 444 3465 ram
471 3383 661 3482 operosius·
680 3389 930 3481 expediendam
958 3395 992 3462 et
1020 3391 1154 3462 Summi
1183 3389 1366 3463 Pontificio
1394 3393 1668 3483 praestabuntur
1697 3393 1839 3465 favores
1861 3415 1930 3463 am-

371 3503 606 3604 plissimi,'et
632 3507 834 3601 pecuniaria
861 3509 989 3582 solatia
1003 3510 1047 3599 ⁹),
1077 3517 1113 3583 ot
1140 3511 1250 3583 totius
1276 3512 1410 3585 Slesiae
1430 3533 1468 3584 aa
1489 3513 1654 3586 Larentiae
1673 3533 1738 3606 ego
1759 3511 1839 3605 ipsa
1858 3513 1930 3604 ple-

372 3650 453 3704 nam
480 3629 736 3722 possessionem
756 3629 933 3722 polliceor.
964 3631 1069 3703 Brevi
1089 3631 1291 3704 Karimirus
1310 3633 1387 3705 Rex
1409 3635 1453 3716 10)
1482 3653 1559 3705 cum
1580 3633 1655 3705 suis
1674 3633 1931 3706 deliberatione

373 3745 530 3843 captata,
559 3750 739 3841 respondit
767 3751 898 3842 Legato
927 3752 1135 3842 apostolico:
1165 3752 1369 3845 Legationis
1398 3775 1482 3825 surae
1510 3753 1636 3826 seriem
1664 3753 1852 3826 continere
1878 3773 1929 3824 ar·

375 3871 459 3958 dua,
487 3865 550 3944 nec
578 3891 683 3962 super
710 3870 774 3942 illa
802 3870 866 3942 sub
894 3871 1059 3962 angustia
1086 3873 1268 3964 temporis,
1297 3879 1333 3946 et
1360 3871 1403 3946 ab
1431 3873 1508 3964 ipso
1537 3879 1572 3945 ot
1598 3872 1821 3946 consiliariis
1844 3873 1928 3960 suis,

235 4047 238 4054 .
375 4011 491 4064 rorum
518 3989 811 4063 Prutheniearum
831 3990 875 4078 ¹¹)
913 3991 1136 4082 expeditione
1172 3991 1277 4064 fessis
1305 3998 1340 4065 et
1367 3992 1403 4064 in
1431 4013 1606 4066 recessum
1634 3993 1678 4066 ob
1705 4001 1928 4086 grassantem

375 4110 412 4183 in
440 4111 581 4184 Phoron
598 4115 742 4202 'pestem
771 4093 1040 4200 festinantibus,
1064 4131 1167 4203 posse
1195 4112 1381 4204 quicquam
1409 4113 1499 4186 bene
1523 4112 1684 4206 transigi.
1714 4113 1872 4186 Proinde
1888 4114 1929 4186 ad

375 4230 526 4303 diaetam
554 4230 881 4322 Pyotrlxoviensem,
911 4230 1002 4304 circa
1030 4253 1181 4305 mensem
1203 4230 1246 4316 12)
1275 4233 1358 4305 Maii
1386 4234 1429 4306 ab
1457 4254 1495 4305 eo
1524 4239 1560 4305 et
1588 4233 1822 4325 frequentiori
1850 4255 1926 4306 con·

376 4349 590 4423 siliariorum
620 4371 761 4423 numero
791 4351 991 4440 tenendam,
1021 4353 1252 4442 personaliter
1270 4353 1419 4426 veniret:
1450 4354 1710 4445 responsionem
1731 4375 1820 4427 suae
1837 4355 1926 4448 laga·

376 4469 484 4544 tionis
512 4469 605 4559 illic,
635 4473 773 4544 fauente
801 4470 965 4559 Domino,
996 4479 1214 4564 accepturus.

387 4867 389 4872 ,
487 4795 510 4879 ¹)
535 4805 565 4860 et
587 4799 778 4878 orthodoxos,
803 4817 869 4860 ease
891 4795 956 4864 Ed.
981 4796 1070 4881 Lips.
1102 4796 1126 4876 2)
1150 4801 1323 4875 praesertim
1355 4819 1424 4860 vero
1455 4800 1744 4876 wratislaviensem,
1775 4819 1843 4862 esee
1864 4798 1926 4865 Ed.

377 4899 468 4985 Lipa.
501 4900 528 4981 ³)
552 4907 737 4982 expetentes,
769 4909 798 4962 et
820 4903 871 4978 qui
895 4908 995 4962 essent
1021 4899 1084 4964 Ed.
1107 4897 1198 4984 Lipa.
1226 4900 1251 4981 ⁴)
1275 4907 1354 4964 esset
1379 4899 1442 4964 Ed.
1470 4901 1558 4984 Lips.
1584 4900 1610 4980 ὖ)
1634 4902 1815 4979 suscipiendi
1833 4905 1926 4982 Regni

375 5005 526 5066 Bohemioi
550 5010 580 5065 et
602 5005 841 5066 exterminandae
864 5005 996 5066 haeresis
1019 5002 1081 5067 Ed.
1105 5003 1198 5088 Lipe.
1223 5003 1250 5082 ⁶)
1273 5007 1464 5067 diffundentis
1487 5003 1550 5068 Ed.
1568 5001 1659 5086 Lipa.
1677 5001 1703 5080 7)
1720 5006 1848 5083 filiisque
1862 5004 1924 5068 Ed.

376 5105 467 5189 Ia'pe.
493 5106 519 5185 ⁸)
542 5109 673 5182 regimen
695 5103 761 5172 Ed.
787 5105 877 5188 Lipa.
902 5105 929 5184 ο)
953 5109 1064 5168 auxilia
1085 5105 1148 5170 Ed.
1174 5105 1263 5190 Lipe.
1291 5107 1330 5184 ¹⁰)
1352 5110 1493 5170 Poloniae
1515 5111 1579 5170 Rex
1602 5103 1667 5169 Ed.
1683 5105 1775 5191 Lipa
1799 5110 1838 5190 ¹¹)
1853 5113 1926 5172 Pru·

377 5212 566 5277 thenicalium
590 5207 653 5272 Ed.
678 5208 770 5292 Lipo.
799 5209 844 5288 ¹²)v
863 5212 942 5298 eirea
963 5211 1139 5288 principium
1162 5211 1272 5272 mensis
1294 5208 1357 5274 Ed.
1380 5209 1471 5294 Ia'pa
