4264 6280
183 530 248 632 (Α.
269 530 313 604 D.
335 528 461 628 1447.)
696 555 810 607 urana
836 556 1083 608 nuonncnrus
1112 538 1224 627 (nur).
1687 539 1735 612 39

182 743 390 811 nocturnum
418 739 455 812 in
474 739 650 832 Opocuno,
679 739 788 812 alium
808 740 844 812 in
864 741 1016 829 Radom,
1044 741 1189 814 tertium
1212 741 1249 814 in
1269 739 1487 832 Konyenicna
1506 743 1545 830 ¹),
1575 747 1610 816 et
1628 765 1731 835 quar-

182 863 256 931 tum
285 859 321 930 in
348 860 481 932 Lulrou
508 861 655 949 iaciens,
685 859 874 932 comitante
902 881 979 932 eum
1009 860 1140 952 Sophia
1159 861 1295 954 Regina
1313 883 1424 953 usqne
1444 862 1480 934 in
1499 863 1641 954 Lakow,
1671 865 1728 937 de·

183 979 263 1052 inde
292 979 359 1052 iter
387 1001 489 1052 suum
517 980 554 1052 in
581 980 809 1053 Lithuaniam
837 980 1069 1052 continuavit.

411 1334 526 1406 Petrus
549 1335 671 1406 laval
694 1334 728 1405 in
753 1335 940 1424 episcopum
962 1335 1265 1406 wratislaviensem
1288 1338 1506 1408 consecratur.

287 1580 393 1652 Faria
421 1580 526 1652 tertia
558 1585 639 1652 ante
660 1582 787 1652 festum
811 1579 1023 1652 Natiuitatis
1052 1581 1201 1654 Sanctae
1220 1582 1349 1654 Mariae
1365 1581 1408 1671 Ἃ),
1438 1584 1594 1656 Praelati
1619 1592 1653 1656 et
1672 1583 1735 1656 Oa·

184 1700 302 1772 nonici
328 1699 658 1787 Wratislauienses‚
689 1700 862 1773 celebrato
891 1699 1051 1790 Oapitulo
1079 1702 1250 1792 generali,
1285 1703 1428 1775 Petrum
1445 1701 1475 1792 3)
1503 1704 1636 1776 dictum
1664 1703 1735 1778 No-

186 1821 275 1908 uak,
310 1821 534 1893 Decretornm
567 1821 768 1907 Ductorem,
801 1819 1046 1910 Praepositum
1080 1825 1114 1893 et
1147 1821 1357 1894 Oanonicnm
1395 1823 1736 1913 Wratislariensem,

184 1941 277 2014 inter
303 1946 447 2014 cunctos
476 1940 612 2033 eligunt
644 1940 866 2013 uniformiter
893 1940 930 2011 in
957 1941 1159 2031 episcopum
1193 1941 1534 2016 Wratislauiensem.
1569 1943 1638 2016 Hic
1670 1943 1738 2016 fuit

186 2068 282 2134 ortus
311 2061 352 2133 de
380 2061 469 2134 uilla
496 2060 664 2133 ecclesiae
699 2059 1022 2148 Wratislauiensis,
1056 2082 1162 2152 prope
1190 2061 1350 2151 Nissam,
1385 2063 1479 2136 dicta
1506 2063 1610 2136 Nora
1637 2063 1736 2151 uilla,

186 2187 221 2254 et
256 2181 382 2254 abinde
419 2182 567 2254 sortitus
604 2181 671 2254 fuit
700 2201 890 2273 cognomen
917 2180 1066 2268 Nouak,
1096 2180 1150 2252 uir
1174 2181 1267 2273 frugi
1286 2186 1321 2254 et
1339 2182 1502 2270 humilis,
1530 2183 1683 2274 prudens
1703 2188 1738 2256 et

185 2301 394 2373 industrius.
428 2301 644 2374 Electionem
677 2307 794 2372 autern
829 2322 927 2372 suam
956 2300 1164 2372 Vincentius
1196 2301 1481 2394 archiepiscopus
1510 2301 1737 2392 Onesnensis,

185 2427 352 2514 tanquam
385 2423 694 2514 metropolitanus,
729 2421 942 2513 specialibus
971 2425 1007 2492 et
1033 2421 1251 2494 notabilibus
1283 2422 1419 2494 nuntiis
1452 2422 1543 2512 suis,
1573 2423 1738 2496 uidelicet

186 2543 344 2616 Andreas
373 2543 535 2632 Skoda⁴)
564 2547 599 2616 at
626 2541 782 2614 Iaroslao
801 2540 1075 2632 Kaulolyauslri
1091 2541 1122 2630 5)
1150 2541 1333 2614 Oanonicis
1367 2542 1733 2632 Wratislauiensibus,

184 2668 344 2757 rogatus,
365 2667 560 2752 confirmat,
581 2663 657 2755 ipsa
676 2683 814 2754 quoque
829 2665 908 2754 post
924 2662 960 2733 in
975 2662 1122 2734 ecclesia
1141 2683 1205 2734 sna
1224 2662 1511 2734 Wratislarionsi
1527 2663 1595 2734 fuit
1610 2662 1647 2735 in
1662 2664 1734 2755 epi·

187 2805 329 2876 scopnm
357 2789 596 2872 consecratus,
626 2783 815 2874 statimque
842 2782 933 2856 bona
960 2781 1126 2854 ecclesiae
1146 2782 1469 2870 Wrstislauiensis,
1497 2804 1560 2874 per
1579 2787 1735 2856 anteces-

187 2926 299 2978 sorem
328 2926 430 2976 suum
458 2905 705 2978 Wencaslaum
734 2903 890 2995 obligata
917 2907 952 2975 et
979 2903 1163 2990 distracta,
1198 2903 1312 2995 coepit
1338 2904 1508 2976 redimere
1536 2909 1571 2977 et
1600 2904 1734 2977 instau-

185 3046 274 3097 rare.
303 3025 534 3098 Consecratus
562 3031 617 3097 est
644 3029 761 3096 autem
794 3025 973 3114 praelatus
1004 3024 1132 3095 Petrus
1166 3023 1298 3096 Noualr
1326 3024 1367 3096 da
1395 3024 1558 3096 mandato
1590 3024 1740 3116 praefati

187 3145 366 3218 Vincentii
394 3144 648 3236 archicpiscopi
676 3143 907 3232 Onesnensis,
937 3143 974 3215 in
993 3143 1141 3216 ecclesia
1160 3143 1447 3216 Wratislcriensi
1466 3165 1528 3236 per
1546 3145 1738 3217 Iohannem

187 3265 390 3357 episcopum
425 3265 692 3354 Naturiensem,
730 3265 873 3336 fratrem
910 3263 1050 3336 Ordinis
1088 3263 1278 3350 Minornm,
1318 3263 1532 3338 Onesnensis
1568 3265 1737 3339 ecclcsiae

188 3385 463 3478 suffraganeum,
492 3386 547 3459 dia
575 3385 668 3458 Solis
696 3385 864 3458 uicesima
892 3384 1044 3457 secunda
1072 3383 1230 3457 Octobris
1247 3385 1289 3473 6).

284 3741 423 3813 sterilae
446 3741 595 3832 oppidum
619 3741 763 3814 flandria
786 3741 944 3832 spoliant,
968 3689 1130 3813 kazimiro
1152 3739 1240 3830 rege
1262 3740 1296 3812 in
1321 3738 1493 3812 tittuauia
1515 3743 1646 3830 agente.

292 3991 379 4062 Post
405 3989 599 4062 discessum
618 3989 791 4062 Karimiri
809 3989 916 4080 Regis
937 4009 979 4061 ex
999 3989 1120 4080 Regno
1141 3988 1306 4061 Poloniae
1322 3989 1365 4078 7),
1394 4009 1512 4061 omues
1531 3990 1650 4062 hostes
1670 3989 1737 4061 lte-

188 4110 267 4203 gni,
297 4115 332 4182 et
359 4109 540 4202 signanter
567 4109 733 4199 Stesitae,
761 4109 914 4202 grassari
942 4113 1062 4181 contra
1082 4110 1257 4201 Regnum,
1288 4115 1322 4182 et
1342 4109 1432 4181 illud
1451 4109 1585 4200 rapinis
1606 4113 1640 4182 et
1660 4129 1738 4200 spo-

187 4229 264 4317 liis,
293 4229 591 4321 captivationibus
623 4235 658 4301 et
685 4229 988 4302 interiectionibus
1022 4229 1194 4301 nobilium
1237 4234 1272 4302 et
1309 4229 1529 4302 subditorum
1561 4228 1738 4322 Reguiss),

188 4349 347 4442 affligere
374 4354 574 4441 coeperunt.
603 4351 680 4421 Duo
709 4349 799 4422 enirn
827 4349 963 4422 nobiles
992 4350 1034 4422 de
1062 4349 1225 4422 Wladuin
1242 4349 1284 4438 9),
1315 4350 1397 4421 fulti
1416 4348 1573 4421 subsidio
1603 4349 1739 4420 Ducum

189 4471 387 4562 aliquorum
408 4475 443 4542 et
460 4469 632 4542 nobilium
652 4470 803 4558 Slesiae,
832 4470 1031 4560 pardulum
1051 4475 1085 4542 et
1104 4471 1259 4542 fraudem
1279 4468 1445 4561 oppidum
1469 4469 1627 4542 Bandrin
1657 4470 1738 4542 sub·

188 4591 336 4663 intrant.
365 4590 602 4662 Onerarerant
630 4591 721 4662 enim
741 4591 857 4663 decem
877 4611 998 4662 currus
1018 4589 1218 4662 hominibus
1238 4589 1399 4676 armatis,
1429 4595 1464 4663 et
1483 4590 1539 4662 illi
1559 4589 1738 4682 oppidum,

190 4709 292 4802 quasi
320 4731 399 4782 curn
426 4710 605 4801 aliquibus
634 4711 805 4783 mercibus
834 4716 869 4783 et
895 4711 998 4782 rebus
1026 4709 1194 4803 ingressi,
1219 4710 1300 4782 aliis
1318 4711 1501 4802 gentibus,
1531 4731 1620 4802 quae
1639 4712 1738 4783 erant

188 4831 227 4902 in
255 4851 392 4922 campo,
422 4851 581 4902 securum
609 4832 848 4922 patefecerunt
866 4831 1012 4902 aditum.
1043 4832 1172 4902 Hostes
1192 4829 1310 4923 itaque
1329 4831 1496 4922 oppidum
1523 4829 1740 4922 preadictum

300 5140 323 5219 ¹)
344 5141 488 5202 Kozinice
520 5135 595 5202 dod.
626 5137 693 5202 Lis.
726 5137 751 5218 Ω)
776 5139 902 5200 Sanctae
931 5138 1044 5198 Mariae
1073 5138 1206 5215 Virginis
1237 5135 1299 5199 Ea.
1327 5134 1419 5220 Lipa.
1452 5133 1478 5216 ³)
1500 5135 1656 5198 Nicolaum
1678 5132 1741 5198 Ed.

188 5243 285 5326 Lips.
309 5242 335 5324 4)
359 5243 476 5304 Sakada
500 5238 575 5304 dod.
599 5239 709 5302 Przcz.
734 5237 761 5324 ⁵)
785 5241 979 5318 Kakolewslri
1002 5237 1065 5300 Ed.
1089 5238 1182 5323 Le'pa.
1207 5238 1233 5319 ⁶)
1256 5241 1366 5301 mensis
1390 5240 1536 5300 Octobris.
1559 5235 1623 5301 Ed.
1646 5235 1740 5320 Lupe.

190 5347 218 5426 ἵ)
242 5367 280 5408 ex
300 5347 404 5424 Regno
434 5347 575 5406 Polonise
604 5345 635 5404 in
664 5345 854 5405 Lithuaniam
884 5341 946 5406 Ea.
979 5341 1071 5426 Lipa.
1104 5343 1130 5423 8)
1160 5344 1255 5419 Regni
1285 5343 1426 5404 Poloniae
1452 5340 1515 5404 Ed.
1537 5339 1630 5424 Lips.
1655 5339 1682 5423 ⁹)
1705 5342 1742 5403 de

188 5451 388 5511 Wladislaria
412 5445 487 5512 Ood.
503 5446 612 5510 Przez.
