4052 6286
365 470 440 544 486
873 495 986 552 ursam
1012 495 1257 552 nuonacnrus
1285 475 1398 568 (ιιιιι).
1635 471 1705 573 (Α.
1724 472 1770 547 D.
1790 469 1920 570 1487.)

363 679 641 756 rosimundam
668 681 824 776 Augusti
844 683 881 772 ¹),
920 681 1122 756 Karimirus
1150 682 1229 756 Rex
1256 682 1322 756 tali
1348 705 1514 775 responso
1545 705 1633 755 usus
1649 682 1697 770 '):
1727 685 1847 774 Agere
1881 701 1917 752 so

363 800 496 892 gratias
523 800 711 876 immensas
739 803 881 878 Sammo
911 803 1092 892 Pontifici,
1123 823 1224 897 agere
1243 803 1431 878 baronibus
1451 803 1656 892 Bohemiao,
1676 803 1719 876 de
1737 799 1917 875 oblatione

363 920 485 1014 Regni·
505 921 702 1011 Bohemioi,
732 923 800 1000 sibi
827 924 904 997 inre
931 923 1050 997 diuino
1069 931 1105 998 et
1123 925 1274 998 humano
1307 924 1433 1010 debiti,
1461 924 1659 1016 respondit3
1688 945 1812 996 rernm
1847 943 1916 994 non

363 1042 548 1116 convenire
581 1043 666 1130 sibi,
705 1065 817 1136 neque
849 1045 900 1117 rei
932 1050 1004 1117 tam
1031 1044 1147 1139 gravi,
1184 1050 1225 1116 nt
1262 1046 1392 1137 absque
1420 1046 1676 1131 Praelatornm,
1706 1043 1916 1135 Principum

262 1237 265 1244 ,
365 1167 400 1235 ot
419 1162 587 1238 baronum
611 1165 726 1257 Regni
754 1165 826 1254 sui,
855 1165 917 1257 qui
944 1165 988 1238 ad
1014 1165 1291 1258 prosequendam
1314 1165 1428 1260 Regni
1453 1165 1632 1238 Bohemici
1657 1165 1917 1256 susceptionem

363 1282 472 1356 latori
495 1291 578 1356 sunt
597 1285 724 1358 solatia
739 1283 781 1375 ³),
810 1287 923 1378 possit
951 1287 1108 1378 plenaria
1134 1287 1315 1379 responsio
1343 1285 1435 1359 dari:
1465 1287 1526 1360 sod
1544 1285 1696 1359 diaemm
1714 1285 1916 1379 generalem

364 1409 523 1496 opertere
551 1405 709 1495 institui,
738 1412 774 1480 et
801 1407 1051 1481 deliberatione
1079 1407 1172 1499 apud
1199 1407 1299 1480 illam
1327 1411 1483 1500 sumpta,
1517 1407 1621 1499 qnod⁴
1637 1406 1797 1478 universi
1824 1425 1916 1478 com·

364 1525 605 1616 probaverint,
633 1527 847 1620 responderi.
877 1527 1015 1602 Obtulit
1042 1527 1167 1602 deinde
1195 1549 1231 1602 so
1258 1527 1461 1601 Karimirus
1488 1529 1566 1601 Rex
1583 1527 1614 1616 ⁴)
1641 1527 1789 1600 nuntios
1816 1531 1915 1597 nota-

363 1644 469 1732 biles,
503 1645 668 1720 uidelicet
700 1647 916 1722 stanislaum
949 1648 991 1721 de
1019 1647 1187 1742 Ostrorog
1221 1647 1418 1741 palatinum
1449 1648 1713 1734 Calissiensem,
1747 1645 1917 1719 Iacobum

363 1764 406 1839 de
427 1766 583 1846 Dambne
610 1767 726 1861 Regni
753 1768 921 1842 Poloniao
949 1768 1303 1858 riostheraurarinm‚
1333 1768 1556 1862 capitaneum
1575 1766 1864 1852 Crotoniensem,
1884 1773 1917 1838 st

364 1886 555 1962 Iohannem
582 1889 763 1981 Dlugosch
795 1889 965 1963 seniorem
998 1891 1209 1964 canonicum
1242 1889 1520 1976 Crotoniensem,
1549 1889 1593 1961 ad
1621 1886 1918 1980 intercipiendum

363 2005 531 2080 stridores
563 2007 650 2084 belli
681 2009 877 2097 Bohemioi,
912 2014 947 2082 et
974 2010 1017 2082 ad
1046 2010 1262 2083 suadendum
1296 2009 1461 2102 Georgio,
1493 2015 1534 2082 ut
1561 2009 1604 2081 ad
1632 2008 1809 2082 unitatem
1837 2007 1919 2079 fidoi

364 2147 542 2216 reuersus,
572 2150 609 2204 so
638 2129 779 2202 Summo
807 2129 971 2204 Pontifici
1003 2130 1184 2218 humiliet,
1217 2131 1393 2222 externplo
1421 2129 1627 2218 missurum,
1657 2134 1851 2220 exoptans,
1882 2131 1919 2198 nt

364 2246 507 2320 interim
540 2270 652 2341 neque
679 2249 873 2340 publicatio
905 2251 1137 2324 censurarum
1169 2256 1290 2324 contra
1317 2249 1504 2344 Georgium
1532 2252 1646 2336 fieret,
1675 2269 1792 2341 neque
1820 2267 1917 2340 prae

363 2366 491 2441 dicatio
520 2369 655 2446 Crucis:
685 2391 752 2463 quo
780 2371 1002 2446 innocentius
1030 2379 1065 2445 et
1092 2371 1238 2446 liberius
1270 2371 1388 2445 nuntii
1419 2371 1596 2464 designati
1626 2371 1725 2463 regia
1752 2368 1919 2442 mandata

363 2487 490 2580 exequi
509 2489 601 2581 apud
621 2489 826 2584 Georgium,
854 2492 946 2566 nihil
968 2513 1141 2586 opponere
1168 2493 1371 2582 habentem,
1399 2496 1554 2585 possent.
1583 2491 1668 2565 (inm
1687 2511 1728 2564 eo
1745 2508 1918 2583 responso

362 2608 571 2700 liudolphus
603 2610 757 2704 Legatos
790 2612 1006 2704 apostolicus
1042 2613 1325 2700 Wratislaviam,
1359 2613 1486 2687 Petrus
1518 2613 1666 2686 Erclens
1681 2610 1713 2701 5)
1753 2613 1918 2684 Decanns

364 2728 560 2820 Aquensis,
598 2730 765 2819 Romam,
803 2732 968 2806 adiuncto
1000 2733 1056 2806 illi
1090 2734 1246 2807 Iohanne
1279 2732 1475 2827 Sapyonski
1489 2734 1521 2824 ὓ)
1558 2733 1688 2821 milite,
1723 2731 1789 2824 qui
1820 2730 1917 2823 pacis

361 2848 596 2928 Prntbonioae
624 2853 922 2927 confirmationem
945 2859 980 2927 et
998 2853 1230 2928 (iensurarnm
1257 2853 1492 2928 sublationem
1520 2853 1732 2940 solicitoret
1760 2851 1916 2938 remissi,

363 2972 399 3042 et
425 2969 543 3047 nuntii
570 2969 745 3066 designati
773 2974 976 3048 Bohemiam
1004 2975 1152 3068 proiecti
1167 2975 1210 3065 ⁷).

362 3323 543 3404 dommim
564 3325 634 3398 [ιιι
653 3331 765 3422 Ιιιιιιι
790 3329 929 3402 huonon
950 3329 985 3402 ln
1007 3329 1168 3402 merlam
1196 3330 1317 3418 mltdt,
1349 3331 1544 3403 obtenturus
1566 3345 1586 3400 a
1608 3328 1735 3400 cintus
1763 3327 1913 3418 pecunia·

361 3445 442 3518 rium
464 3445 641 3521 subditum
663 3465 720 3538 pro
743 3449 917 3540 stipendiis
939 3448 1097 3522 militibus
1119 3450 1301 3537 solroudlr,
1325 3450 1441 3541 quitor
1459 3450 1602 3522 doconta
1617 3448 1833 3538 septuaginta
1847 3446 1913 3518 nil

904 3571 949 3643 lie
971 3587 1139 3644 summm
1161 3570 1372 3644 delebantur.

459 3817 507 3892 ln
536 3815 716 3890 Prassianr
744 3823 860 3891 autem
888 3819 1053 3911 quoniam
1080 3819 1131 3891 ire
1158 3818 1360 3892 Kaaimirns
1393 3820 1469 3892 Rex
1484 3817 1516 3907 8)
1549 3818 1800 3910 personaliter,
1830 3819 1913 3892 licat

360 3935 519 4008 arduitas
548 3938 710 4028 frequens
737 3939 955 4032 negotiorum
983 3961 1082 4012 suam
1105 3939 1339 4030 praesentiam
1358 3959 1566 4032 magnopere
1586 3939 1815 4032 efflagitaret,
1844 3962 1912 4012 non
2011 3983 2013 4042 l

360 4060 513 4147 poterat,
541 4057 690 4132 lacobus
712 4057 1032 4148 Wratislariensis,
1061 4060 1269 4133 Vincentius
1288 4060 1506 4134 (thelmensis
1534 4059 1707 4151 episcopi,
1729 4064 1765 4132 et
1785 4061 1910 4132 Iohan·
2011 4097 2013 4178 ᾗ

362 4199 424 4250 nos
452 4177 725 4270 Koscayelecahi
753 4181 941 4271 palatinus·
959 4180 1336 4254 Iuniuladislavionsis
1364 4180 1579 4268 transmissi,
1609 4187 1644 4254 et
1662 4181 1825 4273 singulas
1843 4203 1910 4265 res,
2011 4187 2013 4224 ⁶

360 4299 654 4391 quaestionesque
681 4300 853 4388 curaturi,
887 4307 921 4373 et
948 4301 1113 4374 civitates
1141 4300 1185 4373 ad
1212 4301 1392 4374 ferendum
1425 4300 1621 4374 subsidium
1654 4301 1909 4392 pecuniarium,
2011 4307 2013 4344 ³

360 4441 428 4512 qno
456 4418 652 4493 debitorum
679 4441 793 4494 nexus
822 4426 857 4494 et
884 4421 1060 4513 stipendia
1088 4421 1179 4494 solui
1198 4427 1358 4514 possent,
1387 4419 1609 4513 pertractari.
1640 4421 1715 4492 Iam
1738 4420 1910 4512 siqnidem
2011 4405 2012 4410 ¹

359 4539 581 4631 stipendiarii
608 4541 712 4634 regii,
742 4541 803 4633 qui
830 4542 932 4614 annis
960 4541 1124 4616 tredecim
1152 4543 1245 4634 apud
1272 4541 1455 4615 Prassiam
1474 4541 1731 4629 militauerant,
1762 4541 1908 4616 benero-

359 4659 470 4732 lentia
497 4660 605 4754 Regis
621 4661 651 4750 ⁹)
679 4661 849 4751 devincti,
879 4683 956 4735 eam
982 4662 1215 4736 conditionem
1242 4669 1461 4755 acceperant,
1491 4669 1531 4733 nt
1551 4661 1700 4754 cuilibet
1718 4662 1846 4753 equiti,
1876 4673 1909 4734 el

357 4800 421 4872 pro
449 4781 573 4853 merito
601 4780 776 4873 stipendio
805 4787 840 4855 et
867 4804 929 4874 pro
958 4782 1109 4876 singulis
1133 4783 1286 4870 damnis,
1315 4789 1392 4855 octo
1411 4782 1532 4856 heroni
1552 4783 1589 4854 in
1608 4803 1718 4854 annos
1739 4783 1907 4875 singulos,

466 5089 489 5170 ¹)
511 5093 622 5153 mensis
643 5091 772 5169 Augusti
793 5088 856 5153 Ed.
882 5087 970 5173 Lips.
996 5088 1021 5170 ⁹)
1044 5108 1115 5152 usus
1139 5097 1184 5151 est
1205 5087 1269 5151 Ed.
1296 5086 1387 5172 Lips.
1416 5088 1442 5168 8)
1466 5092 1578 5151 auxilia
1600 5087 1664 5152 Ed.
1689 5088 1779 5174 Lipa.
1805 5089 1831 5169 ⁴)
1853 5093 1905 5152 Po

358 5195 457 5255 leniae
485 5195 549 5256 Rex
580 5189 644 5256 Ed.
676 5192 769 5278 Lipa.
802 5192 827 5273 5)
856 5196 963 5255 Petrus
992 5211 1063 5254 vero
1092 5194 1216 5254 Ereleus
1245 5190 1309 5254 Ed.
1339 5191 1429 5276 lips.
1462 5192 1486 5261 ὅ)
1520 5195 1662 5271 Sopinslri
1695 5190 1770 5257 Oed.
1802 5193 1906 5256 Pna

360 5295 385 5375 7)
409 5298 440 5357 in
462 5298 634 5360 Bohemiam
655 5303 725 5359 sunt
746 5297 880 5375 profecti.
903 5293 965 5357 Ed.
990 5293 1081 5379 Lips.
1107 5295 1135 5376 8)
1157 5297 1299 5358 Poloniae
1321 5299 1384 5359 Rex
1408 5294 1471 5360 Ed.
1496 5295 1589 5378 Lips.
1614 5295 1641 5376 9)
1662 5298 1799 5360 Oasimiri
1819 5299 1906 5375 Regis

359 5396 422 5462 Ed.
447 5397 536 5483 Lc'ps.
