4040 6290
93 583 161 691 (Α.
181 588 228 664 D.
240 586 364 690 1471.)
612 613 726 670 meua
752 614 998 669 nuonuernus
1024 596 1139 688 (xm).
1568 577 1647 668 ’549

89 799 198 874 dibus
217 803 253 875 ot
270 769 460 890 incendiis,
480 805 515 874 et
534 799 665 890 lineos,
689 799 926 875 Praemislaus
951 796 1224 890 Thesohnensis,
1258 801 1487 876 Wenooslaus
1519 802 1645 878 Rathi-

92 920 270 995 boriensis
288 925 324 996 et
341 921 527 995 Ianussius
547 921 789 996 Gliuioaensis
808 921 851 995 ab
870 944 956 1012 una,
985 919 1020 996 et
1039 922 1269 997 Wenoosluus
1287 922 1549 1014 Ribniouensis,
1569 944 1649 1016 par·

92 1042 192 1116 tibus
220 1042 263 1116 ab
292 1043 419 1133 altera,
447 1043 585 1136 priuato
614 1048 649 1116 ot
675 1043 757 1135 plus
785 1033 889 1136 quam
917 1042 1017 1117 uirili
1043 1044 1137 1118 bello
1170 1065 1207 1118 ae
1230 1048 1352 1118 mutuo
1384 1044 1647 1119 consumebant.

92 1163 257 1238 Aeoessit
288 1163 333 1237 ad
363 1164 449 1237 haee
480 1164 630 1256 amplior
660 1163 850 1257 pernieios,
883 1165 996 1254 malae
1027 1185 1137 1239 norae
1169 1169 1345 1256 monetae,
1382 1185 1445 1259 per
1475 1164 1647 1240 Mathiam

92 1284 301 1379 Hungariae
327 1285 458 1378 Regem
485 1284 523 1358 in
550 1284 797 1374 Wratisievis,
831 1285 869 1359 in
895 1285 979 1360 latis
1011 1285 1144 1380 grossis
1176 1287 1369 1361 deformata
1396 1287 1530 1377 sossio,
1559 1305 1648 1379 quae

91 1404 203 1479 rilem
221 1404 346 1500 dignm,
375 1406 559 1480 modioollo
578 1411 721 1501 argento
741 1407 812 1481 aori
832 1406 1096 1500 superindueto,
1124 1407 1295 1498 retinens,
1324 1407 1555 1484 Misenensem
1574 1427 1647 1481 mo·

91 1531 214 1600 notam
232 1527 270 1600 in
288 1526 373 1600 latis
399 1527 548 1621 grossis,
578 1532 758 1621 quotane
785 1527 936 1602 Slesitao
962 1527 1167 1617 utebantur,
1203 1527 1380 1622 geminato
1411 1529 1562 1622 pondere
1585 1548 1646 1621 po-

93 1645 241 1738 tiorem,
271 1649 475 1723 enervabat:
504 1669 589 1722 eum
610 1649 733 1742 inopes
751 1654 787 1723 ot
805 1653 977 1743 agrestes,
1006 1649 1093 1723 duos
1119 1650 1333 1724 Misenenses
1356 1671 1480 1744 graves
1498 1671 1561 1742 pro
1580 1670 1649 1722 uno

93 1767 164 1841 rili
192 1767 479 1844 Wratislariensi
506 1770 587 1845 dare
615 1775 831 1864 cogerentur.
861 1770 912 1843 Ea
937 1789 993 1844 res
1021 1770 1106 1844 adeo
1133 1770 1302 1863 pestifera
1324 1770 1402 1845 risa
1420 1775 1490 1860 est,
1519 1776 1560 1844 ut
1578 1772 1647 1845 ire·

92 1893 245 1983 quanter
272 1913 292 1964 a
318 1891 426 1985 vulgo
453 1891 643 1966 seditiones
671 1891 709 1965 in
737 1889 906 1966 Consules
934 1891 1110 1966 orirentur
1135 1891 1464 1982 Wratislsrienses,
1493 1895 1648 1984 saperet-

91 2032 167 2104 que
193 2033 312 2086 omnes
340 2033 417 2086 sora
443 2013 649 2106 poenitudo,
678 2014 771 2106 quod
797 2012 835 2086 in
862 2013 1032 2087 ditionem
1058 2011 1262 2108 Hungarioo
1288 2013 1396 2107 Regis
1415 2013 1442 2104 ¹)
1469 2033 1647 2088 oonoesse·

92 2131 186 2206 rint:
214 2138 401 2226 querentes
428 2155 465 2208 se
494 2139 530 2209 et
555 2134 649 2210 bello
677 2139 712 2210 et
740 2138 881 2209 moneta
906 2135 949 2208 ab
977 2134 1041 2208 illo
1067 2134 1311 2232 pessumdatos.

93 2491 239 2564 leemas
260 2456 440 2581 rangerius
462 2491 742 2565 bertoimonte
764 2475 900 2579 dume,
930 2492 1063 2584 deosne
1085 2493 1359 2566 Ponduobmouii
1381 2511 1418 2566 ro
1440 2492 1649 2566 reoouotdrre

93 2610 265 2698 irretitum
289 2614 324 2684 et
346 2629 399 2684 ree
421 2612 542 2685 niusa
564 2613 731 2698 oonoiuse,
755 2613 821 2684 uisi
843 2613 951 2686 nuntii
972 2613 1125 2686 domnini
1148 2613 1246 2706 dagis
1259 2613 1411 2688 roloniae
1426 2613 1650 2686 obstitissent.

206 2858 357 2932 Mathias
389 2859 593 2953 Hungariao
625 2860 716 2950 Rex,
751 2860 978 2935 Bohemieum
1009 2861 1142 2936 bellum
1175 2866 1296 2936 eontra
1327 2881 1424 2955 spem
1460 2881 1559 2935 suam
1597 2859 1650 2934 ri·

94 2980 186 3054 dens
213 2983 410 3082 extractum
437 2979 509 3068 iri,
529 2986 564 3054 ot
591 2981 726 3056 ueritus
754 2986 826 3054 tam
843 2981 937 3074 ipso,
968 3003 1072 3076 quam
1091 3005 1176 3058 suae
1194 2987 1311 3076 partes
1330 2982 1495 3072 sodomi,
1515 3001 1559 3056 ne
1577 2980 1649 3075 pri·

65 3099 275 3194 .mogenito
302 3101 468 3175 Polonise
495 3101 604 3195 Regis
620 3100 652 3192 ²)
681 3101 880 3176 Wiadislso
898 3103 935 3176 in
956 3103 1144 3178 Bohemiae
1172 3105 1305 3198 Regem
1332 3107 1528 3195 assumpto,
1557 3102 1650 3195 quod

93 3221 299 3314 propediem
327 3221 498 3316 Georgius
525 3222 822 3298 Posndnobrsouki
849 3227 885 3298 et
903 3245 1022 3298 omnes
1049 3245 1134 3298 suae
1161 3223 1380 3299 obedientiae
1407 3222 1571 3313 Bohemi,
1599 3223 1649 3298 ef·

95 3345 253 3417 feotnros
281 3363 318 3416 se
346 3341 581 3432 mundabant,
610 3365 680 3417 non
707 3344 823 3417 minus
851 3344 995 3438 insuper
1022 3346 1210 3438 Hungaros
1228 3344 1498 3438 pertimesoens‚
1526 3342 1588 3436 qui
1606 3343 1650 3418 ob

94 3462 304 3538 atrooitatss
332 3485 414 3538 snas
441 3469 477 3538 st
504 3465 617 3558 spolia
644 3465 688 3538 ad
715 3465 885 3540 Poloniae
911 3465 1044 3560 Regem
1071 3467 1230 3556 definere,
1260 3469 1295 3540 ot
1313 3465 1376 3538 uni
1395 3485 1438 3539 ex
1457 3463 1542 3538 tiliis
1562 3463 1649 3554 suis,

95 3605 342 3678 quameunque
369 3585 444 3659 illis
471 3586 586 3676 daret,
615 3587 777 3680 Regnum
803 3585 1063 3660 Pannoniorum
1090 3587 1242 3676 madero,
1271 3607 1340 3660 uon
1367 3591 1440 3660 tam
1459 3584 1649 3660 olendosti·

95 3706 175 3795 nis,
204 3727 308 3799 quam
335 3706 466 3799 apertis
494 3705 816 3797 eoniurationibus,
840 3728 1048 3801 magnopere
1068 3707 1291 3802 satagebant3
1320 3706 1421 3781 ouius
1443 3702 1651 3780 defectionis

78 3827 276 3932 ‘Iohannes
305 3825 558 3921 Strigoniensis
585 3825 869 3921 archiepiscopus
896 3833 931 3902 et
958 3829 1132 3902 Iohannes
1152 3826 1539 3922 Quinqueaoolesiensis
1558 3825 1649 3920 epis·

96 3968 210 4040 oopus
240 3946 418 4040 prinsipes
450 3951 566 4021 erant:
594 3968 638 4022 no
665 3947 830 4022 validiori
860 3949 954 4023 bello
981 3970 1002 4022 a
1029 3950 1143 4024 ironia
1169 3953 1204 4024 et
1231 3971 1252 4022 a
1278 3952 1376 4042 tergo
1407 3969 1470 4042 per
1496 3947 1650 4022 Polonos

95 4073 139 4142 et
164 4067 337 4140 Bohemos
365 4067 609 4162 impeteretur,
637 4067 874 4142 eoneiliandos
902 4069 971 4142 sibi
998 4059 1188 4160 Bohemos,
1217 4067 1278 4163 qui
1304 4083 1424 4162 partes
1447 4068 1648 4144 Girnikonis

97 4191 352 4283 sequebantur,
381 4211 588 4282 quoeunque
614 4194 732 4283 puoto,
753 4191 822 4268 sod
849 4195 885 4265 et
911 4189 1135 4266 Giraikonem
1152 4190 1286 4284 ipsum,
1315 4189 1391 4264 sins
1409 4209 1478 4284 quo
1496 4209 1553 4264 ras
1572 4189 1651 4284 ipsa

96 4309 225 4387 oonfiei
251 4331 321 4383 non
348 4314 501 4403 poterat,
529 4309 705 4400 instituit,
733 4312 924 4404 proeellam
950 4333 1109 4406 gravem,
1139 4315 1260 4386 oontm
1287 4332 1324 4386 so
1351 4315 1510 4385 exortam
1534 4315 1570 4385 et
1588 4331 1650 4385 ox·

97 4431 296 4520 oriendum,
324 4430 527 4518 sedaturus,
556 4436 590 4505 st
617 4430 788 4524 plurimos
817 4433 1049 4506 Bohemorum
1068 4455 1152 4507 auro
1173 4436 1370 4524 corruptos,
1395 4431 1433 4505 in
1452 4453 1552 4505 suam
1570 4452 1650 4525 par-

96 4559 174 4627 tem
200 4551 351 4645 perlioit.
380 4550 562 4625 Giruikoni
589 4550 733 4643 insuper
759 4552 921 4646 Regnum
936 4550 967 4643 ³)
995 4553 1038 4625 ad
1066 4552 1177 4627 uitam
1195 4552 1372 4647 integrum
1389 4551 1582 4646 permittit3
1609 4554 1650 4626 fl-

96 4674 190 4748 lium
219 4693 321 4744 suum
352 4670 589 4761 Viatorinnm,
624 4692 726 4764 quern
759 4677 898 4766 asperat
912 4673 944 4762 ⁴)
972 4693 1011 4748 eo
1039 4695 1146 4763 anno,
1175 4673 1212 4747 in
1239 4673 1441 4748 libertatem
1469 4671 1649 4762 omissum,

98 4795 214 4869 totius
242 4792 375 4868 Slesiao
402 4797 464 4866 aut
491 4793 668 4867 Morarias
693 4793 882 4886 pollieetur
905 4815 942 4868 se
960 4815 1077 4869 orooro
1103 4793 1356 4883 Marehionem,
1384 4793 1453 4867 sibi
1471 4793 1510 4866 iu
1528 4792 1650 4887 Regno

98 4915 307 5004 Bohemiae,
336 4920 372 4987 ot
397 4917 552 4987 oaoteros
580 4913 705 4987 fratros
733 4934 831 5003 suos,
865 4913 897 4988 si
923 4915 1053 5009 pignus
1079 4913 1156 5008 ipse
1182 4935 1253 4988 non
1279 4913 1480 5006 reliquerit,
1514 4933 1650 4987 suoees-

100 5058 237 5110 surum.
266 5035 418 5108 Tenetur
445 5034 488 5107 ob
515 5033 567 5122 id,
596 5034 822 5126 permittente
850 5034 1052 5124 Giruiirone,
1085 5041 1278 5109 eonventus
1306 5035 1349 5109 ab
1376 5039 1526 5128 utraque
1552 5037 1652 5126 parto

99 5159 140 5232 in
172 5156 295 5229 Polus.
333 5155 408 5247 Quo
439 5175 518 5228 eum
553 5155 762 5230 Prothasius
799 5155 984 5249 episeopus
1020 5155 1323 5245 Olomunonensis,
1361 5154 1499 5228 Zdenko
1532 5155 1651 5227 Kono-

146 5485 147 5488 ,
213 5433 234 5514 ¹)
255 5433 386 5496 Msthiae
408 5435 580 5510 Hungsriao
602 5434 694 5509 Regis
716 5428 779 5494 Ed.
796 5429 889 5516 Dipo.
906 5431 931 5512 ²)
947 5433 1083 5494 Casimiri
1098 5433 1239 5495 Poloniao
1253 5431 1346 5510 Regis
1360 5427 1425 5496 Ee.
1440 5427 1531 5516 Lipo.
1549 5428 1576 5510 ³)
1592 5429 1648 5492 Re·

98 5558 195 5619 gnum
215 5538 375 5600 Bohemiae
396 5534 460 5599 Ed.
483 5534 577 5620 Lipe.
601 5531 628 5615 ⁴)
651 5553 738 5613 quem
759 5536 840 5614 apud
861 5535 1002 5614 oppidum
1021 5535 1149 5598 Vesueie
1169 5540 1290 5614 asperat
1310 5531 1374 5598 Ed.
1397 5531 1489 5618 Lipe.
