<?xml version="1.0" encoding="UTF-8"?>
<!DOCTYPE html PUBLIC "-//W3C//DTD XHTML 1.0 Transitional//EN"
    "http://www.w3.org/TR/xhtml1/DTD/xhtml1-transitional.dtd">
<html xmlns="http://www.w3.org/1999/xhtml" xml:lang="en" lang="en">
 <head>
  <title>
</title>
<meta http-equiv="Content-Type" content="text/html;charset=utf-8" />
  <meta name='ocr-system' content='tesseract 3.04.00' />
  <meta name='ocr-capabilities' content='ocr_page ocr_carea ocr_par ocr_line ocrx_word'/>
</head>
<body>
  <div class='ocr_page' id='page_1' title='image "./operaomnia06paulgoog_0337.png"; bbox 0 0 4082 6284; ppageno 0'>
   <div class='ocr_carea' id='block_1_1' title="bbox 80 561 1658 672">
    <p class='ocr_par' dir='ltr' id='par_1_1' title="bbox 80 561 1658 672">
     <span class='ocr_line' id='line_1_1' title="bbox 80 561 1658 672; baseline 0.003 -26"><span class='ocrx_word' id='word_1_1' title='bbox 80 571 154 670; x_wconf 84' lang='grc' dir='ltr'><strong>(Α.</strong></span> <span class='ocrx_word' id='word_1_2' title='bbox 175 573 219 647; x_wconf 81' lang='lat' dir='ltr'><strong>D.</strong></span> <span class='ocrx_word' id='word_1_3' title='bbox 239 572 358 672; x_wconf 67' lang='lat' dir='ltr'><strong>laci.)</strong></span> <span class='ocrx_word' id='word_1_4' title='bbox 600 595 716 650; x_wconf 80' lang='lat' dir='ltr'><strong>urana</strong></span> <span class='ocrx_word' id='word_1_5' title='bbox 739 595 986 652; x_wconf 83' lang='lat' dir='ltr'><strong>uuonncnrus</strong></span> <span class='ocrx_word' id='word_1_6' title='bbox 1012 579 1126 670; x_wconf 79' lang='lat' dir='ltr'><strong>(rur).</strong></span> <span class='ocrx_word' id='word_1_7' title='bbox 1559 561 1658 650; x_wconf 41' lang='lat' dir='ltr'><strong>325x</strong></span> 
     </span>
    </p>
   </div>
   <div class='ocr_carea' id='block_1_2' title="bbox 75 779 1646 4949">
    <p class='ocr_par' dir='ltr' id='par_1_2' title="bbox 75 779 1646 4949">
     <span class='ocr_line' id='line_1_2' title="bbox 78 779 1633 874; baseline 0.003 -24"><span class='ocrx_word' id='word_1_8' title='bbox 78 779 227 870; x_wconf 79' lang='lat' dir='ltr'>plebani</span> <span class='ocrx_word' id='word_1_9' title='bbox 264 782 301 855; x_wconf 92' lang='lat' dir='ltr'><strong>in</strong></span> <span class='ocrx_word' id='word_1_10' title='bbox 333 780 611 870; x_wconf 87' lang='lat' dir='ltr'><strong>Proschovicne,</strong></span> <span class='ocrx_word' id='word_1_11' title='bbox 650 781 821 856; x_wconf 90' lang='lat' dir='ltr'><strong>Demetrii</strong></span> <span class='ocrx_word' id='word_1_12' title='bbox 856 783 899 856; x_wconf 84' lang='lat' dir='ltr'><strong>ce</strong></span> <span class='ocrx_word' id='word_1_13' title='bbox 935 783 1049 856; x_wconf 82' lang='lat' dir='ltr'><strong>Sanno</strong></span> <span class='ocrx_word' id='word_1_14' title='bbox 1085 781 1283 874; x_wconf 78' lang='lat' dir='ltr'><strong>Praepositi</strong></span> <span class='ocrx_word' id='word_1_15' title='bbox 1320 782 1633 870; x_wconf 82' lang='lat' dir='ltr'><strong>Scarbimiviensis,</strong></span> 
     </span>
     <span class='ocr_line' id='line_1_3' title="bbox 80 897 1636 995; baseline 0 -21"><span class='ocrx_word' id='word_1_16' title='bbox 80 901 337 976; x_wconf 86' lang='lat' dir='ltr'><strong>canonicorum</strong></span> <span class='ocrx_word' id='word_1_17' title='bbox 364 900 662 989; x_wconf 84' lang='lat' dir='ltr'><strong>cracoviensium3</strong></span> <span class='ocrx_word' id='word_1_18' title='bbox 690 902 774 975; x_wconf 90' lang='lat' dir='ltr'><strong>item</strong></span> <span class='ocrx_word' id='word_1_19' title='bbox 803 903 971 976; x_wconf 88' lang='lat' dir='ltr'><strong>Iohannis</strong></span> <span class='ocrx_word' id='word_1_20' title='bbox 999 903 1136 995; x_wconf 87' lang='lat' dir='ltr'><strong>Regula</strong></span> <span class='ocrx_word' id='word_1_21' title='bbox 1155 904 1182 991; x_wconf 88' lang='lat'><strong>¹)</strong></span> <span class='ocrx_word' id='word_1_22' title='bbox 1211 897 1421 975; x_wconf 86' lang='lat' dir='ltr'><strong>Scholastici</strong></span> <span class='ocrx_word' id='word_1_23' title='bbox 1447 901 1636 975; x_wconf 84' lang='lat' dir='ltr'><strong>Scarbimi·</strong></span> 
     </span>
     <span class='ocr_line' id='line_1_4' title="bbox 79 1020 1639 1114; baseline 0.001 -21"><span class='ocrx_word' id='word_1_24' title='bbox 79 1021 229 1111; x_wconf 88' lang='lat' dir='ltr'><strong>riensie,</strong></span> <span class='ocrx_word' id='word_1_25' title='bbox 260 1022 350 1093; x_wconf 91' lang='lat' dir='ltr'><strong>bona</strong></span> <span class='ocrx_word' id='word_1_26' title='bbox 375 1020 587 1114; x_wconf 69' lang='lat' dir='ltr'><strong>dignitatum</strong></span> <span class='ocrx_word' id='word_1_27' title='bbox 615 1026 651 1094; x_wconf 91' lang='lat' dir='ltr'><strong>et</strong></span> <span class='ocrx_word' id='word_1_28' title='bbox 677 1022 953 1113; x_wconf 80' lang='lat' dir='ltr'><strong>praebendarum</strong></span> <span class='ocrx_word' id='word_1_29' title='bbox 977 1043 1040 1114; x_wconf 89' lang='lat' dir='ltr'><strong>per</strong></span> <span class='ocrx_word' id='word_1_30' title='bbox 1057 1023 1244 1098; x_wconf 74' lang='lat' dir='ltr'><strong>Nicolaum</strong></span> <span class='ocrx_word' id='word_1_31' title='bbox 1271 1023 1519 1114; x_wconf 79' lang='lat' dir='ltr'><strong>Pyenyansnelr</strong></span> <span class='ocrx_word' id='word_1_32' title='bbox 1534 1021 1566 1112; x_wconf 56' lang='grc' dir='ltr'><strong>ι)</strong></span> <span class='ocrx_word' id='word_1_33' title='bbox 1594 1021 1639 1094; x_wconf 84' lang='lat' dir='ltr'><strong>ce</strong></span> 
     </span>
     <span class='ocr_line' id='line_1_5' title="bbox 75 1141 1637 1242; baseline 0 -29"><span class='ocrx_word' id='word_1_34' title='bbox 75 1141 317 1242; x_wconf 74' lang='lat' dir='ltr'><strong>¹Withovicae</strong></span> <span class='ocrx_word' id='word_1_35' title='bbox 340 1142 631 1214; x_wconf 87' lang='lat' dir='ltr'><strong>auocamerarium</strong></span> <span class='ocrx_word' id='word_1_36' title='bbox 660 1147 695 1214; x_wconf 93' lang='lat' dir='ltr'><strong>et</strong></span> <span class='ocrx_word' id='word_1_37' title='bbox 722 1143 942 1234; x_wconf 70' lang='lat' dir='ltr'><strong>capitaneum</strong></span> <span class='ocrx_word' id='word_1_38' title='bbox 968 1143 1245 1230; x_wconf 73' lang='lat' dir='ltr'><strong>cracoviensem,</strong></span> <span class='ocrx_word' id='word_1_39' title='bbox 1280 1142 1371 1234; x_wconf 87' lang='lat' dir='ltr'><strong>quod</strong></span> <span class='ocrx_word' id='word_1_40' title='bbox 1403 1142 1460 1230; x_wconf 92' lang='lat' dir='ltr'><strong>hi,</strong></span> <span class='ocrx_word' id='word_1_41' title='bbox 1488 1142 1637 1214; x_wconf 91' lang='lat' dir='ltr'><strong>caeteris</strong></span> 
     </span>
     <span class='ocr_line' id='line_1_6' title="bbox 81 1261 1634 1354; baseline -0.001 -21"><span class='ocrx_word' id='word_1_42' title='bbox 81 1261 324 1354; x_wconf 74' lang='lat' dir='ltr'><strong>appellatione</strong></span> <span class='ocrx_word' id='word_1_43' title='bbox 352 1281 389 1333; x_wconf 91' lang='lat' dir='ltr'><strong>se</strong></span> <span class='ocrx_word' id='word_1_44' title='bbox 416 1262 614 1350; x_wconf 91' lang='lat' dir='ltr'><strong>tuentibus,</strong></span> <span class='ocrx_word' id='word_1_45' title='bbox 644 1283 665 1334; x_wconf 93' lang='lat' dir='ltr'><strong>a</strong></span> <span class='ocrx_word' id='word_1_46' title='bbox 691 1262 932 1354; x_wconf 83' lang='lat' dir='ltr'><strong>profanatione</strong></span> <span class='ocrx_word' id='word_1_47' title='bbox 951 1262 1191 1350; x_wconf 76' lang='lat' dir='ltr'><strong>abstinebant,</strong></span> <span class='ocrx_word' id='word_1_48' title='bbox 1221 1269 1435 1353; x_wconf 88' lang='lat' dir='ltr'><strong>occupentur</strong></span> <span class='ocrx_word' id='word_1_49' title='bbox 1453 1268 1488 1334; x_wconf 93' lang='lat' dir='ltr'><strong>et</strong></span> <span class='ocrx_word' id='word_1_50' title='bbox 1507 1261 1634 1334; x_wconf 88' lang='lat' dir='ltr'><strong>distra-</strong></span> 
     </span>
     <span class='ocr_line' id='line_1_7' title="bbox 80 1381 1634 1473; baseline 0 -19"><span class='ocrx_word' id='word_1_51' title='bbox 80 1383 237 1470; x_wconf 89' lang='lat' dir='ltr'><strong>huntnr;</strong></span> <span class='ocrx_word' id='word_1_52' title='bbox 265 1381 532 1472; x_wconf 90' lang='lat' dir='ltr'><strong>Praepositurae</strong></span> <span class='ocrx_word' id='word_1_53' title='bbox 559 1381 664 1456; x_wconf 91' lang='lat' dir='ltr'><strong>etiarn</strong></span> <span class='ocrx_word' id='word_1_54' title='bbox 688 1381 902 1456; x_wconf 84' lang='lat' dir='ltr'><strong>cuesneusis</strong></span> <span class='ocrx_word' id='word_1_55' title='bbox 922 1383 1048 1455; x_wconf 92' lang='lat' dir='ltr'><strong>Iacobo</strong></span> <span class='ocrx_word' id='word_1_56' title='bbox 1068 1381 1229 1473; x_wconf 91' lang='lat' dir='ltr'><strong>episcopo</strong></span> <span class='ocrx_word' id='word_1_57' title='bbox 1249 1381 1469 1455; x_wconf 87' lang='lat' dir='ltr'><strong>cracoviensi</strong></span> <span class='ocrx_word' id='word_1_58' title='bbox 1489 1402 1552 1473; x_wconf 88' lang='lat' dir='ltr'><strong>per</strong></span> <span class='ocrx_word' id='word_1_59' title='bbox 1570 1381 1634 1454; x_wconf 90' lang='lat' dir='ltr'><strong>Po·</strong></span> 
     </span>
     <span class='ocr_line' id='line_1_8' title="bbox 82 1501 1632 1596; baseline 0.001 -24"><span class='ocrx_word' id='word_1_60' title='bbox 82 1508 183 1573; x_wconf 91' lang='lat' dir='ltr'><strong>trum</strong></span> <span class='ocrx_word' id='word_1_61' title='bbox 200 1501 243 1574; x_wconf 86' lang='lat' dir='ltr'><strong>de</strong></span> <span class='ocrx_word' id='word_1_62' title='bbox 262 1501 480 1574; x_wconf 85' lang='lat' dir='ltr'><strong>Schamotnli</strong></span> <span class='ocrx_word' id='word_1_63' title='bbox 498 1501 719 1592; x_wconf 88' lang='lat' dir='ltr'><strong>capitaneum</strong></span> <span class='ocrx_word' id='word_1_64' title='bbox 739 1501 881 1574; x_wconf 86' lang='lat' dir='ltr'><strong>Maioris</strong></span> <span class='ocrx_word' id='word_1_65' title='bbox 907 1503 1088 1588; x_wconf 90' lang='lat' dir='ltr'><strong>Polouiae,</strong></span> <span class='ocrx_word' id='word_1_66' title='bbox 1118 1502 1218 1578; x_wconf 86' lang='lat' dir='ltr'><strong>iussu</strong></span> <span class='ocrx_word' id='word_1_67' title='bbox 1237 1503 1355 1596; x_wconf 83' lang='lat' dir='ltr'><strong>reglo,</strong></span> <span class='ocrx_word' id='word_1_68' title='bbox 1376 1501 1551 1593; x_wconf 87' lang='lat' dir='ltr'><strong>possessio</strong></span> <span class='ocrx_word' id='word_1_69' title='bbox 1571 1523 1632 1573; x_wconf 92' lang='lat' dir='ltr'><strong>au·</strong></span> 
     </span>
     <span class='ocr_line' id='line_1_9' title="bbox 83 1619 1634 1714; baseline 0 -20"><span class='ocrx_word' id='word_1_70' title='bbox 83 1624 215 1709; x_wconf 81' lang='lat' dir='ltr'><strong>fertur,</strong></span> <span class='ocrx_word' id='word_1_71' title='bbox 254 1643 357 1713; x_wconf 87' lang='lat' dir='ltr'><strong>quam</strong></span> <span class='ocrx_word' id='word_1_72' title='bbox 386 1627 511 1712; x_wconf 86' lang='lat' dir='ltr'><strong>expost</strong></span> <span class='ocrx_word' id='word_1_73' title='bbox 527 1619 557 1710; x_wconf 84' lang='lat'><strong>³)</strong></span> <span class='ocrx_word' id='word_1_74' title='bbox 585 1622 699 1693; x_wconf 89' lang='lat' dir='ltr'><strong>Lucas</strong></span> <span class='ocrx_word' id='word_1_75' title='bbox 726 1621 977 1695; x_wconf 91' lang='lat' dir='ltr'><strong>Posnanieusis</strong></span> <span class='ocrx_word' id='word_1_76' title='bbox 1012 1622 1192 1714; x_wconf 91' lang='lat' dir='ltr'><strong>palatinus</strong></span> <span class='ocrx_word' id='word_1_77' title='bbox 1229 1643 1290 1714; x_wconf 90' lang='lat' dir='ltr'><strong>pro</strong></span> <span class='ocrx_word' id='word_1_78' title='bbox 1327 1621 1400 1694; x_wconf 88' lang='lat' dir='ltr'><strong>filio</strong></span> <span class='ocrx_word' id='word_1_79' title='bbox 1438 1622 1634 1714; x_wconf 87' lang='lat' dir='ltr'><strong>occupavit.</strong></span> 
     </span>
     <span class='ocr_line' id='line_1_10' title="bbox 82 1739 1635 1834; baseline -0.001 -20"><span class='ocrx_word' id='word_1_80' title='bbox 82 1743 274 1815; x_wconf 84' lang='lat' dir='ltr'><strong>Praelatus</strong></span> <span class='ocrx_word' id='word_1_81' title='bbox 301 1741 446 1833; x_wconf 91' lang='lat' dir='ltr'><strong>iusuper</strong></span> <span class='ocrx_word' id='word_1_82' title='bbox 472 1741 641 1813; x_wconf 89' lang='lat' dir='ltr'><strong>Derslaus</strong></span> <span class='ocrx_word' id='word_1_83' title='bbox 668 1741 931 1814; x_wconf 86' lang='lat' dir='ltr'><strong>Krninauovvslri</strong></span> <span class='ocrx_word' id='word_1_84' title='bbox 958 1741 1185 1834; x_wconf 83' lang='lat' dir='ltr'><strong>Praepositae</strong></span> <span class='ocrx_word' id='word_1_85' title='bbox 1214 1739 1437 1814; x_wconf 86' lang='lat' dir='ltr'><strong>Vislicieusis</strong></span> <span class='ocrx_word' id='word_1_86' title='bbox 1465 1747 1501 1814; x_wconf 90' lang='lat' dir='ltr'><strong>ot</strong></span> <span class='ocrx_word' id='word_1_87' title='bbox 1527 1741 1635 1814; x_wconf 89' lang='lat' dir='ltr'><strong>cauo·</strong></span> 
     </span>
     <span class='ocr_line' id='line_1_11' title="bbox 85 1861 1636 1955; baseline 0 -21"><span class='ocrx_word' id='word_1_88' title='bbox 85 1863 191 1934; x_wconf 87' lang='lat' dir='ltr'><strong>nicus</strong></span> <span class='ocrx_word' id='word_1_89' title='bbox 218 1861 473 1950; x_wconf 75' lang='lat' dir='ltr'><strong>Crotoniensis,</strong></span> <span class='ocrx_word' id='word_1_90' title='bbox 503 1881 546 1934; x_wconf 91' lang='lat' dir='ltr'><strong>ex</strong></span> <span class='ocrx_word' id='word_1_91' title='bbox 574 1861 658 1934; x_wconf 88' lang='lat' dir='ltr'><strong>aede</strong></span> <span class='ocrx_word' id='word_1_92' title='bbox 685 1881 750 1933; x_wconf 89' lang='lat' dir='ltr'><strong>sua</strong></span> <span class='ocrx_word' id='word_1_93' title='bbox 767 1862 979 1950; x_wconf 88' lang='lat' dir='ltr'><strong>canonicali,</strong></span> <span class='ocrx_word' id='word_1_94' title='bbox 1008 1862 1044 1934; x_wconf 95' lang='lat' dir='ltr'><strong>iu</strong></span> <span class='ocrx_word' id='word_1_95' title='bbox 1072 1864 1190 1954; x_wconf 91' lang='lat' dir='ltr'><strong>platea</strong></span> <span class='ocrx_word' id='word_1_96' title='bbox 1207 1862 1331 1955; x_wconf 86' lang='lat' dir='ltr'><strong>Legati</strong></span> <span class='ocrx_word' id='word_1_97' title='bbox 1351 1861 1436 1948; x_wconf 92' lang='lat' dir='ltr'><strong>sita,</strong></span> <span class='ocrx_word' id='word_1_98' title='bbox 1457 1881 1519 1952; x_wconf 92' lang='lat' dir='ltr'><strong>per</strong></span> <span class='ocrx_word' id='word_1_99' title='bbox 1537 1862 1636 1934; x_wconf 85' lang='lat' dir='ltr'><strong>fami·</strong></span> 
     </span>
     <span class='ocr_line' id='line_1_12' title="bbox 84 1979 1638 2076; baseline -0.001 -20"><span class='ocrx_word' id='word_1_100' title='bbox 84 1984 195 2056; x_wconf 89' lang='lat' dir='ltr'><strong>liares</strong></span> <span class='ocrx_word' id='word_1_101' title='bbox 223 1982 397 2074; x_wconf 90' lang='lat' dir='ltr'><strong>capitanei</strong></span> <span class='ocrx_word' id='word_1_102' title='bbox 424 1981 679 2069; x_wconf 89' lang='lat' dir='ltr'><strong>cracoviensis,</strong></span> <span class='ocrx_word' id='word_1_103' title='bbox 708 1981 750 2053; x_wconf 89' lang='lat' dir='ltr'><strong>de</strong></span> <span class='ocrx_word' id='word_1_104' title='bbox 769 1982 934 2055; x_wconf 90' lang='lat' dir='ltr'><strong>cracovia</strong></span> <span class='ocrx_word' id='word_1_105' title='bbox 952 1982 1069 2076; x_wconf 84' lang='lat' dir='ltr'><strong>egredi</strong></span> <span class='ocrx_word' id='word_1_106' title='bbox 1088 1983 1305 2074; x_wconf 87' lang='lat' dir='ltr'><strong>compulsus,</strong></span> <span class='ocrx_word' id='word_1_107' title='bbox 1335 1979 1581 2073; x_wconf 90' lang='lat' dir='ltr'><strong>superpellicio</strong></span> <span class='ocrx_word' id='word_1_108' title='bbox 1601 1985 1638 2055; x_wconf 92' lang='lat' dir='ltr'><strong>et</strong></span> 
     </span>
     <span class='ocr_line' id='line_1_13' title="bbox 85 2101 1636 2192; baseline -0.002 -15"><span class='ocrx_word' id='word_1_109' title='bbox 85 2104 237 2178; x_wconf 89' lang='lat' dir='ltr'><strong>almutio</strong></span> <span class='ocrx_word' id='word_1_110' title='bbox 252 2105 295 2192; x_wconf 80' lang='grc'><strong>4),</strong></span> <span class='ocrx_word' id='word_1_111' title='bbox 324 2109 364 2175; x_wconf 91' lang='lat' dir='ltr'><strong>ut</strong></span> <span class='ocrx_word' id='word_1_112' title='bbox 383 2102 636 2191; x_wconf 88' lang='lat' dir='ltr'><strong>dinosceretur,</strong></span> <span class='ocrx_word' id='word_1_113' title='bbox 657 2121 694 2174; x_wconf 90' lang='lat' dir='ltr'><strong>ee</strong></span> <span class='ocrx_word' id='word_1_114' title='bbox 717 2101 883 2190; x_wconf 90' lang='lat' dir='ltr'><strong>vestiens,</strong></span> <span class='ocrx_word' id='word_1_115' title='bbox 909 2103 1097 2176; x_wconf 90' lang='lat' dir='ltr'><strong>comitante</strong></span> <span class='ocrx_word' id='word_1_116' title='bbox 1121 2122 1198 2176; x_wconf 90' lang='lat' dir='ltr'><strong>eum</strong></span> <span class='ocrx_word' id='word_1_117' title='bbox 1217 2103 1397 2175; x_wconf 90' lang='lat' dir='ltr'><strong>Lictorum</strong></span> <span class='ocrx_word' id='word_1_118' title='bbox 1416 2102 1531 2187; x_wconf 90' lang='lat' dir='ltr'><strong>turba,</strong></span> <span class='ocrx_word' id='word_1_119' title='bbox 1551 2101 1636 2174; x_wconf 89' lang='lat' dir='ltr'><strong>item</strong></span> 
     </span>
     <span class='ocr_line' id='line_1_14' title="bbox 87 2221 1636 2316; baseline -0.002 -19"><span class='ocrx_word' id='word_1_120' title='bbox 87 2224 121 2297; x_wconf 93' lang='lat' dir='ltr'><strong>N</strong></span> <span class='ocrx_word' id='word_1_121' title='bbox 125 2224 260 2296; x_wconf 89' lang='lat' dir='ltr'><strong>icolaus</strong></span> <span class='ocrx_word' id='word_1_122' title='bbox 288 2223 432 2316; x_wconf 79' lang='lat' dir='ltr'><strong>Bogvlan</strong></span> <span class='ocrx_word' id='word_1_123' title='bbox 459 2222 627 2296; x_wconf 90' lang='lat' dir='ltr'><strong>Iohannis</strong></span> <span class='ocrx_word' id='word_1_124' title='bbox 655 2221 803 2294; x_wconf 87' lang='lat' dir='ltr'><strong>senioris</strong></span> <span class='ocrx_word' id='word_1_125' title='bbox 830 2223 1028 2316; x_wconf 85' lang='lat' dir='ltr'><strong>Dlngosch,</strong></span> <span class='ocrx_word' id='word_1_126' title='bbox 1057 2223 1143 2298; x_wconf 88' lang='lat' dir='ltr'><strong>item</strong></span> <span class='ocrx_word' id='word_1_127' title='bbox 1169 2223 1343 2296; x_wconf 92' lang='lat' dir='ltr'><strong>Iohannes</strong></span> <span class='ocrx_word' id='word_1_128' title='bbox 1364 2223 1498 2314; x_wconf 81' lang='lat' dir='ltr'><strong>Byalelr</strong></span> <span class='ocrx_word' id='word_1_129' title='bbox 1517 2221 1636 2294; x_wconf 88' lang='lat' dir='ltr'><strong>Iacchi</strong></span> 
     </span>
     <span class='ocr_line' id='line_1_15' title="bbox 86 2341 1635 2434; baseline -0.003 -17"><span class='ocrx_word' id='word_1_130' title='bbox 86 2342 311 2417; x_wconf 85' lang='lat' dir='ltr'><strong>Leloviensis</strong></span> <span class='ocrx_word' id='word_1_131' title='bbox 329 2341 485 2434; x_wconf 90' lang='lat' dir='ltr'><strong>plebani,</strong></span> <span class='ocrx_word' id='word_1_132' title='bbox 513 2341 732 2414; x_wconf 86' lang='lat' dir='ltr'><strong>canonicales</strong></span> <span class='ocrx_word' id='word_1_133' title='bbox 760 2341 899 2429; x_wconf 90' lang='lat' dir='ltr'><strong>vicarii,</strong></span> <span class='ocrx_word' id='word_1_134' title='bbox 927 2342 1011 2415; x_wconf 89' lang='lat' dir='ltr'><strong>item</strong></span> <span class='ocrx_word' id='word_1_135' title='bbox 1030 2341 1203 2414; x_wconf 83' lang='lat' dir='ltr'><strong>Martinus</strong></span> <span class='ocrx_word' id='word_1_136' title='bbox 1222 2342 1355 2416; x_wconf 86' lang='lat' dir='ltr'><strong>Rincca</strong></span> <span class='ocrx_word' id='word_1_137' title='bbox 1367 2341 1635 2430; x_wconf 86' lang='lat' dir='ltr'><strong>mansionarius,</strong></span> 
     </span>
     <span class='ocr_line' id='line_1_16' title="bbox 87 2460 1640 2554; baseline -0.002 -18"><span class='ocrx_word' id='word_1_138' title='bbox 87 2465 124 2536; x_wconf 93' lang='lat' dir='ltr'><strong>in</strong></span> <span class='ocrx_word' id='word_1_139' title='bbox 146 2462 408 2554; x_wconf 89' lang='lat' dir='ltr'><strong>superpelliciis</strong></span> <span class='ocrx_word' id='word_1_140' title='bbox 425 2481 469 2534; x_wconf 83' lang='lat' dir='ltr'><strong>er</strong></span> <span class='ocrx_word' id='word_1_141' title='bbox 487 2461 611 2534; x_wconf 89' lang='lat' dir='ltr'><strong>media·</strong></span> <span class='ocrx_word' id='word_1_142' title='bbox 625 2461 792 2535; x_wconf 90' lang='lat' dir='ltr'><strong>ecclesiae</strong></span> <span class='ocrx_word' id='word_1_143' title='bbox 820 2462 1041 2553; x_wconf 88' lang='lat' dir='ltr'><strong>processione</strong></span> <span class='ocrx_word' id='word_1_144' title='bbox 1058 2482 1122 2554; x_wconf 91' lang='lat' dir='ltr'><strong>per</strong></span> <span class='ocrx_word' id='word_1_145' title='bbox 1139 2462 1323 2534; x_wconf 88' lang='lat' dir='ltr'><strong>Nicolaum</strong></span> <span class='ocrx_word' id='word_1_146' title='bbox 1343 2462 1592 2554; x_wconf 79' lang='lat' dir='ltr'><strong>Pyenyansaelr</strong></span> <span class='ocrx_word' id='word_1_147' title='bbox 1606 2460 1640 2549; x_wconf 76' lang='grc'><strong>5)</strong></span> 
     </span>
     <span class='ocr_line' id='line_1_17' title="bbox 88 2581 1637 2674; baseline -0.002 -18"><span class='ocrx_word' id='word_1_148' title='bbox 88 2583 313 2674; x_wconf 86' lang='lat' dir='ltr'><strong>capitaneum</strong></span> <span class='ocrx_word' id='word_1_149' title='bbox 341 2581 491 2655; x_wconf 86' lang='lat' dir='ltr'><strong>extracti</strong></span> <span class='ocrx_word' id='word_1_150' title='bbox 518 2589 553 2654; x_wconf 91' lang='lat' dir='ltr'><strong>et</strong></span> <span class='ocrx_word' id='word_1_151' title='bbox 581 2585 681 2654; x_wconf 86' lang='lat' dir='ltr'><strong>extra</strong></span> <span class='ocrx_word' id='word_1_152' title='bbox 708 2588 826 2672; x_wconf 90' lang='lat' dir='ltr'><strong>portas</strong></span> <span class='ocrx_word' id='word_1_153' title='bbox 854 2581 1011 2654; x_wconf 88' lang='lat' dir='ltr'><strong>civitatis</strong></span> <span class='ocrx_word' id='word_1_154' title='bbox 1031 2581 1165 2670; x_wconf 81' lang='lat' dir='ltr'><strong>educti,</strong></span> <span class='ocrx_word' id='word_1_155' title='bbox 1184 2603 1345 2674; x_wconf 86' lang='lat' dir='ltr'><strong>regressu</strong></span> <span class='ocrx_word' id='word_1_156' title='bbox 1365 2581 1416 2655; x_wconf 92' lang='lat' dir='ltr'><strong>eis</strong></span> <span class='ocrx_word' id='word_1_157' title='bbox 1435 2581 1637 2667; x_wconf 87' lang='lat' dir='ltr'><strong>interdicto,</strong></span> 
     </span>
     <span class='ocr_line' id='line_1_18' title="bbox 88 2699 1637 2796; baseline -0.001 -23"><span class='ocrx_word' id='word_1_158' title='bbox 88 2704 198 2796; x_wconf 89' lang='lat' dir='ltr'><strong>vulgo</strong></span> <span class='ocrx_word' id='word_1_159' title='bbox 226 2701 401 2775; x_wconf 91' lang='lat' dir='ltr'><strong>communi</strong></span> <span class='ocrx_word' id='word_1_160' title='bbox 428 2700 677 2794; x_wconf 85' lang='lat' dir='ltr'><strong>ingemiscente</strong></span> <span class='ocrx_word' id='word_1_161' title='bbox 705 2707 740 2774; x_wconf 93' lang='lat' dir='ltr'><strong>et</strong></span> <span class='ocrx_word' id='word_1_162' title='bbox 767 2701 1017 2788; x_wconf 90' lang='lat' dir='ltr'><strong>illacrimante,</strong></span> <span class='ocrx_word' id='word_1_163' title='bbox 1046 2722 1126 2774; x_wconf 89' lang='lat' dir='ltr'><strong>cum</strong></span> <span class='ocrx_word' id='word_1_164' title='bbox 1153 2701 1316 2774; x_wconf 90' lang='lat' dir='ltr'><strong>nonnulli</strong></span> <span class='ocrx_word' id='word_1_165' title='bbox 1335 2700 1566 2774; x_wconf 91' lang='lat' dir='ltr'><strong>ecclesiastici</strong></span> <span class='ocrx_word' id='word_1_166' title='bbox 1584 2699 1637 2773; x_wconf 93' lang='lat' dir='ltr'><strong>in·</strong></span> 
     </span>
     <span class='ocr_line' id='line_1_19' title="bbox 89 2819 1639 2913; baseline -0.001 -19"><span class='ocrx_word' id='word_1_167' title='bbox 89 2823 345 2909; x_wconf 78' lang='lat' dir='ltr'><strong>curciarentur,</strong></span> <span class='ocrx_word' id='word_1_168' title='bbox 374 2821 514 2913; x_wconf 88' lang='lat' dir='ltr'><strong>depulsi</strong></span> <span class='ocrx_word' id='word_1_169' title='bbox 537 2827 631 2894; x_wconf 89' lang='lat' dir='ltr'><strong>sunt.</strong></span> <span class='ocrx_word' id='word_1_170' title='bbox 660 2822 750 2895; x_wconf 90' lang='lat' dir='ltr'><strong>Item</strong></span> <span class='ocrx_word' id='word_1_171' title='bbox 770 2823 1060 2894; x_wconf 89' lang='lat' dir='ltr'><strong>Bartholomaeus</strong></span> <span class='ocrx_word' id='word_1_172' title='bbox 1079 2821 1116 2894; x_wconf 94' lang='lat' dir='ltr'><strong>in</strong></span> <span class='ocrx_word' id='word_1_173' title='bbox 1135 2819 1400 2909; x_wconf 87' lang='lat' dir='ltr'><strong>hlodlibonicno,</strong></span> <span class='ocrx_word' id='word_1_174' title='bbox 1430 2820 1582 2893; x_wconf 83' lang='lat' dir='ltr'><strong>Mathias</strong></span> <span class='ocrx_word' id='word_1_175' title='bbox 1601 2819 1639 2892; x_wconf 91' lang='lat' dir='ltr'><strong>in</strong></span> 
     </span>
     <span class='ocr_line' id='line_1_20' title="bbox 90 2933 1639 3034; baseline -0.001 -20"><span class='ocrx_word' id='word_1_176' title='bbox 90 2941 305 3030; x_wconf 68' lang='lat' dir='ltr'><strong>Pranove),</strong></span> <span class='ocrx_word' id='word_1_177' title='bbox 338 2939 508 3014; x_wconf 89' lang='lat' dir='ltr'><strong>Nicolaue</strong></span> <span class='ocrx_word' id='word_1_178' title='bbox 535 2939 572 3013; x_wconf 90' lang='lat' dir='ltr'><strong>in</strong></span> <span class='ocrx_word' id='word_1_179' title='bbox 599 2942 730 3029; x_wconf 85' lang='lat' dir='ltr'><strong>Tenov,</strong></span> <span class='ocrx_word' id='word_1_180' title='bbox 766 2941 917 3015; x_wconf 85' lang='lat' dir='ltr'><strong>llichael</strong></span> <span class='ocrx_word' id='word_1_181' title='bbox 948 2941 985 3012; x_wconf 92' lang='lat' dir='ltr'><strong>in</strong></span> <span class='ocrx_word' id='word_1_182' title='bbox 1013 2939 1221 3034; x_wconf 78' lang='lat' dir='ltr'><strong>Wyrabicaa</strong></span> <span class='ocrx_word' id='word_1_183' title='bbox 1236 2941 1280 3030; x_wconf 81' lang='lat'><strong>⁷),</strong></span> <span class='ocrx_word' id='word_1_184' title='bbox 1312 2940 1472 3032; x_wconf 89' lang='lat' dir='ltr'><strong>plebani,</strong></span> <span class='ocrx_word' id='word_1_185' title='bbox 1505 2933 1639 3033; x_wconf 83' lang='lat' dir='ltr'><strong>singuli</strong></span> 
     </span>
     <span class='ocr_line' id='line_1_21' title="bbox 92 3059 1634 3154; baseline -0.001 -21"><span class='ocrx_word' id='word_1_186' title='bbox 92 3061 248 3154; x_wconf 89' lang='lat' dir='ltr'><strong>siugulis</strong></span> <span class='ocrx_word' id='word_1_187' title='bbox 275 3061 379 3134; x_wconf 89' lang='lat' dir='ltr'><strong>robus</strong></span> <span class='ocrx_word' id='word_1_188' title='bbox 408 3060 507 3133; x_wconf 83' lang='lat' dir='ltr'><strong>eruti</strong></span> <span class='ocrx_word' id='word_1_189' title='bbox 534 3065 570 3133; x_wconf 90' lang='lat' dir='ltr'><strong>et</strong></span> <span class='ocrx_word' id='word_1_190' title='bbox 597 3061 741 3152; x_wconf 89' lang='lat' dir='ltr'><strong>spoliati</strong></span> <span class='ocrx_word' id='word_1_191' title='bbox 769 3067 862 3132; x_wconf 87' lang='lat' dir='ltr'><strong>suat.</strong></span> <span class='ocrx_word' id='word_1_192' title='bbox 892 3061 1041 3132; x_wconf 89' lang='lat' dir='ltr'><strong>Iohanni</strong></span> <span class='ocrx_word' id='word_1_193' title='bbox 1065 3061 1107 3133; x_wconf 79' lang='lat' dir='ltr'><strong>cle</strong></span> <span class='ocrx_word' id='word_1_194' title='bbox 1126 3061 1370 3149; x_wconf 84' lang='lat' dir='ltr'><strong>Brnesanicna,</strong></span> <span class='ocrx_word' id='word_1_195' title='bbox 1399 3059 1511 3134; x_wconf 92' lang='lat' dir='ltr'><strong>nobili</strong></span> <span class='ocrx_word' id='word_1_196' title='bbox 1538 3081 1634 3152; x_wconf 89' lang='lat' dir='ltr'><strong>pres·</strong></span> 
     </span>
     <span class='ocr_line' id='line_1_22' title="bbox 90 3179 1637 3273; baseline -0.002 -19"><span class='ocrx_word' id='word_1_197' title='bbox 90 3181 233 3273; x_wconf 83' lang='lat' dir='ltr'><strong>hytero,</strong></span> <span class='ocrx_word' id='word_1_198' title='bbox 253 3179 429 3253; x_wconf 88' lang='lat' dir='ltr'><strong>tenutario</strong></span> <span class='ocrx_word' id='word_1_199' title='bbox 447 3179 675 3272; x_wconf 77' lang='lat' dir='ltr'><strong>erlcnensi,</strong></span> <span class='ocrx_word' id='word_1_200' title='bbox 696 3185 818 3252; x_wconf 86' lang='lat' dir='ltr'><strong>tenuta</strong></span> <span class='ocrx_word' id='word_1_201' title='bbox 836 3179 1082 3273; x_wconf 84' lang='lat' dir='ltr'><strong>Kyelcnensis,</strong></span> <span class='ocrx_word' id='word_1_202' title='bbox 1103 3181 1187 3254; x_wconf 91' lang='lat' dir='ltr'><strong>item</strong></span> <span class='ocrx_word' id='word_1_203' title='bbox 1206 3181 1360 3254; x_wconf 80' lang='lat' dir='ltr'><strong>blachiae</strong></span> <span class='ocrx_word' id='word_1_204' title='bbox 1378 3181 1420 3253; x_wconf 86' lang='lat' dir='ltr'><strong>de</strong></span> <span class='ocrx_word' id='word_1_205' title='bbox 1435 3181 1515 3273; x_wconf 92' lang='lat' dir='ltr'><strong>Bug</strong></span> <span class='ocrx_word' id='word_1_206' title='bbox 1532 3181 1637 3252; x_wconf 91' lang='lat' dir='ltr'><strong>Prae·</strong></span> 
     </span>
     <span class='ocr_line' id='line_1_23' title="bbox 91 3299 1638 3392; baseline -0.002 -19"><span class='ocrx_word' id='word_1_207' title='bbox 91 3301 211 3392; x_wconf 86' lang='lat' dir='ltr'><strong>posito</strong></span> <span class='ocrx_word' id='word_1_208' title='bbox 238 3299 485 3388; x_wconf 85' lang='lat' dir='ltr'><strong>Sandecnensi,</strong></span> <span class='ocrx_word' id='word_1_209' title='bbox 513 3299 687 3373; x_wconf 84' lang='lat' dir='ltr'><strong>villicatio</strong></span> <span class='ocrx_word' id='word_1_210' title='bbox 715 3300 984 3388; x_wconf 85' lang='lat' dir='ltr'><strong>Sandecaensis,</strong></span> <span class='ocrx_word' id='word_1_211' title='bbox 1011 3322 1074 3392; x_wconf 93' lang='lat' dir='ltr'><strong>per</strong></span> <span class='ocrx_word' id='word_1_212' title='bbox 1099 3301 1285 3374; x_wconf 89' lang='lat' dir='ltr'><strong>Nicolaum</strong></span> <span class='ocrx_word' id='word_1_213' title='bbox 1313 3301 1564 3392; x_wconf 83' lang='lat' dir='ltr'><strong>Pyenyansaeh</strong></span> <span class='ocrx_word' id='word_1_214' title='bbox 1582 3319 1638 3371; x_wconf 89' lang='lat' dir='ltr'><strong>ca·</strong></span> 
     </span>
     <span class='ocr_line' id='line_1_24' title="bbox 91 3419 1642 3513; baseline -0.001 -20"><span class='ocrx_word' id='word_1_215' title='bbox 91 3421 275 3513; x_wconf 87' lang='lat' dir='ltr'><strong>pitaneum</strong></span> <span class='ocrx_word' id='word_1_216' title='bbox 304 3419 564 3494; x_wconf 70' lang='lat' dir='ltr'><strong>cracoviensem</strong></span> <span class='ocrx_word' id='word_1_217' title='bbox 592 3425 742 3511; x_wconf 91' lang='lat' dir='ltr'><strong>ereptae.</strong></span> <span class='ocrx_word' id='word_1_218' title='bbox 771 3421 975 3493; x_wconf 85' lang='lat' dir='ltr'><strong>Kaaimivns</strong></span> <span class='ocrx_word' id='word_1_219' title='bbox 1002 3422 1095 3509; x_wconf 85' lang='lat' dir='ltr'><strong>Rex,</strong></span> <span class='ocrx_word' id='word_1_220' title='bbox 1124 3421 1207 3493; x_wconf 90' lang='lat' dir='ltr'><strong>dum</strong></span> <span class='ocrx_word' id='word_1_221' title='bbox 1234 3442 1255 3492; x_wconf 91' lang='lat' dir='ltr'><strong>a</strong></span> <span class='ocrx_word' id='word_1_222' title='bbox 1281 3421 1457 3492; x_wconf 87' lang='lat' dir='ltr'><strong>timoratis</strong></span> <span class='ocrx_word' id='word_1_223' title='bbox 1484 3419 1572 3492; x_wconf 89' lang='lat' dir='ltr'><strong>viris</strong></span> <span class='ocrx_word' id='word_1_224' title='bbox 1599 3419 1642 3492; x_wconf 82' lang='lat' dir='ltr'><strong>he</strong></span> 
     </span>
     <span class='ocr_line' id='line_1_25' title="bbox 93 3539 1641 3634; baseline -0.001 -21"><span class='ocrx_word' id='word_1_225' title='bbox 93 3561 134 3613; x_wconf 89' lang='lat' dir='ltr'><strong>oa</strong></span> <span class='ocrx_word' id='word_1_226' title='bbox 161 3539 312 3612; x_wconf 87' lang='lat' dir='ltr'><strong>saevitia</strong></span> <span class='ocrx_word' id='word_1_227' title='bbox 338 3539 375 3611; x_wconf 91' lang='lat' dir='ltr'><strong>in</strong></span> <span class='ocrx_word' id='word_1_228' title='bbox 403 3539 582 3612; x_wconf 90' lang='lat' dir='ltr'><strong>ministros</strong></span> <span class='ocrx_word' id='word_1_229' title='bbox 614 3540 695 3630; x_wconf 91' lang='lat' dir='ltr'><strong>Dei,</strong></span> <span class='ocrx_word' id='word_1_230' title='bbox 731 3561 845 3632; x_wconf 88' lang='lat' dir='ltr'><strong>neque</strong></span> <span class='ocrx_word' id='word_1_231' title='bbox 881 3541 1025 3629; x_wconf 89' lang='lat' dir='ltr'><strong>citatos,</strong></span> <span class='ocrx_word' id='word_1_232' title='bbox 1060 3561 1175 3634; x_wconf 89' lang='lat' dir='ltr'><strong>neque</strong></span> <span class='ocrx_word' id='word_1_233' title='bbox 1209 3539 1403 3628; x_wconf 87' lang='lat' dir='ltr'><strong>convictos,</strong></span> <span class='ocrx_word' id='word_1_234' title='bbox 1437 3540 1641 3631; x_wconf 90' lang='lat' dir='ltr'><strong>deprompta</strong></span> 
     </span>
     <span class='ocr_line' id='line_1_26' title="bbox 94 3657 1640 3752; baseline -0.002 -19"><span class='ocrx_word' id='word_1_235' title='bbox 94 3665 317 3752; x_wconf 87' lang='lat' dir='ltr'><strong>argueretur,</strong></span> <span class='ocrx_word' id='word_1_236' title='bbox 345 3659 457 3734; x_wconf 88' lang='lat' dir='ltr'><strong>omnis</strong></span> <span class='ocrx_word' id='word_1_237' title='bbox 484 3659 717 3733; x_wconf 87' lang='lat' dir='ltr'><strong>truculentiae</strong></span> <span class='ocrx_word' id='word_1_238' title='bbox 745 3662 870 3734; x_wconf 88' lang='lat' dir='ltr'><strong>molem</strong></span> <span class='ocrx_word' id='word_1_239' title='bbox 890 3661 927 3732; x_wconf 92' lang='lat' dir='ltr'><strong>in</strong></span> <span class='ocrx_word' id='word_1_240' title='bbox 945 3661 1134 3734; x_wconf 90' lang='lat' dir='ltr'><strong>Iohannem</strong></span> <span class='ocrx_word' id='word_1_241' title='bbox 1154 3659 1487 3733; x_wconf 75' lang='lat' dir='ltr'><strong>wladislaviensem</strong></span> <span class='ocrx_word' id='word_1_242' title='bbox 1506 3657 1640 3750; x_wconf 89' lang='lat' dir='ltr'><strong>episco-</strong></span> 
     </span>
     <span class='ocr_line' id='line_1_27' title="bbox 93 3777 1642 3871; baseline -0.001 -19"><span class='ocrx_word' id='word_1_243' title='bbox 93 3801 179 3871; x_wconf 89' lang='lat' dir='ltr'><strong>pum</strong></span> <span class='ocrx_word' id='word_1_244' title='bbox 206 3779 445 3870; x_wconf 87' lang='lat' dir='ltr'><strong>retorquebat,</strong></span> <span class='ocrx_word' id='word_1_245' title='bbox 473 3799 633 3853; x_wconf 88' lang='lat' dir='ltr'><strong>asserens</strong></span> <span class='ocrx_word' id='word_1_246' title='bbox 660 3799 735 3852; x_wconf 89' lang='lat' dir='ltr'><strong>eam</strong></span> <span class='ocrx_word' id='word_1_247' title='bbox 763 3781 806 3852; x_wconf 87' lang='lat' dir='ltr'><strong>ad</strong></span> <span class='ocrx_word' id='word_1_248' title='bbox 833 3779 934 3852; x_wconf 88' lang='lat' dir='ltr'><strong>illiue</strong></span> <span class='ocrx_word' id='word_1_249' title='bbox 960 3788 1085 3852; x_wconf 88' lang='lat' dir='ltr'><strong>nutum</strong></span> <span class='ocrx_word' id='word_1_250' title='bbox 1104 3785 1139 3853; x_wconf 93' lang='lat' dir='ltr'><strong>et</strong></span> <span class='ocrx_word' id='word_1_251' title='bbox 1157 3779 1316 3868; x_wconf 91' lang='lat' dir='ltr'><strong>libitum,</strong></span> <span class='ocrx_word' id='word_1_252' title='bbox 1345 3799 1382 3852; x_wconf 89' lang='lat' dir='ltr'><strong>sc</strong></span> <span class='ocrx_word' id='word_1_253' title='bbox 1406 3777 1588 3871; x_wconf 88' lang='lat' dir='ltr'><strong>ignorante</strong></span> <span class='ocrx_word' id='word_1_254' title='bbox 1606 3783 1642 3850; x_wconf 90' lang='lat' dir='ltr'><strong>et</strong></span> 
     </span>
     <span class='ocr_line' id='line_1_28' title="bbox 94 3897 1642 3992; baseline -0.002 -20"><span class='ocrx_word' id='word_1_255' title='bbox 94 3921 220 3991; x_wconf 89' lang='lat' dir='ltr'><strong>parum</strong></span> <span class='ocrx_word' id='word_1_256' title='bbox 251 3898 420 3987; x_wconf 84' lang='lat' dir='ltr'><strong>conscio,</strong></span> <span class='ocrx_word' id='word_1_257' title='bbox 440 3903 626 3990; x_wconf 88' lang='lat' dir='ltr'><strong>patratam.</strong></span> <span class='ocrx_word' id='word_1_258' title='bbox 661 3899 809 3972; x_wconf 90' lang='lat' dir='ltr'><strong>Iacobus</strong></span> <span class='ocrx_word' id='word_1_259' title='bbox 823 3898 855 3987; x_wconf 79' lang='grc'><strong>8)</strong></span> <span class='ocrx_word' id='word_1_260' title='bbox 889 3900 1129 3973; x_wconf 71' lang='lat' dir='ltr'><strong>cracoviensis</strong></span> <span class='ocrx_word' id='word_1_261' title='bbox 1156 3899 1357 3992; x_wconf 88' lang='lat' dir='ltr'><strong>episcopus,</strong></span> <span class='ocrx_word' id='word_1_262' title='bbox 1391 3921 1435 3974; x_wconf 90' lang='lat' dir='ltr'><strong>ne</strong></span> <span class='ocrx_word' id='word_1_263' title='bbox 1462 3897 1642 3972; x_wconf 85' lang='lat' dir='ltr'><strong>occasione</strong></span> 
     </span>
     <span class='ocr_line' id='line_1_29' title="bbox 95 4015 1642 4112; baseline -0.002 -21"><span class='ocrx_word' id='word_1_264' title='bbox 95 4019 169 4107; x_wconf 89' lang='lat' dir='ltr'><strong>sni,</strong></span> <span class='ocrx_word' id='word_1_265' title='bbox 198 4019 313 4111; x_wconf 88' lang='lat' dir='ltr'><strong>patria</strong></span> <span class='ocrx_word' id='word_1_266' title='bbox 340 4019 509 4091; x_wconf 90' lang='lat' dir='ltr'><strong>intestino</strong></span> <span class='ocrx_word' id='word_1_267' title='bbox 536 4019 710 4092; x_wconf 91' lang='lat' dir='ltr'><strong>laboraret</strong></span> <span class='ocrx_word' id='word_1_268' title='bbox 736 4020 847 4108; x_wconf 92' lang='lat' dir='ltr'><strong>bello,</strong></span> <span class='ocrx_word' id='word_1_269' title='bbox 876 4021 967 4112; x_wconf 92' lang='lat' dir='ltr'><strong>quod</strong></span> <span class='ocrx_word' id='word_1_270' title='bbox 995 4019 1138 4093; x_wconf 89' lang='lat' dir='ltr'><strong>indubie</strong></span> <span class='ocrx_word' id='word_1_271' title='bbox 1165 4019 1307 4092; x_wconf 89' lang='lat' dir='ltr'><strong>rebatur</strong></span> <span class='ocrx_word' id='word_1_272' title='bbox 1325 4019 1369 4092; x_wconf 91' lang='lat' dir='ltr'><strong>ab</strong></span> <span class='ocrx_word' id='word_1_273' title='bbox 1387 4018 1581 4106; x_wconf 89' lang='lat' dir='ltr'><strong>universis,</strong></span> <span class='ocrx_word' id='word_1_274' title='bbox 1610 4015 1642 4089; x_wconf 92' lang='lat' dir='ltr'><strong>si</strong></span> 
     </span>
     <span class='ocr_line' id='line_1_30' title="bbox 96 4138 1641 4230; baseline -0.002 -18"><span class='ocrx_word' id='word_1_275' title='bbox 96 4146 252 4212; x_wconf 90' lang='lat' dir='ltr'><strong>castrum</strong></span> <span class='ocrx_word' id='word_1_276' title='bbox 279 4138 572 4230; x_wconf 66' lang='lat' dir='ltr'><strong>PyandnicaovI)</strong></span> <span class='ocrx_word' id='word_1_277' title='bbox 600 4139 834 4224; x_wconf 86' lang='lat' dir='ltr'><strong>obsideretur,</strong></span> <span class='ocrx_word' id='word_1_278' title='bbox 863 4145 1080 4228; x_wconf 89' lang='lat' dir='ltr'><strong>secuturum,</strong></span> <span class='ocrx_word' id='word_1_279' title='bbox 1111 4159 1154 4212; x_wconf 87' lang='lat' dir='ltr'><strong>ex</strong></span> <span class='ocrx_word' id='word_1_280' title='bbox 1183 4144 1297 4212; x_wconf 90' lang='lat' dir='ltr'><strong>castro</strong></span> <span class='ocrx_word' id='word_1_281' title='bbox 1323 4139 1480 4230; x_wconf 84' lang='lat' dir='ltr'><strong>praefato</strong></span> <span class='ocrx_word' id='word_1_282' title='bbox 1499 4139 1641 4210; x_wconf 90' lang='lat' dir='ltr'><strong>descen·</strong></span> 
     </span>
     <span class='ocr_line' id='line_1_31' title="bbox 96 4257 1642 4348; baseline -0.001 -18"><span class='ocrx_word' id='word_1_283' title='bbox 96 4259 200 4348; x_wconf 86' lang='lat' dir='ltr'><strong>dens,</strong></span> <span class='ocrx_word' id='word_1_284' title='bbox 228 4259 266 4331; x_wconf 91' lang='lat' dir='ltr'><strong>in</strong></span> <span class='ocrx_word' id='word_1_285' title='bbox 293 4257 470 4330; x_wconf 83' lang='lat' dir='ltr'><strong>Thancain</strong></span> <span class='ocrx_word' id='word_1_286' title='bbox 497 4259 540 4330; x_wconf 86' lang='lat' dir='ltr'><strong>ad</strong></span> <span class='ocrx_word' id='word_1_287' title='bbox 568 4259 759 4331; x_wconf 89' lang='lat' dir='ltr'><strong>Iohannem</strong></span> <span class='ocrx_word' id='word_1_288' title='bbox 779 4259 821 4332; x_wconf 92' lang='lat' dir='ltr'><strong>de</strong></span> <span class='ocrx_word' id='word_1_289' title='bbox 839 4259 1015 4332; x_wconf 82' lang='lat' dir='ltr'><strong>Thaucnin</strong></span> <span class='ocrx_word' id='word_1_290' title='bbox 1039 4260 1269 4332; x_wconf 90' lang='lat' dir='ltr'><strong>castellanum</strong></span> <span class='ocrx_word' id='word_1_291' title='bbox 1297 4257 1574 4345; x_wconf 86' lang='lat' dir='ltr'><strong>cracoviensem,</strong></span> <span class='ocrx_word' id='word_1_292' title='bbox 1602 4257 1642 4328; x_wconf 88' lang='lat' dir='ltr'><strong>fi-</strong></span> 
     </span>
     <span class='ocr_line' id='line_1_32' title="bbox 97 4375 1642 4472; baseline -0.001 -22"><span class='ocrx_word' id='word_1_293' title='bbox 97 4377 210 4452; x_wconf 85' lang='lat' dir='ltr'><strong>delem</strong></span> <span class='ocrx_word' id='word_1_294' title='bbox 238 4399 339 4450; x_wconf 89' lang='lat' dir='ltr'><strong>snum</strong></span> <span class='ocrx_word' id='word_1_295' title='bbox 367 4382 402 4451; x_wconf 92' lang='lat' dir='ltr'><strong>et</strong></span> <span class='ocrx_word' id='word_1_296' title='bbox 429 4399 514 4450; x_wconf 89' lang='lat' dir='ltr'><strong>suae</strong></span> <span class='ocrx_word' id='word_1_297' title='bbox 540 4399 665 4451; x_wconf 89' lang='lat' dir='ltr'><strong>causae</strong></span> <span class='ocrx_word' id='word_1_298' title='bbox 691 4378 972 4472; x_wconf 81' lang='lat' dir='ltr'><strong>suffragatorem,</strong></span> <span class='ocrx_word' id='word_1_299' title='bbox 993 4400 1030 4452; x_wconf 90' lang='lat' dir='ltr'><strong>ee</strong></span> <span class='ocrx_word' id='word_1_300' title='bbox 1048 4380 1243 4466; x_wconf 84' lang='lat' dir='ltr'><strong>conferens,</strong></span> <span class='ocrx_word' id='word_1_301' title='bbox 1263 4379 1409 4451; x_wconf 84' lang='lat' dir='ltr'><strong>Romam</strong></span> <span class='ocrx_word' id='word_1_302' title='bbox 1428 4376 1552 4450; x_wconf 89' lang='lat' dir='ltr'><strong>abinde</strong></span> <span class='ocrx_word' id='word_1_303' title='bbox 1571 4375 1642 4449; x_wconf 86' lang='lat' dir='ltr'><strong>dis·</strong></span> 
     </span>
     <span class='ocr_line' id='line_1_33' title="bbox 98 4495 1642 4590; baseline -0.004 -17"><span class='ocrx_word' id='word_1_304' title='bbox 98 4500 234 4584; x_wconf 84' lang='lat' dir='ltr'><strong>cedere,</strong></span> <span class='ocrx_word' id='word_1_305' title='bbox 262 4498 437 4589; x_wconf 90' lang='lat' dir='ltr'><strong>rebusque</strong></span> <span class='ocrx_word' id='word_1_306' title='bbox 462 4496 537 4570; x_wconf 88' lang='lat' dir='ltr'><strong>suis</strong></span> <span class='ocrx_word' id='word_1_307' title='bbox 561 4497 597 4569; x_wconf 94' lang='lat' dir='ltr'><strong>in</strong></span> <span class='ocrx_word' id='word_1_308' title='bbox 624 4498 823 4588; x_wconf 87' lang='lat' dir='ltr'><strong>praeseutia</strong></span> <span class='ocrx_word' id='word_1_309' title='bbox 850 4504 1025 4571; x_wconf 90' lang='lat' dir='ltr'><strong>oratorum</strong></span> <span class='ocrx_word' id='word_1_310' title='bbox 1052 4498 1226 4590; x_wconf 92' lang='lat' dir='ltr'><strong>regiorum</strong></span> <span class='ocrx_word' id='word_1_311' title='bbox 1246 4499 1305 4586; x_wconf 86' lang='lat'><strong>¹⁰),</strong></span> <span class='ocrx_word' id='word_1_312' title='bbox 1344 4497 1511 4570; x_wconf 91' lang='lat' dir='ltr'><strong>Iohannis</strong></span> <span class='ocrx_word' id='word_1_313' title='bbox 1538 4495 1642 4569; x_wconf 88' lang='lat' dir='ltr'><strong>Rith·</strong></span> 
     </span>
     <span class='ocr_line' id='line_1_34' title="bbox 100 4615 1645 4712; baseline -0.003 -20"><span class='ocrx_word' id='word_1_314' title='bbox 100 4616 255 4712; x_wconf 78' lang='lat' dir='ltr'><strong>vvonski</strong></span> <span class='ocrx_word' id='word_1_315' title='bbox 282 4623 316 4690; x_wconf 89' lang='lat' dir='ltr'><strong>et</strong></span> <span class='ocrx_word' id='word_1_316' title='bbox 343 4616 505 4709; x_wconf 85' lang='lat' dir='ltr'><strong>Magistri</strong></span> <span class='ocrx_word' id='word_1_317' title='bbox 536 4617 689 4690; x_wconf 87' lang='lat' dir='ltr'><strong>Mathiae</strong></span> <span class='ocrx_word' id='word_1_318' title='bbox 728 4617 944 4690; x_wconf 87' lang='lat' dir='ltr'><strong>Racnansnki</strong></span> <span class='ocrx_word' id='word_1_319' title='bbox 963 4618 1020 4706; x_wconf 87' lang='lat'><strong>¹¹),</strong></span> <span class='ocrx_word' id='word_1_320' title='bbox 1049 4617 1232 4709; x_wconf 89' lang='lat' dir='ltr'><strong>providere</strong></span> <span class='ocrx_word' id='word_1_321' title='bbox 1265 4617 1469 4704; x_wconf 83' lang='lat' dir='ltr'><strong>festinabat3</strong></span> <span class='ocrx_word' id='word_1_322' title='bbox 1509 4617 1569 4690; x_wconf 84' lang='lat' dir='ltr'><strong>seh</strong></span> <span class='ocrx_word' id='word_1_323' title='bbox 1600 4615 1645 4688; x_wconf 90' lang='lat' dir='ltr'><strong>ab</strong></span> 
     </span>
     <span class='ocr_line' id='line_1_35' title="bbox 100 4736 1643 4830; baseline -0.002 -19"><span class='ocrx_word' id='word_1_324' title='bbox 100 4739 320 4811; x_wconf 88' lang='lat' dir='ltr'><strong>adolescente</strong></span> <span class='ocrx_word' id='word_1_325' title='bbox 349 4736 516 4828; x_wconf 90' lang='lat' dir='ltr'><strong>ingenuo,</strong></span> <span class='ocrx_word' id='word_1_326' title='bbox 544 4758 663 4828; x_wconf 90' lang='lat' dir='ltr'><strong>parem</strong></span> <span class='ocrx_word' id='word_1_327' title='bbox 689 4759 751 4828; x_wconf 86' lang='lat' dir='ltr'><strong>pro</strong></span> <span class='ocrx_word' id='word_1_328' title='bbox 780 4759 820 4811; x_wconf 90' lang='lat' dir='ltr'><strong>oa</strong></span> <span class='ocrx_word' id='word_1_329' title='bbox 847 4743 1055 4830; x_wconf 88' lang='lat' dir='ltr'><strong>tempestate</strong></span> <span class='ocrx_word' id='word_1_330' title='bbox 1078 4759 1162 4810; x_wconf 92' lang='lat' dir='ltr'><strong>suae</strong></span> <span class='ocrx_word' id='word_1_331' title='bbox 1180 4737 1376 4830; x_wconf 88' lang='lat' dir='ltr'><strong>legalitatis</strong></span> <span class='ocrx_word' id='word_1_332' title='bbox 1394 4757 1463 4809; x_wconf 94' lang='lat' dir='ltr'><strong>uon</strong></span> <span class='ocrx_word' id='word_1_333' title='bbox 1481 4737 1643 4822; x_wconf 90' lang='lat' dir='ltr'><strong>habente,</strong></span> 
     </span>
     <span class='ocr_line' id='line_1_36' title="bbox 100 4855 1646 4949; baseline -0.003 -19"><span class='ocrx_word' id='word_1_334' title='bbox 100 4857 258 4930; x_wconf 88' lang='lat' dir='ltr'><strong>Iohanne</strong></span> <span class='ocrx_word' id='word_1_335' title='bbox 283 4855 527 4944; x_wconf 85' lang='lat' dir='ltr'><strong>llelsthiuslvi,</strong></span> <span class='ocrx_word' id='word_1_336' title='bbox 554 4856 640 4929; x_wconf 90' lang='lat' dir='ltr'><strong>licet</strong></span> <span class='ocrx_word' id='word_1_337' title='bbox 658 4862 693 4929; x_wconf 92' lang='lat' dir='ltr'><strong>et</strong></span> <span class='ocrx_word' id='word_1_338' title='bbox 711 4857 904 4949; x_wconf 89' lang='lat' dir='ltr'><strong>publicatio</strong></span> <span class='ocrx_word' id='word_1_339' title='bbox 923 4857 1108 4945; x_wconf 89' lang='lat' dir='ltr'><strong>bonorum,</strong></span> <span class='ocrx_word' id='word_1_340' title='bbox 1142 4856 1306 4945; x_wconf 84' lang='lat' dir='ltr'><strong>exilium,</strong></span> <span class='ocrx_word' id='word_1_341' title='bbox 1339 4877 1450 4945; x_wconf 89' lang='lat' dir='ltr'><strong>mors,</strong></span> <span class='ocrx_word' id='word_1_342' title='bbox 1476 4875 1646 4947; x_wconf 86' lang='lat' dir='ltr'><strong>propone-</strong></span> 
     </span>
    </p>
   </div>
   <div class='ocr_carea' id='block_1_3' title="bbox 105 5157 1647 5453">
    <p class='ocr_par' dir='ltr' id='par_1_3' title="bbox 105 5157 1647 5453">
     <span class='ocr_line' id='line_1_37' title="bbox 209 5157 1647 5247; baseline -0.005 -20"><span class='ocrx_word' id='word_1_343' title='bbox 209 5165 231 5244; x_wconf 89' lang='lat'><strong>¹)</strong></span> <span class='ocrx_word' id='word_1_344' title='bbox 254 5165 390 5243; x_wconf 84' lang='lat' dir='ltr'><strong>Rogalya</strong></span> <span class='ocrx_word' id='word_1_345' title='bbox 411 5161 474 5227; x_wconf 79' lang='lat' dir='ltr'><strong>Ed.</strong></span> <span class='ocrx_word' id='word_1_346' title='bbox 498 5161 589 5247; x_wconf 73' lang='lat' dir='ltr'><strong>Ia‘po.</strong></span> <span class='ocrx_word' id='word_1_347' title='bbox 616 5161 835 5244; x_wconf 70' lang='lat' dir='ltr'><strong>⁹)Pyenianelr</strong></span> <span class='ocrx_word' id='word_1_348' title='bbox 857 5159 920 5225; x_wconf 82' lang='lat' dir='ltr'><strong>Ed.</strong></span> <span class='ocrx_word' id='word_1_349' title='bbox 944 5160 1037 5245; x_wconf 81' lang='lat' dir='ltr'><strong>Lipa.</strong></span> <span class='ocrx_word' id='word_1_350' title='bbox 1069 5159 1094 5240; x_wconf 79' lang='lat'><strong>³)</strong></span> <span class='ocrx_word' id='word_1_351' title='bbox 1118 5166 1223 5239; x_wconf 89' lang='lat' dir='ltr'><strong>postea</strong></span> <span class='ocrx_word' id='word_1_352' title='bbox 1244 5157 1309 5222; x_wconf 82' lang='lat' dir='ltr'><strong>Ed.</strong></span> <span class='ocrx_word' id='word_1_353' title='bbox 1332 5157 1423 5242; x_wconf 83' lang='lat' dir='ltr'><strong>Lips.</strong></span> <span class='ocrx_word' id='word_1_354' title='bbox 1456 5157 1482 5240; x_wconf 92' lang='lat'><strong>⁴)</strong></span> <span class='ocrx_word' id='word_1_355' title='bbox 1505 5159 1647 5221; x_wconf 84' lang='lat' dir='ltr'><strong>calmutio</strong></span> 
     </span>
     <span class='ocr_line' id='line_1_38' title="bbox 105 5257 1647 5347; baseline -0.005 -15"><span class='ocrx_word' id='word_1_356' title='bbox 105 5265 180 5332; x_wconf 78' lang='lat' dir='ltr'><strong>cod.</strong></span> <span class='ocrx_word' id='word_1_357' title='bbox 202 5267 311 5331; x_wconf 80' lang='lat' dir='ltr'><strong>Pracz.</strong></span> <span class='ocrx_word' id='word_1_358' title='bbox 336 5266 362 5347; x_wconf 62' lang='grc'><strong>5)</strong></span> <span class='ocrx_word' id='word_1_359' title='bbox 384 5268 544 5346; x_wconf 76' lang='lat' dir='ltr'><strong>Pieniazelr</strong></span> <span class='ocrx_word' id='word_1_360' title='bbox 568 5263 644 5330; x_wconf 77' lang='lat' dir='ltr'><strong>coc.</strong></span> <span class='ocrx_word' id='word_1_361' title='bbox 667 5264 776 5328; x_wconf 80' lang='lat' dir='ltr'><strong>Praea.</strong></span> <span class='ocrx_word' id='word_1_362' title='bbox 801 5265 827 5346; x_wconf 81' lang='lat'><strong>⁸)</strong></span> <span class='ocrx_word' id='word_1_363' title='bbox 848 5267 972 5328; x_wconf 86' lang='lat' dir='ltr'><strong>Ptanovv</strong></span> <span class='ocrx_word' id='word_1_364' title='bbox 996 5261 1073 5326; x_wconf 80' lang='lat' dir='ltr'><strong>cod.</strong></span> <span class='ocrx_word' id='word_1_365' title='bbox 1097 5259 1185 5326; x_wconf 86' lang='lat' dir='ltr'><strong>Calo.</strong></span> <span class='ocrx_word' id='word_1_366' title='bbox 1211 5262 1236 5332; x_wconf 77' lang='grc'><strong>7)</strong></span> <span class='ocrx_word' id='word_1_367' title='bbox 1257 5264 1425 5324; x_wconf 84' lang='lat' dir='ltr'><strong>Wierabica</strong></span> <span class='ocrx_word' id='word_1_368' title='bbox 1445 5257 1522 5325; x_wconf 79' lang='lat' dir='ltr'><strong>Coc.</strong></span> <span class='ocrx_word' id='word_1_369' title='bbox 1538 5259 1647 5324; x_wconf 83' lang='lat' dir='ltr'><strong>Praea.</strong></span> 
     </span>
     <span class='ocr_line' id='line_1_39' title="bbox 105 5361 1646 5453; baseline -0.004 -19"><span class='ocrx_word' id='word_1_370' title='bbox 105 5370 278 5448; x_wconf 75' lang='lat' dir='ltr'><strong>&#39;llacobua</strong></span> <span class='ocrx_word' id='word_1_371' title='bbox 300 5370 486 5448; x_wconf 78' lang='lat' dir='ltr'><strong>Syeuueuelri</strong></span> <span class='ocrx_word' id='word_1_372' title='bbox 508 5367 572 5433; x_wconf 81' lang='lat' dir='ltr'><strong>Ed.</strong></span> <span class='ocrx_word' id='word_1_373' title='bbox 595 5367 685 5453; x_wconf 78' lang='lat' dir='ltr'><strong>La&#39;pa.</strong></span> <span class='ocrx_word' id='word_1_374' title='bbox 708 5368 735 5448; x_wconf 73' lang='lat'><strong>⁹)</strong></span> <span class='ocrx_word' id='word_1_375' title='bbox 759 5370 896 5431; x_wconf 85' lang='lat' dir='ltr'><strong>Pincaovv</strong></span> <span class='ocrx_word' id='word_1_376' title='bbox 919 5364 995 5434; x_wconf 77' lang='lat' dir='ltr'><strong>coc.</strong></span> <span class='ocrx_word' id='word_1_377' title='bbox 1018 5364 1127 5430; x_wconf 81' lang='lat' dir='ltr'><strong>Praea.</strong></span> <span class='ocrx_word' id='word_1_378' title='bbox 1156 5364 1193 5444; x_wconf 84' lang='lat'><strong>¹⁰)</strong></span> <span class='ocrx_word' id='word_1_379' title='bbox 1214 5365 1306 5442; x_wconf 83' lang='lat' dir='ltr'><strong>Regia</strong></span> <span class='ocrx_word' id='word_1_380' title='bbox 1322 5365 1457 5428; x_wconf 79' lang='lat' dir='ltr'><strong>casimiri</strong></span> <span class='ocrx_word' id='word_1_381' title='bbox 1472 5361 1536 5428; x_wconf 73' lang='lat' dir='ltr'><strong>Ea.</strong></span> <span class='ocrx_word' id='word_1_382' title='bbox 1553 5361 1646 5448; x_wconf 82' lang='lat' dir='ltr'><strong>Lipa.</strong></span> 
     </span>
    </p>
   </div>
   <div class='ocr_carea' id='block_1_4' title="bbox 110 5469 537 5556">
    <p class='ocr_par' dir='ltr' id='par_1_4' title="bbox 110 5469 537 5556">
     <span class='ocr_line' id='line_1_40' title="bbox 110 5469 537 5556; baseline 0.002 -22"><span class='ocrx_word' id='word_1_383' title='bbox 110 5473 148 5555; x_wconf 92' lang='lat'><strong>¹¹)</strong></span> <span class='ocrx_word' id='word_1_384' title='bbox 169 5473 338 5553; x_wconf 71' lang='lat' dir='ltr'><strong>Baoayaski</strong></span> <span class='ocrx_word' id='word_1_385' title='bbox 361 5469 423 5536; x_wconf 77' lang='lat' dir='ltr'><strong>Ed.</strong></span> <span class='ocrx_word' id='word_1_386' title='bbox 447 5470 537 5556; x_wconf 79' lang='lat' dir='ltr'><strong>Lipa.</strong></span> 
     </span>
    </p>
   </div>
   <div class='ocr_carea' id='block_1_5' title="bbox 0 0 2078 6276">
    <p class='ocr_par' dir='ltr' id='par_1_5' title="bbox 0 0 2078 6276">
     <span class='ocr_line' id='line_1_41' title="bbox 0 0 2078 6276; baseline 0 0"><span class='ocrx_word' id='word_1_387' title='bbox 0 0 2078 6276; x_wconf 95' lang='lat' dir='ltr'><strong> </strong></span> 
     </span>
    </p>
   </div>
  </div>
 </body>
</html>
