4052 6286
350 560 426 636 ero
857 581 970 640 runnu
997 581 1243 646 epaunenses
1270 565 1384 652 (rur).
1620 558 1688 658 (Α
1704 557 1756 634 Β.
1776 553 1914 654 im)

348 769 469 839 eontra
495 767 640 858 Tereos,
670 766 707 839 iu
734 767 991 841 Catholieorum
1020 767 1269 842 exterminium
1288 772 1323 841 et
1341 773 1512 840 terrerum
1542 768 1730 840 eorundem
1756 785 1910 858 ooeupa

348 886 479 974 tionem
497 886 637 962 assidue
648 895 873 981 grassantes,
903 889 1022 982 labile
1040 895 1106 962 ost.
1136 889 1192 964 Ad
1211 897 1316 980 quam
1334 888 1419 962 lieet
1437 888 1604 962 Summus
1622 887 1793 960 Pontifex
1814 887 1906 958 Pau·

348 1007 406 1080 lus
434 1008 607 1081 serendus
634 1008 805 1102 Legatum
834 1009 1156 1086 anomianorum
1186 1009 1407 1096 Auditorum,
1443 1014 1478 1083 et
1504 1010 1700 1100 Imperator
1727 1009 1913 1081 Remane-

347 1149 426 1201 rum
453 1127 719 1202 ambasiatorom
738 1130 765 1218 ¹)
794 1150 913 1219 suum,
952 1129 1146 1218 misissent,
1181 1129 1337 1204 uenisset
1368 1130 1512 1222 insuper
1540 1132 1704 1222 frequens
1733 1148 1912 1201 numerus

347 1247 551 1342 Pantheum
577 1249 804 1338 Almauniae,
832 1255 868 1324 et
886 1250 1119 1344 quadraginta
1145 1255 1297 1343 quatuor
1324 1250 1509 1324 divitatem
1538 1257 1574 1324 et
1606 1251 1911 1327 communitatum

350 1369 470 1450 nuntii
493 1369 787 1464 eomparuissput,
817 1370 995 1463 uariisque
1014 1371 1225 1446 tractatibus
1241 1370 1271 1461 ²)
1300 1371 1441 1464 ingenia
1461 1372 1504 1446 ad
1522 1371 1782 1464 reprimendam
1804 1369 1916 1442 Terei

352 1489 535 1566 saevitiem
563 1491 662 1566 varia
689 1492 885 1568 suasissent
900 1490 943 1580 ³),
977 1492 1129 1586 siugulis
1162 1513 1261 1565 suam
1294 1513 1431 1585 oporam
1461 1492 1498 1566 in
1526 1513 1613 1584 opus
1642 1497 1712 1566 tam
1743 1509 1914 1564 neeessa-

349 1611 442 1686 rium
472 1612 739 1705 pollioeutibus:
776 1613 1009 1688 dueetemen
1036 1614 1175 1701 idoneo,
1206 1614 1277 1706 qni
1295 1633 1383 1688 onus
1410 1613 1448 1686 in
1475 1635 1513 1687 se
1540 1613 1737 1706 ausoiperot
1766 1616 1804 1685 et
1833 1633 1915 1684 sua-

350 1738 490 1826 ueptem
515 1739 665 1828 gereret,
694 1756 764 1808 non
792 1739 952 1818 extante,
981 1734 1094 1808 omnis
1122 1735 1188 1808 illa
1214 1734 1418 1822 solieitudo,
1451 1733 1595 1826 perinde
1621 1755 1661 1808 ee
1686 1734 1810 1808 radies
1843 1753 1917 1804 uon

351 1853 517 1942 subnixa,
548 1855 702 1936 euanuit.
731 1855 859 1932 Nuntii
886 1856 1074 1930 Belemiae
1101 1855 1210 1950 Regis
1239 1855 1395 1947 Georgii,
1424 1855 1594 1932 Albertus
1621 1855 1763 1930 Kostlra
1782 1859 1823 1928 ot
1845 1854 1915 1926 Be·

350 1975 511 2052 nediotus
539 1975 765 2052 ltithmelnor
780 1975 823 2066 ⁴),
852 1977 935 2050 lieet
962 1976 999 2048 in
1027 1983 1198 2069 apparatu
1226 1977 1453 2052 detentorum
1473 1985 1509 2050 et
1529 1977 1713 2068 sexaginta
1731 1995 1915 2067 equorum

350 2117 493 2190 nurnero
525 2096 562 2172 ie
589 2095 741 2170 diaetam
768 2097 970 2178 huiusmodi
997 2097 1195 2172 venisseut:
1225 2096 1377 2172 Fantino
1405 2101 1521 2170 temen
1544 2098 1677 2190 Legmu
1697 2096 1917 2189 apostoliae,

352 2216 540 2311 Georgium
566 2219 762 2310 praelatum
789 2239 852 2311 pro
879 2241 948 2291 uon
977 2219 1087 2312 Rege,
1117 2218 1177 2292 sed
1205 2217 1396 2307 haeretioo,
1424 2239 1446 2292 a
1473 2218 1616 2294 Summe
1644 2217 1823 2292 Pontifiee
1854 2217 1916 2294 de

351 2337 483 2431 posito,
510 2338 666 2431 privato,
695 2339 875 2428 damnate,
904 2343 1088 2414 oansureto
1107 2345 1142 2412 et
1160 2339 1347 2412 interdioto
1367 2338 1592 2427 aestimante,
1621 2361 1733 2431 neque
1763 2340 1919 2412 inerunt

351 2459 480 2548 auditi,
513 2481 626 2553 neque
657 2460 694 2536 iu
726 2460 942 2552 colloquium
975 2465 1036 2534 aut
1068 2481 1269 2534 consessum
1301 2459 1447 2534 admissi
1479 2465 1579 2548 sunt,
1613 2461 1673 2534 sed
1705 2483 1769 2552 per
1807 2481 1918 2532 omne

351 2586 491 2672 tempus
518 2581 653 2666 diaetae
680 2583 857 2673 praelatae
884 2581 1147 2656 eonversatioue
1167 2581 1439 2654 orthodoxorum
1457 2581 1508 2654 eis
1525 2586 1670 2674 negata,
1701 2601 1836 2673 magne
1857 2581 1915 2652 lu·

351 2700 465 2776 dibrio
492 2701 620 2790 habiti,
649 2701 732 2776 lieet
760 2703 892 2795 Regem
920 2723 1022 2776 suum
1050 2723 1128 2774 oum
1156 2702 1318 2777 omnibus
1346 2701 1535 2776 Bohemiae
1561 2703 1730 2794 pedentim
1760 2704 1799 2774 in
1821 2701 1917 2774 'l'ur-

355 2843 474 2898 oerum
501 2821 653 2911 bollum,
690 2821 819 2896 callido
851 2823 939 2896 satis
971 2823 1128 2916 ingenio,
1161 2843 1230 2901 non
1259 2823 1351 2914 quod
1377 2827 1555 2914 praestare
1581 2828 1742 2916 possent,
1777 2823 1848 2898 sed
1878 2831 1920 2898 ut

353 2941 633 3020 aestimationem
661 2944 769 3037 Regis
789 2944 852 3016 sui
876 2945 969 3035 apud
997 2943 1137 3037 ignaros
1164 2943 1327 3028 efferrent
1354 2947 1389 3016 et
1408 2943 1543 3016 feoiuus
1563 2965 1647 3018 suae
1665 2945 1831 3018 haeresis
1851 2944 1915 3018 ad·

353 3063 582 3152 emitterent,
599 3065 823 3138 obtulissent.
854 3064 920 3156 Qui
949 3065 1073 3138 deiude
1101 3064 1337 3138 subnectendo
1364 3064 1546 3155 petebant:
1576 3085 1619 3138 ne
1637 3065 1716 3140 Rex
1735 3065 1922 3154 eorumip·

286 3261 288 3267 ,
353 3183 620 3258 denuntiaretur
646 3188 686 3260 ut
713 3185 891 3276 priuatus,
920 3185 1105 3258 damnatus
1133 3191 1168 3258 et
1194 3184 1411 3272 haeretious;
1440 3185 1501 3258 sed
1528 3185 1645 3259 diaeta
1668 3186 1783 3258 altera
1801 3186 1916 3260 insti-

353 3308 447 3392 tute,
476 3305 513 3380 ie
540 3304 621 3378 fidei
649 3325 755 3380 eausa
781 3305 924 3380 daretur
951 3305 1019 3380 sibi
1047 3305 1227 3380 audientia
1253 3311 1289 3378 et
1315 3305 1528 3380 defensionis
1547 3306 1709 3378 faoeltes.
1739 3306 1798 3378 Ad
1818 3307 1919 3380 hane

353 3429 470 3510 eutem
498 3423 725 3518 ignominiam
752 3425 901 3519 Georgio
929 3427 1084 3518 praefato
1113 3431 1148 3500 et
1167 3426 1241 3500 seia
1260 3425 1331 3500 alia
1349 3426 1499 3500 aooessit
1516 3427 1700 3517 pernicies.
1728 3427 1918 3500 Iohannes

354 3545 599 3637 Eurynome),
629 3545 837 3625 Belemioae
863 3546 1019 3620 haeresis
1043 3551 1181 3635 vertex,
1210 3546 1352 3620 dolosus
1379 3547 1502 3640 auriga
1520 3553 1555 3620 et
1573 3547 1744 3620 scelestes
1764 3547 1917 3635 artifex,

356 3665 474 3742 subita
499 3665 655 3760 paralysi
674 3666 767 3758 apud
785 3667 934 3760 Pregem
953 3687 1157 3758 perennans,
1186 3666 1352 3758 loquendi
1370 3685 1473 3740 usum
1493 3666 1676 3755 amiserat,
1706 3667 1917 3742 iustissimo

356 3786 421 3862 Dei
452 3785 582 3862 iudioio
616 3787 650 3860 id
678 3807 880 3878 perpessus:
914 3792 955 3860 et
987 3786 1048 3877 qui
1081 3786 1246 3878 pestilera
1278 3787 1401 3878 lingua
1428 3787 1600 3878 plurimos
1626 3787 1663 3860 in
1691 3807 1852 3862 errorem
1882 3796 1919 3861 et

355 3907 629 3995 damnationem,
664 3906 857 3999 soorpionis
890 3927 984 3980 more
1016 3905 1180 4000 lingendo
1209 3911 1245 3978 et
1271 3905 1369 3979 virus
1401 3905 1630 3994 intendendo,
1665 3911 1848 3994 traxerat,
1879 3907 1918 3980 in

355 4027 478 4120 lingue
505 4028 582 4120 ipse
608 4027 733 4102 virens
760 4027 874 4100 adhue
900 4026 1134 4100 mutilationis
1163 4027 1311 4100 sentiret
1338 4033 1561 4100 tormentum.

354 4367 580 4464 umas-
601 4339 777 4473 lnpereter
798 4355 956 4473 hegen,
974 4340 1142 4458 ¹erarium
1169 4382 1423 4459 aarum
1446 4385 1481 4456 oi
1503 4383 1697 4480 pomula
1718 4381 1918 4458 ladem

643 4521 647 4530 ·
986 4505 1111 4591 ieeur,
1132 4505 1277 4586 pediu.

459 4751 559 4826 Girua
585 4752 806 4828 medietatem
834 4753 964 4828 mensis
984 4752 1156 4846 Augusti,
1184 4752 1433 4826 Therterorum
1451 4751 1831 4843 Imperatordloeigeri
1854 4753 1915 4825 ab·

357 4878 520 4967 sumptus
547 4878 618 4962 eat,
646 4878 681 4948 ot
708 4878 748 4946 ut
774 4873 938 4947 nonnulli
966 4875 1098 4961 ierunt,
1127 4895 1147 4946 a
1175 4872 1250 4946 suis
1278 4877 1483 4947 venenatus.
1512 4871 1581 4964 Qui
1608 4871 1674 4946 sub
1695 4871 1797 4947 omni
1821 4877 1917 4950 tem·

354 5016 438 5088 pore
466 4993 522 5067 sni
548 4993 695 5088 Imperii
720 5015 841 5087 paoem
868 4993 1035 5087 optimam
1062 5015 1141 5067 oum
1168 4994 1289 5088 Regno
1316 4991 1484 5066 Poloniee
1513 4997 1548 5066 et
1576 4992 1680 5066 terris
1704 4993 1865 5066 Russiae
1881 4995 1914 5082 τ)

465 5287 489 5367 ¹)
512 5288 668 5358 Oratorem
689 5285 754 5352 Ed.
777 5285 869 5372 lupe.
900 5286 927 5367 ²)
949 5287 1084 5363 variique
1113 5290 1256 5350 emetur
1287 5283 1351 5352 Ed.
1375 5283 1465 5369 Le'pa.
1499 5284 1707 5364 ⁰laudassent
1728 5282 1794 5348 Ed.
1819 5282 1915 5368 La'pa.

359 5391 396 5473 ⁴),
409 5393 576 5462 Rithimilar
605 5389 669 5458 Ed.
699 5389 790 5475 Lipa
823 5390 851 5471 ⁵)
879 5393 943 5454 Rex
973 5409 1072 5454 eorem
1102 5391 1249 5470 Georgius
1279 5387 1342 5452 Ed.
1366 5387 1456 5476 Lipe.
1488 5387 1514 5470 ⁶)
1536 5389 1700 5452 Rokieein
1722 5378 1789 5451 Ed.
1814 5387 1914 5474 Lipa.

361 5494 387 5583 τ)
409 5496 552 5562 Perseia
571 5491 635 5568 Ed.
658 5492 750 5584 Lipa.
1369 5533 1373 5540 .
