4046 6278
395 553 469 628 398
905 581 1017 636 nmmn
1043 583 1288 636 nuonnonrus
1315 565 1429 653 (xmr).
1665 559 1733 660 (Α.
1752 561 1798 668 il.
1819 559 1939 658 rtet)

394 874 476 946 lare
499 825 638 963 iniecto,
661 877 842 951 [minim
864 879 934 951 ilex
956 880 998 952 ti
1020 879 1230 952 obsidendum
1252 880 1402 970 oppidum
1429 881 1525 954 love
1552 880 1734 971 peditatu
1756 881 1839 952 inae
1860 880 1939 952 io}

518 1013 619 1068 unone
641 999 855 1085 transmittit,
878 1000 932 1090 qui
955 1000 996 1070 ab
1018 999 1167 1072 tortian
1190 1000 1229 1072 oi
1252 1001 1453 1090 pontinia·
1474 1019 1604 1074 tuom
1627 1002 1822 1092 moligitur.

498 1245 679 1337 Dissipato
707 1247 804 1338 pacis
833 1251 1004 1334 tractatu,
1032 1247 1267 1322 Lubioaenses
1287 1249 1314 1337 ¹)
1346 1271 1407 1340 per
1434 1249 1545 1321 undas
1572 1255 1607 1322 et
1635 1250 1787 1339 Pelagus
1815 1249 1852 1320 in
1872 1249 1935 1321 Lu·

394 1365 515 1456 bilr2),
551 1387 656 1458 quam
687 1367 899 1459 gravissima
931 1367 1097 1459 epidimia
1128 1368 1367 1457 constrictam,
1402 1374 1437 1441 et
1464 1389 1581 1442 omnes
1614 1389 1700 1460 pone
1736 1389 1820 1440 suos
1846 1390 1938 1460 repa·

394 1487 531 1559 nieruut
549 1489 736 1560 extinctos.
765 1487 966 1560 Kanimirus
985 1489 1063 1560 Rex
1079 1486 1109 1578 ³)
1138 1489 1230 1579 apud
1249 1489 1440 1581 Brnescnye
1459 1509 1581 1580 egens,
1608 1509 1669 1579 spe
1688 1487 1787 1579 pacis
1807 1489 1941 1575 omissa

396 1628 531 1679 omnem
559 1628 677 1679 curam
705 1609 748 1679 ad
776 1607 861 1681 holli
888 1613 1095 1699 apparatum
1123 1608 1290 1696 intendit,
1321 1614 1356 1681 et
1383 1609 1498 1682 virum
1526 1607 1669 1681 maioris
1688 1608 1815 1694 animi,
1845 1629 1942 1699 qnam

396 1726 551 1813 consilii,
582 1728 848 1816 Thomcnonem,
877 1729 920 1800 ad
948 1728 1176 1802 obsidendum
1204 1729 1369 1819 oppidum
1402 1729 1614 1802 Novacum
1642 1728 1806 1820 peditatu
1834 1734 1942 1800 trans

396 1845 505 1918 misit.
535 1847 602 1919 Sed
631 1867 709 1919 cum
737 1848 784 1934 is,
813 1848 952 1920 iniussu
980 1849 1104 1940 Regis,
1135 1848 1311 1939 equitatu,
1341 1849 1401 1940 qni
1429 1870 1472 1922 ax
1500 1850 1630 1940 Gnyev
1657 1853 1693 1921 et
1720 1869 1766 1920 an
1795 1848 1881 1920 aliis
1898 1849 1942 1919 lo

396 1966 447 2038 cis
476 1966 541 2039 sub
569 1967 698 2039 ducatu
726 1967 823 2041 Petri
850 1969 969 2041 Duuin
989 1967 1232 2041 svuccamerurii
1252 1967 1546 2041 Sandomiriensis
1564 1973 1738 2040 venturus
1759 1988 1869 2059 prope
1886 1968 1942 2040 ho·

286 2097 295 2118 '
395 2106 468 2158 ram
488 2091 578 2174 orat,
604 2108 672 2158 non
696 2091 896 2178 expectato,
924 2086 1092 2175 Sabbato,
1117 2069 1285 2159 vicesima
1304 2093 1427 2159 octava
1452 2089 1538 2160 Iulii
1553 2088 1597 2176 ⁴),
1628 2088 1736 2160 Nove
1755 2088 1944 2159 chcumva

396 2207 522 2290 lasset,
542 2207 677 2294 hostes,
703 2207 880 2297 paucitate
898 2208 991 2294 visa,
1013 2227 1056 2279 ex
1076 2207 1237 2279 omuibus
1256 2207 1442 2298 praesidiis
1461 2208 1662 2299 glomerati,
1690 2215 1774 2299 post
1792 2207 1944 2279 triduum

396 2325 434 2398 in
460 2325 564 2396 illum
592 2346 612 2396 a
639 2331 735 2418 tergo
765 2331 800 2398 et
827 2348 847 2399 a
874 2328 987 2400 ironia
1019 2327 1174 2414 irruunt,
1208 2332 1244 2398 ei
1271 2327 1498 2400 multitudine
1527 2329 1624 2409 freti,
1659 2327 1766 2400 focile
1784 2328 1890 2399 illum
1917 2335 1945 2399 ai

397 2463 479 2517 suos
515 2445 709 2538 confligunt
726 2445 757 2535 5)
789 2451 825 2518 ot
853 2449 971 2537 lugere
1006 2446 1239 2537 ignominioso
1275 2449 1500 2538 compellunt.
1539 2449 1686 2520 Centum
1722 2452 1762 2520 et
1798 2447 1945 2538 amplius

396 2565 494 2639 luere
520 2565 637 2657 gladio
665 2572 701 2638 et
728 2566 832 2638 undis
860 2565 1064 2656 desiderati,
1099 2567 1262 2658 quoniam
1295 2569 1413 2640 hostes
1446 2568 1552 2641 etium
1579 2571 1731 2642 aetatem
1761 2568 1944 2656 infirmam,

396 2705 523 2777 pueros
551 2685 731 2774 videlicet,
761 2685 889 2778 quibus
916 2686 1084 2759 barbarus
1102 2707 1242 2779 parcere
1261 2688 1461 2775 cousuevit,
1491 2687 1726 2762 trucidabant.
1758 2687 1942 2760 Proreuis·

399 2809 454 2878 set
469 2803 629 2897 ¹amplior
655 2805 692 2878 in
719 2805 879 2897 peditatu
911 2807 1007 2900 regio
1040 2807 1173 2896 clades,
1207 2807 1267 2879 sed
1299 2829 1407 2880 naves
1438 2808 1555 2900 regiae
1583 2809 1620 2880 in
1649 2807 1770 2881 Wisla
1803 2812 1944 2893 stantes,

398 2932 627 2999 servaverunt
644 2925 825 3018 reliquias.
854 2925 940 2998 Fuit
967 2927 1158 3018 Thomyecn
1174 2927 1205 3016 6)
1233 2927 1309 3018 ipse
1327 2928 1369 2999 de
1390 2928 1512 3000 hostili
1536 2927 1720 3001 invasione
1739 2927 1946 3019 tempeative

398 3045 574 3134 avisatus,
604 3045 664 3118 ssd
691 3051 808 3119 tamen
834 3045 975 3119 incaute
993 3067 1115 3139 agens,
1146 3051 1181 3119 et
1199 3047 1363 3120 hostilem
1382 3069 1522 3120 manum
1540 3048 1646 3120 nihili
1673 3049 1852 3140 pendens,
1881 3049 1944 3121 olu-

397 3164 475 3238 dem
502 3165 631 3257 ipsam,
661 3185 764 3258 quam
793 3168 912 3239 hostes
939 3188 1001 3257 pro
1030 3187 1164 3240 summa
1192 3167 1422 3261 vulgaverant
1449 3167 1612 3257 victoria,
1642 3167 1800 3241 admisit.

296 3531 299 3536 ·
396 3517 536 3590 itanu
557 3519 792 3592 iblitnovrhi
814 3521 999 3594 tenutarion
1022 3521 1123 3593 uentri
1146 3520 1274 3593 &dlov
1297 3539 1340 3592 ox
1361 3520 1505 3594 lmovin
1523 3521 1675 3610 praalon
1691 3521 1855 3593 ducentes
1869 3524 1944 3592 sier·

396 3639 462 3725 uit;
486 3639 666 3711 [omnim
687 3659 765 3712 voro
787 3641 857 3714 ilex
879 3641 1007 3712 istrum
1029 3641 1132 3714 bunio
1155 3659 1227 3714 mm
1247 3642 1455 3714 merueratis
1470 3644 1505 3712 at
1520 3641 1723 3713 intitulata
1738 3641 1899 3713 militibus
1911 3659 1946 3712 tt

397 3759 598 3832 comouritur
628 3761 698 3833 suis
720 3761 762 3832 sd
784 3760 994 3832 obnitendum
1023 3762 1130 3834 denuo
1159 3761 1256 3833 iiovo
1286 3762 1496 3834 tramittit.
1525 3763 1698 3833 hasbina
1725 3762 1768 3833 te
1790 3779 1872 3851 paee
1896 3779 1945 3833 m·

961 3882 1129 3972 ammaon
1151 3881 1382 3970 reintegratur.

503 4129 545 4200 In
574 4127 691 4200 eadem
721 4127 888 4200 vicesima
915 4132 1037 4200 octava
1064 4127 1151 4199 Iulii
1166 4127 1196 4216 7)
1233 4127 1289 4199 dio
1317 4127 1428 4199 Adam
1461 4125 1717 4200 Wilhunovshi
1751 4128 1943 4200 tenuiarins

398 4247 516 4339 regius
544 4247 579 4319 in
608 4247 781 4340 Nidborg,
816 4268 894 4320 oum
926 4247 1090 4340 gentihus
1121 4246 1227 4339 regiis
1255 4267 1299 4318 ex
1327 4245 1510 4338 praesidiis
1543 4246 1685 4319 Sarnov
1718 4251 1755 4318 et
1791 4246 1943 4338 Nidborg

398 4367 573 4454 deductis,
604 4367 794 4440 Iohannem
823 4367 916 4459 Shop
945 4374 979 4440 et
1007 4367 1229 4454 Limbuoher,
1259 4367 1453 4439 tenniorios
1477 4366 1583 4438 castri
1602 4366 1754 4454 Sadlovv,
1785 4389 1940 4458 magnam

398 4487 561 4579 praedam
590 4508 634 4558 ex
663 4487 819 4560 Masovia
846 4489 1028 4573 ducentae,
1062 4491 1143 4559 ante
1170 4491 1322 4588 castrum
1356 4485 1492 4558 Sadlov
1521 4485 1742 4576 conflixit‘p,
1774 4492 1810 4558 et
1836 4487 1938 4577 pluri·
1967 4579 1972 4588 .

398 4606 464 4679 bus
493 4607 620 4694 caesis,
650 4614 803 4680 caeteros
831 4607 924 4698 cepit
943 4613 977 4680 ot
997 4609 1114 4699 lugere
1139 4607 1319 4698 compulit.
1349 4606 1488 4678 (iliadem
1503 4606 1535 4694 9)
1565 4606 1620 4677 sui
1638 4606 1821 4697 peditatus
1843 4607 1884 4677 ad
1901 4605 1938 4690 ¹⁰)

398 4727 505 4798 Nove
531 4731 708 4817 acceptam
728 4727 928 4799 Karimirus
948 4729 1028 4800 Rea
1045 4732 1263 4808 correcturus
1287 4725 1519 4818 (praedictum
1538 4725 1630 4798 enim
1649 4725 1834 4817 oppidum,
1853 4723 1937 4815 quod

398 4866 436 4918 se
464 4867 525 4937 per
552 4846 708 4918 fraudem
741 4847 978 4919 contribuerat
1009 4846 1188 4934 hostibus,
1222 4846 1373 4938 primum
1400 4845 1562 4936 placebat
1588 4845 1749 4937 aggredi,
1778 4850 1819 4916 ut
1844 4843 1934 4914 navi·

396 4966 493 5058 gatio
522 4966 674 5054 Wislee,
708 4987 796 5057 quae
827 4987 933 5058 prope
962 4967 1041 5038 fluit
1068 4966 1219 5054 moenia,
1252 4965 1363 5038 libera
1396 4973 1489 5037 esset
1515 4963 1641 5057 regiis,
1673 4964 1836 5036 hostibus
1861 4983 1934 5033 vero

507 5256 528 5335 ι)
553 5259 745 5319 Lubucenses
769 5254 831 5319 Ed.
855 5255 947 5338 Lips.
973 5255 1000 5338 Ω)
1024 5256 1129 5317 Lubek
1151 5251 1215 5317 Ed.
1238 5252 1329 5337 Im'pa.
1354 5253 1380 5331 ³)
1396 5255 1537 5315 Poloniae
1551 5255 1616 5315 Rex
1631 5249 1694 5314 Ed.
1712 5250 1803 5336 Lips.
1822 5250 1846 5326 ⁴)
1859 5271 1931 5312 men·

398 5359 440 5423 sia
462 5363 529 5422 Iulii
551 5357 615 5422 Ed.
639 5357 732 5442 Lipc.
757 5359 782 5440 5)
806 5361 965 5437 profligunt
987 5357 1050 5420 Ed.
1073 5357 1164 5442 Lipt.
1196 5354 1224 5440 ⁰)
1247 5358 1384 5419 Thomala
1406 5354 1469 5418 Ed.
1491 5354 1582 5440 Lipt.
1608 5354 1633 5434 ⁷)
1657 5358 1767 5417 mensis
1788 5357 1853 5416 Iulii
1875 5352 1931 5415 Ed.

398 5460 489 5546 Lipe.
514 5463 540 5544 8)
562 5464 731 5541 profligavit
752 5460 816 5525 Ed.
839 5461 931 5547 Lapa.
956 5460 983 5543 9)
1007 5461 1128 5524 Cladem
1150 5467 1248 5524 autem
1270 5457 1336 5528 Ed.
1361 5457 1454 5543 Lipa.
1482 5458 1522 5541 ¹⁰)
1545 5459 1623 5537 apud
1646 5456 1711 5522 Ed.
1735 5456 1822 5543 Lips.
