4046 6278
83 493 150 592 (Α.
171 494 216 568 ὓ.
237 491 363 592 1463.)
597 516 710 568 nnana
736 515 981 569 uuonacnrus
1008 498 1122 588 (xm).
1556 499 1629 576 371

83 701 200 776 sentia
216 701 345 776 civium
365 701 618 790 Gdanonsium,
647 701 914 795 Elbingeusium
942 707 976 776 et
1005 704 1283 777 'Ihorunensium
1313 709 1510 799 agerentur.
1545 708 1630 784 oon-

81 822 212 896 siliarii
240 843 376 915 quoque
395 823 422 911 ¹)
449 822 538 914 regii
564 822 602 894 in
629 819 800 912 Legatum
826 844 888 914 per
915 845 1083 916 organum
1112 824 1282 897 stanislai
1309 825 1351 898 de
1380 826 1547 922 Ostrorog
1569 849 1632 921 pa·

82 944 186 1017 latini
215 942 436 1018 Calissiensis
463 942 606 1036 gravius
626 942 772 1028 iuveoti,
802 964 871 1015 non
889 964 1009 1036 pacem
1028 943 1146 1030 illurn,
1167 966 1231 1036 pro
1250 967 1319 1037 qua
1336 967 1357 1018 a
1377 946 1518 1020 Summo
1538 948 1630 1022 Pon·

82 1066 176 1139 tifice
204 1064 417 1138 conficienda
444 1062 573 1136 missus
603 1063 731 1153 fuerat,
762 1063 823 1138 sed
851 1063 966 1157 ignem
991 1067 1026 1136 et
1043 1065 1199 1157 gladium
1226 1066 1367 1156 iecisse,
1397 1067 1632 1142 disserebant.

80 1187 124 1260 Iu
151 1188 245 1259 huuc
273 1206 411 1278 quoque
429 1185 568 1257 modum
586 1185 690 1256 rebus
715 1184 882 1274 turbatis,
911 1185 1009 1277 pacis
1037 1189 1243 1276 tractatum,
1272 1207 1334 1278 pro
1354 1208 1422 1279 quo
1441 1187 1558 1262 diaeta
1576 1189 1629 1261 in·

81 1309 175 1380 dicta
203 1313 293 1394 erat,
323 1306 504 1392 emittens,
533 1304 674 1396 petebat
701 1325 738 1378 se
766 1306 918 1398 Legatos
946 1305 984 1378 in
1011 1305 1211 1380 cracoviam
1244 1308 1393 1396 remitti,
1428 1308 1519 1382 circa
1551 1309 1630 1384 Ora·

80 1429 279 1502 atriensem
308 1427 506 1514 eeclesiam,
535 1425 636 1498 cuius
661 1430 735 1497 erat
754 1425 1031 1513 administrator,
1062 1426 1126 1499 sub
1146 1431 1316 1520 tempore,
1337 1450 1405 1520 quo
1425 1428 1628 1504 Karimirua

79 1551 157 1623 Rex
187 1571 231 1622 ex
258 1547 449 1620 hithuania
475 1547 512 1618 in
540 1545 722 1618 Poloniam
750 1546 894 1634 rediret,
924 1567 1121 1619 mansurus.
1152 1546 1220 1620 Sed
1248 1571 1327 1622 cum
1355 1569 1491 1643 quoque
1509 1550 1626 1624 condi-

81 1671 141 1744 tio·
156 1672 244 1743 haec
271 1669 340 1742 sibi
367 1691 387 1740 a
415 1667 626 1741 consiliariis
653 1665 761 1758 regiis
789 1667 959 1760 denegata
979 1667 1119 1756 fuisset,
1148 1689 1218 1740 non
1241 1670 1311 1742 iam
1330 1669 1451 1758 irasci,
1482 1670 1542 1744 sed
1563 1671 1629 1744 fre-

79 1813 172 1866 mere
200 1791 237 1863 in
266 1789 501 1876 consiliarios,
530 1787 715 1879 praecipue
747 1792 864 1860 tamon
892 1788 929 1860 in
956 1772 1148 1860 Iohannem
1176 1788 1509 1864 wladislaviensem
1537 1790 1627 1882 epis·

79 1933 219 2004 copum,
241 1910 482 1984 vehementius
501 1909 631 2001 coepit,
653 1913 688 1981 et
707 1929 751 1982 ex
770 1908 961 2002 Brrescnye
981 1929 1018 1982 se
1037 1909 1164 1982 festine
1184 1911 1365 2000 evolvens,
1386 1911 1422 1984 ln
1442 1909 1628 1985 Wratisla-

79 2033 172 2106 viam
201 2030 362 2118 divortit,
391 2035 427 2103 et
453 2029 530 2104 illie
557 2028 771 2102 mansionem
799 2028 977 2102 mensibus
1005 2028 1141 2122 aliquot
1172 2031 1397 2119 continuans,
1426 2032 1470 2103 ad
1496 2031 1629 2126 Regem

79 2152 298 2226 Katimirum
326 2152 448 2224 literas
475 2149 588 2239 dedit,
617 2149 745 2241 quibus
773 2169 810 2222 so
836 2169 960 2239 parum
987 2150 1133 2222 honeste
1161 2150 1253 2243 apud
1282 2151 1472 2245 Braesoaye
1499 2156 1627 2226 tracta·

79 2279 151 2346 111
181 2279 216 2347 11
244 2294 330 2365 pene
359 2273 545 2358 violatum,
575 2290 709 2342 omnem
736 2270 876 2360 culpam
904 2269 941 2340 in
968 2269 1159 2344 Iohannem
1186 2269 1517 2346 wladislaviensem
1536 2271 1627 2365 epis·

79 2416 201 2487 copum
230 2399 450 2485 retorquens,
485 2391 709 2496 querebatur,
746 2389 893 2463 offerens
921 2410 974 2478 se,
1007 2395 1088 2481 pest
1114 2391 1330 2484 multiplices
1358 2393 1627 2467 contumeliosas

79 2513 242 2601 iniurias,
273 2513 303 2586 si
331 2511 507 2605 ingratum
536 2510 626 2604 Regi
653 2530 722 2582 uon
750 2509 900 2599 essotl),
930 2515 965 2583 et
983 2511 1081 2584 locus
1101 2531 1244 2585 securus
1264 2511 1419 2603 dabitur,
1445 2532 1523 2586 cum
1542 2512 1625 2587 Gru·

79 2635 174 2709 citeri
203 2654 337 2707 omnem
365 2634 480 2706 locum
509 2631 654 2705 ditionis
681 2630 812 2723 regiae,
841 2635 1028 2723 postquam
1055 2629 1148 2722 apud
1175 2632 1366 2726 Brreaouye
1392 2653 1516 2726 pamm
1540 2633 1626 2708 fuis·

79 2761 154 2830 sent
182 2755 270 2843 tuti,
300 2754 467 2828 habereut
495 2757 714 2845 suspectum,
742 2772 804 2842 pro
831 2772 916 2842 pace
943 2751 1095 2825 fideliter
1122 2751 1373 2828 laboraturum.
1402 2753 1437 2826 N
1439 2774 1482 2826 on
1511 2755 1627 2828 tamen

78 2876 249 2968 posthae
276 2873 398 2946 literae
426 2895 463 2946 se
490 2871 683 2961 continuit,
717 2870 777 2944 aed
810 2871 968 2944 homiues
1000 2872 1185 2964 utriusque
1212 2893 1319 2946 sexus
1347 2893 1391 2948 ex
1418 2874 1626 2947 Pomerauia

80 3001 113 3068 et
137 2994 287 3067 Prussia
314 2994 350 3066 in
378 2992 661 3080 Wratislaviam,
689 3012 752 3083 pro
773 2990 829 3064 die
849 2991 969 3066 Sancti
996 2991 1163 3065 Iohannis
1191 2992 1392 3085 Baptistae,
1421 2994 1465 3066 ad
1493 3014 1624 3070 meren·

79 3115 157 3186 dum
181 3113 440 3206 indulgentiam
463 3113 547 3186 anui
570 3113 722 3186 Iubilaei
754 3112 951 3200 venientes,
985 3112 1022 3184 iu
1050 3134 1151 3186 suum
1179 3114 1294 3188 cubile
1323 3114 1556 3204 introductos,
1585 3119 1626 3189 ut

79 3234 244 3307 Poloniae
262 3234 357 3327 Rege
375 3235 527 3323 deserto,
557 3233 594 3306 in
622 3233 854 3306 obedientiam
879 3232 1041 3326 Magistri
1059 3233 1225 3308 Prussiae
1243 3239 1278 3308 et
1297 3233 1437 3310 Ordinis
1456 3239 1528 3308 tam
1547 3256 1624 3328 per-

79 3356 240 3428 suasione
268 3375 371 3446 quam
399 3359 529 3427 terrore
549 3353 743 3441 admonuit,
773 3353 979 3426 mulieribus
1004 3373 1157 3445 quoque,
1187 3375 1275 3446 quae
1293 3354 1387 3430 viros
1406 3355 1444 3427 in
1462 3354 1623 3430 obedieu-

79 3475 160 3546 tiam
193 3473 356 3566 Magistri
388 3478 424 3546 et
456 3473 597 3546 Ordinis
628 3473 795 3565 perlicere
828 3494 896 3544 non
924 3478 1082 3565 possent,
1117 3475 1290 3548 connubia
1322 3497 1440 3550 eorum
1467 3476 1635 3550 deserere·

78 3594 249 3681 iniunxit3
278 3594 339 3666 sed
367 3599 402 3666 et
430 3593 565 3667 Srrmmi
592 3593 775 3669 Pontificis
798 3615 899 3666 aures
928 3594 1080 3686 querelis
1100 3594 1141 3667 de
1160 3595 1315 3669 Iohanne
1334 3595 1625 3671 Wladielaviensi

79 3715 255 3807 episcopo,
285 3735 429 3806 carpens
458 3715 561 3787 illurn
589 3720 624 3788 11
651 3713 843 3788 multifarie
876 3735 1059 3803 accusans,
1089 3715 1261 3806 implevit.
1291 3717 1377 3788 Tum
1397 3736 1534 3808 qnoque
1551 3717 1622 3809 pri·

79 3835 304 3908 munatium
332 3835 374 3908 ub
402 3834 533 3907 invidis
561 3840 595 3908 11
625 3835 916 3909 obtrectatoribus
945 3840 1159 3927 compertum
1188 3841 1223 3908 et
1241 3836 1460 3910 intellectum
1489 3841 1558 3924 est,
1588 3842 1622 3911 11

79 3957 266 4029 multorum
294 3954 511 4028 sermonibus
539 3956 767 4044 celebratum,
797 3977 900 4049 quarn
928 3956 1059 4044 fidelis,
1089 3956 1225 4030 sincera
1243 3963 1278 4031 et
1296 3958 1420 4030 efficax
1439 3955 1559 4030 Iacobi
1578 3957 1620 4031 de

79 4075 188 4150 Sonno
218 4075 456 4149 cracoviensis
485 4075 639 4168 episcopi
667 4077 780 4149 ruerat
806 4076 1004 4169 persuasio,
1039 4076 1099 4168 qui
1127 4076 1229 4150 illum
1256 4076 1294 4150 in
1321 4097 1425 4151 causa
1456 4077 1621 4156 Prussiae

78 4197 277 4270 nullatenus
300 4195 337 4267 in
357 4194 526 4268 arbitrum
546 4197 792 4269 assumendum
812 4197 964 4285 monuit,
985 4203 1020 4269 et
1039 4217 1142 4289 quam
1161 4197 1243 4270 fidei
1261 4219 1344 4272 suae
1361 4218 1484 4289 parum
1502 4199 1619 4289 probe,

79 4316 157 4388 dum
184 4317 308 4388 literae
335 4315 435 4387 illius
463 4315 506 4388 ad
533 4315 741 4388 irritandum
769 4317 885 4408 Papae
912 4321 947 4390 et
974 4317 1098 4411 Legati
1126 4316 1260 4390 animos
1289 4318 1440 4390 fuissent
1468 4316 1619 4410 origina-

79 4436 156 4508 liter
183 4441 359 4524 ostensae,
389 4435 495 4508 fuerit
521 4457 737 4528 responsum.

180 4692 204 4776 ¹)
228 4694 317 4755 etiarn
339 4691 402 4758 Eu.
427 4691 519 4780 Le'pa.
544 4691 570 4774 ²)
594 4711 653 4756 non
675 4695 731 4758 erit
752 4691 816 4758 Ed.
839 4691 930 4777 Lipa.
