<?xml version="1.0" encoding="UTF-8"?>
<!DOCTYPE html PUBLIC "-//W3C//DTD XHTML 1.0 Transitional//EN"
    "http://www.w3.org/TR/xhtml1/DTD/xhtml1-transitional.dtd">
<html xmlns="http://www.w3.org/1999/xhtml" xml:lang="en" lang="en">
 <head>
  <title>
</title>
<meta http-equiv="Content-Type" content="text/html;charset=utf-8" />
  <meta name='ocr-system' content='tesseract 3.04.00' />
  <meta name='ocr-capabilities' content='ocr_page ocr_carea ocr_par ocr_line ocrx_word'/>
</head>
<body>
  <div class='ocr_page' id='page_1' title='image "./operaomnia06paulgoog_0210.png"; bbox 0 0 4126 6280; ppageno 0'>
   <div class='ocr_carea' id='block_1_1' title="bbox 390 557 1942 658">
    <p class='ocr_par' dir='ltr' id='par_1_1' title="bbox 390 557 1942 658">
     <span class='ocr_line' id='line_1_1' title="bbox 390 557 1942 658; baseline 0.001 -26"><span class='ocrx_word' id='word_1_1' title='bbox 390 561 463 634; x_wconf 87' lang='grc'><strong>198</strong></span> <span class='ocrx_word' id='word_1_2' title='bbox 896 580 1009 632; x_wconf 79' lang='lat' dir='ltr'><strong>urana</strong></span> <span class='ocrx_word' id='word_1_3' title='bbox 1036 579 1281 632; x_wconf 85' lang='lat' dir='ltr'><strong>nuonnomus</strong></span> <span class='ocrx_word' id='word_1_4' title='bbox 1309 561 1424 652; x_wconf 85' lang='lat' dir='ltr'><strong>(xm).</strong></span> <span class='ocrx_word' id='word_1_5' title='bbox 1660 557 1725 658; x_wconf 89' lang='grc' dir='ltr'><strong>(Α.</strong></span> <span class='ocrx_word' id='word_1_6' title='bbox 1747 558 1792 632; x_wconf 90' lang='lat' dir='ltr'><strong>D.</strong></span> <span class='ocrx_word' id='word_1_7' title='bbox 1812 557 1942 657; x_wconf 80' lang='grc'>1455.)</span> 
     </span>
    </p>
   </div>
   <div class='ocr_carea' id='block_1_2' title="bbox 387 764 1946 4000">
    <p class='ocr_par' dir='ltr' id='par_1_2' title="bbox 387 764 1946 4000">
     <span class='ocr_line' id='line_1_2' title="bbox 389 764 1941 861; baseline 0 -21"><span class='ocrx_word' id='word_1_8' title='bbox 389 767 668 840; x_wconf 78' lang='lat' dir='ltr'><strong>ordinationibus</strong></span> <span class='ocrx_word' id='word_1_9' title='bbox 696 766 733 839; x_wconf 92' lang='lat' dir='ltr'><strong>in</strong></span> <span class='ocrx_word' id='word_1_10' title='bbox 752 768 893 838; x_wconf 83' lang='lat' dir='ltr'><strong>Thorun</strong></span> <span class='ocrx_word' id='word_1_11' title='bbox 912 769 947 838; x_wconf 93' lang='lat' dir='ltr'><strong>et</strong></span> <span class='ocrx_word' id='word_1_12' title='bbox 965 764 1197 857; x_wconf 80' lang='lat' dir='ltr'><strong>Nyeschoua,</strong></span> <span class='ocrx_word' id='word_1_13' title='bbox 1228 771 1262 838; x_wconf 92' lang='lat' dir='ltr'><strong>et</strong></span> <span class='ocrx_word' id='word_1_14' title='bbox 1288 765 1393 838; x_wconf 91' lang='lat' dir='ltr'><strong>rebus</strong></span> <span class='ocrx_word' id='word_1_15' title='bbox 1413 767 1440 856; x_wconf 91' lang='lat'><strong>¹)</strong></span> <span class='ocrx_word' id='word_1_16' title='bbox 1469 766 1650 854; x_wconf 87' lang='lat' dir='ltr'><strong>Prassiae,</strong></span> <span class='ocrx_word' id='word_1_17' title='bbox 1679 771 1860 860; x_wconf 88' lang='lat' dir='ltr'><strong>utcunque</strong></span> <span class='ocrx_word' id='word_1_18' title='bbox 1878 789 1941 861; x_wconf 94' lang='lat' dir='ltr'><strong>po-</strong></span> 
     </span>
     <span class='ocr_line' id='line_1_3' title="bbox 388 883 1941 978; baseline 0.001 -18"><span class='ocrx_word' id='word_1_19' title='bbox 388 892 494 972; x_wconf 85' lang='lat' dir='ltr'><strong>terat,</strong></span> <span class='ocrx_word' id='word_1_20' title='bbox 523 888 560 960; x_wconf 94' lang='lat' dir='ltr'><strong>in</strong></span> <span class='ocrx_word' id='word_1_21' title='bbox 588 889 676 959; x_wconf 95' lang='lat' dir='ltr'><strong>bono</strong></span> <span class='ocrx_word' id='word_1_22' title='bbox 706 887 825 959; x_wconf 86' lang='lat' dir='ltr'><strong>ordine</strong></span> <span class='ocrx_word' id='word_1_23' title='bbox 855 885 1058 977; x_wconf 89' lang='lat' dir='ltr'><strong>compositis</strong></span> <span class='ocrx_word' id='word_1_24' title='bbox 1074 883 1119 974; x_wconf 83' lang='lat'><strong>²),</strong></span> <span class='ocrx_word' id='word_1_25' title='bbox 1148 907 1209 977; x_wconf 93' lang='lat' dir='ltr'><strong>per</strong></span> <span class='ocrx_word' id='word_1_26' title='bbox 1237 887 1428 978; x_wconf 79' lang='lat' dir='ltr'><strong>Braescnye</strong></span> <span class='ocrx_word' id='word_1_27' title='bbox 1451 887 1488 962; x_wconf 92' lang='lat' dir='ltr'><strong>in</strong></span> <span class='ocrx_word' id='word_1_28' title='bbox 1507 887 1724 976; x_wconf 91' lang='lat' dir='ltr'><strong>Lanciciam,</strong></span> <span class='ocrx_word' id='word_1_29' title='bbox 1753 889 1816 960; x_wconf 91' lang='lat' dir='ltr'><strong>ubi</strong></span> <span class='ocrx_word' id='word_1_30' title='bbox 1832 889 1941 961; x_wconf 89' lang='lat' dir='ltr'><strong>Prac-</strong></span> 
     </span>
     <span class='ocr_line' id='line_1_4' title="bbox 387 1006 1942 1098; baseline 0.001 -17"><span class='ocrx_word' id='word_1_31' title='bbox 387 1010 539 1081; x_wconf 89' lang='lat' dir='ltr'><strong>latorum</strong></span> <span class='ocrx_word' id='word_1_32' title='bbox 572 1014 607 1080; x_wconf 95' lang='lat' dir='ltr'><strong>et</strong></span> <span class='ocrx_word' id='word_1_33' title='bbox 633 1009 805 1080; x_wconf 91' lang='lat' dir='ltr'><strong>baronum</strong></span> <span class='ocrx_word' id='word_1_34' title='bbox 843 1007 1041 1098; x_wconf 90' lang='lat' dir='ltr'><strong>aliquorum</strong></span> <span class='ocrx_word' id='word_1_35' title='bbox 1078 1006 1193 1080; x_wconf 91' lang='lat' dir='ltr'><strong>tenuit</strong></span> <span class='ocrx_word' id='word_1_36' title='bbox 1229 1013 1454 1096; x_wconf 81' lang='lat' dir='ltr'><strong>conuentum,</strong></span> <span class='ocrx_word' id='word_1_37' title='bbox 1489 1015 1524 1082; x_wconf 90' lang='lat' dir='ltr'><strong>et</strong></span> <span class='ocrx_word' id='word_1_38' title='bbox 1555 1006 1616 1081; x_wconf 92' lang='lat' dir='ltr'><strong>ubi</strong></span> <span class='ocrx_word' id='word_1_39' title='bbox 1652 1009 1827 1082; x_wconf 83' lang='lat' dir='ltr'><strong>militibus</strong></span> <span class='ocrx_word' id='word_1_40' title='bbox 1867 1010 1942 1082; x_wconf 91' lang='lat' dir='ltr'><strong>suis</strong></span> 
     </span>
     <span class='ocr_line' id='line_1_5' title="bbox 387 1127 1942 1221; baseline 0 -19"><span class='ocrx_word' id='word_1_41' title='bbox 387 1130 553 1202; x_wconf 88' lang='lat' dir='ltr'><strong>Prussiae</strong></span> <span class='ocrx_word' id='word_1_42' title='bbox 580 1134 695 1202; x_wconf 88' lang='lat' dir='ltr'><strong>castra</strong></span> <span class='ocrx_word' id='word_1_43' title='bbox 722 1129 922 1202; x_wconf 89' lang='lat' dir='ltr'><strong>tenentibus</strong></span> <span class='ocrx_word' id='word_1_44' title='bbox 953 1127 1167 1220; x_wconf 81' lang='lat' dir='ltr'><strong>stipendium</strong></span> <span class='ocrx_word' id='word_1_45' title='bbox 1196 1129 1414 1218; x_wconf 78' lang='lat' dir='ltr'><strong>solvebatur,</strong></span> <span class='ocrx_word' id='word_1_46' title='bbox 1445 1129 1532 1210; x_wconf 86' lang='lat' dir='ltr'><strong>feria</strong></span> <span class='ocrx_word' id='word_1_47' title='bbox 1560 1130 1684 1221; x_wconf 91' lang='lat' dir='ltr'><strong>quinta</strong></span> <span class='ocrx_word' id='word_1_48' title='bbox 1711 1134 1792 1203; x_wconf 91' lang='lat' dir='ltr'><strong>ante</strong></span> <span class='ocrx_word' id='word_1_49' title='bbox 1811 1132 1942 1203; x_wconf 84' lang='lat' dir='ltr'><strong>testum</strong></span> 
     </span>
     <span class='ocr_line' id='line_1_6' title="bbox 388 1247 1941 1346; baseline -0.001 -22"><span class='ocrx_word' id='word_1_50' title='bbox 388 1249 649 1324; x_wconf 86' lang='lat' dir='ltr'><strong>Purificationis</strong></span> <span class='ocrx_word' id='word_1_51' title='bbox 679 1249 826 1322; x_wconf 88' lang='lat' dir='ltr'><strong>Sanctae</strong></span> <span class='ocrx_word' id='word_1_52' title='bbox 854 1250 984 1322; x_wconf 85' lang='lat' dir='ltr'><strong>Mariae</strong></span> <span class='ocrx_word' id='word_1_53' title='bbox 1001 1247 1031 1338; x_wconf 80' lang='lat'><strong>³)</strong></span> <span class='ocrx_word' id='word_1_54' title='bbox 1059 1250 1235 1341; x_wconf 82' lang='lat' dir='ltr'><strong>peruenit,</strong></span> <span class='ocrx_word' id='word_1_55' title='bbox 1266 1255 1300 1323; x_wconf 90' lang='lat' dir='ltr'><strong>et</strong></span> <span class='ocrx_word' id='word_1_56' title='bbox 1328 1250 1403 1346; x_wconf 92' lang='lat' dir='ltr'><strong>illic</strong></span> <span class='ocrx_word' id='word_1_57' title='bbox 1419 1251 1452 1340; x_wconf 90' lang='lat'><strong>¹)</strong></span> <span class='ocrx_word' id='word_1_58' title='bbox 1479 1251 1615 1344; x_wconf 88' lang='lat' dir='ltr'><strong>aliquot</strong></span> <span class='ocrx_word' id='word_1_59' title='bbox 1643 1251 1718 1323; x_wconf 90' lang='lat' dir='ltr'><strong>dies</strong></span> <span class='ocrx_word' id='word_1_60' title='bbox 1737 1251 1774 1322; x_wconf 91' lang='lat' dir='ltr'><strong>in</strong></span> <span class='ocrx_word' id='word_1_61' title='bbox 1795 1251 1941 1343; x_wconf 81' lang='lat' dir='ltr'><strong>cupedi-</strong></span> 
     </span>
     <span class='ocr_line' id='line_1_7' title="bbox 389 1369 1943 1463; baseline 0.001 -20"><span class='ocrx_word' id='word_1_62' title='bbox 389 1371 483 1444; x_wconf 91' lang='lat' dir='ltr'><strong>tione</strong></span> <span class='ocrx_word' id='word_1_63' title='bbox 510 1392 624 1445; x_wconf 91' lang='lat' dir='ltr'><strong>rerum</strong></span> <span class='ocrx_word' id='word_1_64' title='bbox 653 1369 891 1444; x_wconf 91' lang='lat' dir='ltr'><strong>occurentium</strong></span> <span class='ocrx_word' id='word_1_65' title='bbox 921 1374 1092 1459; x_wconf 90' lang='lat' dir='ltr'><strong>moratus,</strong></span> <span class='ocrx_word' id='word_1_66' title='bbox 1126 1369 1169 1442; x_wconf 91' lang='lat' dir='ltr'><strong>ad</strong></span> <span class='ocrx_word' id='word_1_67' title='bbox 1201 1371 1409 1463; x_wconf 83' lang='lat' dir='ltr'><strong>exigendum</strong></span> <span class='ocrx_word' id='word_1_68' title='bbox 1438 1371 1480 1446; x_wconf 90' lang='lat' dir='ltr'><strong>dc</strong></span> <span class='ocrx_word' id='word_1_69' title='bbox 1507 1371 1665 1463; x_wconf 89' lang='lat' dir='ltr'><strong>quolibet</strong></span> <span class='ocrx_word' id='word_1_70' title='bbox 1696 1373 1799 1445; x_wconf 87' lang='lat' dir='ltr'><strong>laneo</strong></span> <span class='ocrx_word' id='word_1_71' title='bbox 1832 1393 1943 1444; x_wconf 92' lang='lat' dir='ltr'><strong>unum</strong></span> 
     </span>
     <span class='ocr_line' id='line_1_8' title="bbox 389 1491 1944 1583; baseline 0 -19"><span class='ocrx_word' id='word_1_72' title='bbox 389 1494 558 1564; x_wconf 79' lang='lat' dir='ltr'><strong>fertonem</strong></span> <span class='ocrx_word' id='word_1_73' title='bbox 587 1491 623 1563; x_wconf 93' lang='lat' dir='ltr'><strong>in</strong></span> <span class='ocrx_word' id='word_1_74' title='bbox 651 1492 772 1583; x_wconf 89' lang='lat' dir='ltr'><strong>Regno</strong></span> <span class='ocrx_word' id='word_1_75' title='bbox 800 1491 968 1563; x_wconf 90' lang='lat' dir='ltr'><strong>Poloniae</strong></span> <span class='ocrx_word' id='word_1_76' title='bbox 995 1512 1056 1581; x_wconf 91' lang='lat' dir='ltr'><strong>pro</strong></span> <span class='ocrx_word' id='word_1_77' title='bbox 1086 1491 1242 1563; x_wconf 90' lang='lat' dir='ltr'><strong>subsidio</strong></span> <span class='ocrx_word' id='word_1_78' title='bbox 1270 1491 1357 1563; x_wconf 92' lang='lat' dir='ltr'><strong>belli</strong></span> <span class='ocrx_word' id='word_1_79' title='bbox 1383 1492 1606 1582; x_wconf 89' lang='lat' dir='ltr'><strong>Pruthenici‚</strong></span> <span class='ocrx_word' id='word_1_80' title='bbox 1641 1493 1678 1564; x_wconf 94' lang='lat' dir='ltr'><strong>in</strong></span> <span class='ocrx_word' id='word_1_81' title='bbox 1706 1493 1833 1565; x_wconf 90' lang='lat' dir='ltr'><strong>castris</strong></span> <span class='ocrx_word' id='word_1_82' title='bbox 1862 1499 1944 1564; x_wconf 86' lang='lat' dir='ltr'><strong>ante</strong></span> 
     </span>
     <span class='ocr_line' id='line_1_9' title="bbox 390 1612 1941 1705; baseline 0 -21"><span class='ocrx_word' id='word_1_83' title='bbox 390 1613 559 1684; x_wconf 85' lang='lat' dir='ltr'><strong>Lasanino</strong></span> <span class='ocrx_word' id='word_1_84' title='bbox 591 1613 723 1684; x_wconf 88' lang='lat' dir='ltr'><strong>habitis</strong></span> <span class='ocrx_word' id='word_1_85' title='bbox 755 1633 817 1704; x_wconf 90' lang='lat' dir='ltr'><strong>per</strong></span> <span class='ocrx_word' id='word_1_86' title='bbox 848 1612 1041 1685; x_wconf 85' lang='lat' dir='ltr'><strong>exercitum</strong></span> <span class='ocrx_word' id='word_1_87' title='bbox 1070 1613 1182 1705; x_wconf 87' lang='lat' dir='ltr'><strong>Regni</strong></span> <span class='ocrx_word' id='word_1_88' title='bbox 1210 1614 1437 1704; x_wconf 90' lang='lat' dir='ltr'><strong>promissum,</strong></span> <span class='ocrx_word' id='word_1_89' title='bbox 1472 1614 1675 1688; x_wconf 90' lang='lat' dir='ltr'><strong>collectores</strong></span> <span class='ocrx_word' id='word_1_90' title='bbox 1714 1613 1941 1684; x_wconf 79' lang='lat' dir='ltr'><strong>transmittit.</strong></span> 
     </span>
     <span class='ocr_line' id='line_1_10' title="bbox 391 1733 1945 1825; baseline -0.001 -19"><span class='ocrx_word' id='word_1_91' title='bbox 391 1733 460 1806; x_wconf 86' lang='lat' dir='ltr'><strong>Sed</strong></span> <span class='ocrx_word' id='word_1_92' title='bbox 492 1733 628 1806; x_wconf 89' lang='lat' dir='ltr'><strong>tardius</strong></span> <span class='ocrx_word' id='word_1_93' title='bbox 667 1733 783 1805; x_wconf 90' lang='lat' dir='ltr'><strong>omnia</strong></span> <span class='ocrx_word' id='word_1_94' title='bbox 819 1754 880 1824; x_wconf 89' lang='lat' dir='ltr'><strong>pro</strong></span> <span class='ocrx_word' id='word_1_95' title='bbox 913 1733 1123 1805; x_wconf 86' lang='lat' dir='ltr'><strong>necessitate</strong></span> <span class='ocrx_word' id='word_1_96' title='bbox 1156 1733 1389 1825; x_wconf 86' lang='lat' dir='ltr'><strong>indigentium</strong></span> <span class='ocrx_word' id='word_1_97' title='bbox 1421 1735 1651 1808; x_wconf 84' lang='lat' dir='ltr'><strong>mouebantur</strong></span> <span class='ocrx_word' id='word_1_98' title='bbox 1671 1735 1713 1824; x_wconf 83' lang='lat'><strong>⁵).</strong></span> <span class='ocrx_word' id='word_1_99' title='bbox 1756 1734 1945 1806; x_wconf 87' lang='lat' dir='ltr'><strong>Numisma</strong></span> 
     </span>
     <span class='ocr_line' id='line_1_11' title="bbox 389 1854 1940 1947; baseline -0.001 -21"><span class='ocrx_word' id='word_1_100' title='bbox 389 1877 518 1927; x_wconf 85' lang='lat' dir='ltr'><strong>norum</strong></span> <span class='ocrx_word' id='word_1_101' title='bbox 545 1855 582 1926; x_wconf 92' lang='lat' dir='ltr'><strong>in</strong></span> <span class='ocrx_word' id='word_1_102' title='bbox 609 1854 733 1927; x_wconf 91' lang='lat' dir='ltr'><strong>mediis</strong></span> <span class='ocrx_word' id='word_1_103' title='bbox 752 1854 885 1946; x_wconf 89' lang='lat' dir='ltr'><strong>grossis</strong></span> <span class='ocrx_word' id='word_1_104' title='bbox 904 1859 939 1926; x_wconf 90' lang='lat' dir='ltr'><strong>et</strong></span> <span class='ocrx_word' id='word_1_105' title='bbox 958 1859 1098 1926; x_wconf 91' lang='lat' dir='ltr'><strong>moneta</strong></span> <span class='ocrx_word' id='word_1_106' title='bbox 1117 1855 1307 1943; x_wconf 91' lang='lat' dir='ltr'><strong>communi,</strong></span> <span class='ocrx_word' id='word_1_107' title='bbox 1337 1855 1372 1927; x_wconf 94' lang='lat' dir='ltr'><strong>in</strong></span> <span class='ocrx_word' id='word_1_108' title='bbox 1400 1855 1486 1928; x_wconf 89' lang='lat' dir='ltr'><strong>urbe</strong></span> <span class='ocrx_word' id='word_1_109' title='bbox 1504 1855 1600 1947; x_wconf 86' lang='lat' dir='ltr'><strong>regia</strong></span> <span class='ocrx_word' id='word_1_110' title='bbox 1629 1854 1851 1930; x_wconf 81' lang='lat' dir='ltr'><strong>Cracoriensi</strong></span> <span class='ocrx_word' id='word_1_111' title='bbox 1881 1875 1940 1926; x_wconf 93' lang='lat' dir='ltr'><strong>cu-</strong></span> 
     </span>
     <span class='ocr_line' id='line_1_12' title="bbox 390 1975 1943 2067; baseline 0 -21"><span class='ocrx_word' id='word_1_112' title='bbox 390 1976 540 2048; x_wconf 89' lang='lat' dir='ltr'><strong>dendum</strong></span> <span class='ocrx_word' id='word_1_113' title='bbox 577 1975 794 2064; x_wconf 82' lang='lat' dir='ltr'><strong>decernit¹):</strong></span> <span class='ocrx_word' id='word_1_114' title='bbox 828 1996 896 2066; x_wconf 92' lang='lat' dir='ltr'><strong>quo</strong></span> <span class='ocrx_word' id='word_1_115' title='bbox 930 1975 1069 2047; x_wconf 83' lang='lat' dir='ltr'><strong>facilius</strong></span> <span class='ocrx_word' id='word_1_116' title='bbox 1107 1975 1284 2067; x_wconf 89' lang='lat' dir='ltr'><strong>impensae</strong></span> <span class='ocrx_word' id='word_1_117' title='bbox 1321 1997 1364 2048; x_wconf 87' lang='lat' dir='ltr'><strong>ex</strong></span> <span class='ocrx_word' id='word_1_118' title='bbox 1397 1975 1529 2050; x_wconf 85' lang='lat' dir='ltr'><strong>aerario</strong></span> <span class='ocrx_word' id='word_1_119' title='bbox 1564 1981 1722 2052; x_wconf 87' lang='lat' dir='ltr'><strong>monetae</strong></span> <span class='ocrx_word' id='word_1_120' title='bbox 1756 1997 1818 2066; x_wconf 92' lang='lat' dir='ltr'><strong>pro</strong></span> <span class='ocrx_word' id='word_1_121' title='bbox 1846 1975 1943 2048; x_wconf 90' lang='lat' dir='ltr'><strong>bello</strong></span> 
     </span>
     <span class='ocr_line' id='line_1_13' title="bbox 390 2095 1944 2192; baseline -0.001 -23"><span class='ocrx_word' id='word_1_122' title='bbox 390 2097 624 2169; x_wconf 90' lang='lat' dir='ltr'><strong>continuando</strong></span> <span class='ocrx_word' id='word_1_123' title='bbox 644 2097 857 2169; x_wconf 82' lang='lat' dir='ltr'><strong>sufficerent.</strong></span> <span class='ocrx_word' id='word_1_124' title='bbox 886 2097 969 2188; x_wconf 91' lang='lat' dir='ltr'><strong>Ipse</strong></span> <span class='ocrx_word' id='word_1_125' title='bbox 988 2097 1082 2183; x_wconf 83' lang='lat' dir='ltr'><strong>Rex,</strong></span> <span class='ocrx_word' id='word_1_126' title='bbox 1112 2095 1235 2168; x_wconf 88' lang='lat' dir='ltr'><strong>maiori</strong></span> <span class='ocrx_word' id='word_1_127' title='bbox 1254 2101 1353 2188; x_wconf 89' lang='lat' dir='ltr'><strong>parte</strong></span> <span class='ocrx_word' id='word_1_128' title='bbox 1372 2097 1512 2170; x_wconf 92' lang='lat' dir='ltr'><strong>consilii</strong></span> <span class='ocrx_word' id='word_1_129' title='bbox 1533 2097 1587 2169; x_wconf 91' lang='lat' dir='ltr'><strong>sui</strong></span> <span class='ocrx_word' id='word_1_130' title='bbox 1607 2097 1844 2192; x_wconf 85' lang='lat' dir='ltr'><strong>improbante,</strong></span> <span class='ocrx_word' id='word_1_131' title='bbox 1875 2117 1944 2188; x_wconf 87' lang='lat' dir='ltr'><strong>quo</strong></span> 
     </span>
     <span class='ocr_line' id='line_1_14' title="bbox 391 2217 1946 2309; baseline -0.002 -19"><span class='ocrx_word' id='word_1_132' title='bbox 391 2239 427 2290; x_wconf 91' lang='lat' dir='ltr'><strong>se</strong></span> <span class='ocrx_word' id='word_1_133' title='bbox 456 2217 741 2309; x_wconf 87' lang='lat' dir='ltr'><strong>occupationibus</strong></span> <span class='ocrx_word' id='word_1_134' title='bbox 783 2218 864 2308; x_wconf 90' lang='lat' dir='ltr'><strong>plus</strong></span> <span class='ocrx_word' id='word_1_135' title='bbox 897 2217 1001 2289; x_wconf 91' lang='lat' dir='ltr'><strong>solito</strong></span> <span class='ocrx_word' id='word_1_136' title='bbox 1030 2239 1108 2288; x_wconf 88' lang='lat' dir='ltr'><strong>oum</strong></span> <span class='ocrx_word' id='word_1_137' title='bbox 1137 2218 1364 2306; x_wconf 82' lang='lat' dir='ltr'><strong>vexantibus,</strong></span> <span class='ocrx_word' id='word_1_138' title='bbox 1395 2218 1619 2306; x_wconf 89' lang='lat' dir='ltr'><strong>subduceret,</strong></span> <span class='ocrx_word' id='word_1_139' title='bbox 1649 2239 1728 2290; x_wconf 93' lang='lat' dir='ltr'><strong>cum</strong></span> <span class='ocrx_word' id='word_1_140' title='bbox 1758 2217 1946 2290; x_wconf 82' lang='lat' dir='ltr'><strong>Elisabeth</strong></span> 
     </span>
     <span class='ocr_line' id='line_1_15' title="bbox 389 2337 1943 2431; baseline -0.001 -19"><span class='ocrx_word' id='word_1_141' title='bbox 389 2339 526 2430; x_wconf 87' lang='lat' dir='ltr'><strong>Regina</strong></span> <span class='ocrx_word' id='word_1_142' title='bbox 553 2344 711 2411; x_wconf 89' lang='lat' dir='ltr'><strong>consorte</strong></span> <span class='ocrx_word' id='word_1_143' title='bbox 728 2339 769 2426; x_wconf 89' lang='lat'><strong>¹),</strong></span> <span class='ocrx_word' id='word_1_144' title='bbox 799 2359 888 2430; x_wconf 89' lang='lat' dir='ltr'><strong>quae</strong></span> <span class='ocrx_word' id='word_1_145' title='bbox 915 2359 959 2410; x_wconf 83' lang='lat' dir='ltr'><strong>cx</strong></span> <span class='ocrx_word' id='word_1_146' title='bbox 988 2338 1182 2410; x_wconf 83' lang='lat' dir='ltr'><strong>Siradiensi</strong></span> <span class='ocrx_word' id='word_1_147' title='bbox 1210 2345 1340 2426; x_wconf 88' lang='lat' dir='ltr'><strong>castro,</strong></span> <span class='ocrx_word' id='word_1_148' title='bbox 1369 2339 1405 2410; x_wconf 92' lang='lat' dir='ltr'><strong>in</strong></span> <span class='ocrx_word' id='word_1_149' title='bbox 1434 2361 1502 2431; x_wconf 87' lang='lat' dir='ltr'><strong>quo</strong></span> <span class='ocrx_word' id='word_1_150' title='bbox 1530 2345 1685 2430; x_wconf 91' lang='lat' dir='ltr'><strong>tempore</strong></span> <span class='ocrx_word' id='word_1_151' title='bbox 1704 2337 1839 2427; x_wconf 81' lang='lat' dir='ltr'><strong>belli⁸)</strong></span> <span class='ocrx_word' id='word_1_152' title='bbox 1868 2359 1943 2410; x_wconf 87' lang='lat' dir='ltr'><strong>ma·</strong></span> 
     </span>
     <span class='ocr_line' id='line_1_16' title="bbox 389 2459 1945 2546; baseline -0.001 -14"><span class='ocrx_word' id='word_1_153' title='bbox 389 2461 515 2546; x_wconf 91' lang='lat' dir='ltr'><strong>nebat,</strong></span> <span class='ocrx_word' id='word_1_154' title='bbox 544 2460 587 2532; x_wconf 92' lang='lat' dir='ltr'><strong>ad</strong></span> <span class='ocrx_word' id='word_1_155' title='bbox 615 2481 692 2532; x_wconf 92' lang='lat' dir='ltr'><strong>eum</strong></span> <span class='ocrx_word' id='word_1_156' title='bbox 712 2459 748 2531; x_wconf 93' lang='lat' dir='ltr'><strong>in</strong></span> <span class='ocrx_word' id='word_1_157' title='bbox 766 2459 966 2532; x_wconf 86' lang='lat' dir='ltr'><strong>Lanoiciam</strong></span> <span class='ocrx_word' id='word_1_158' title='bbox 989 2461 1192 2546; x_wconf 88' lang='lat' dir='ltr'><strong>advenerat,</strong></span> <span class='ocrx_word' id='word_1_159' title='bbox 1222 2460 1380 2533; x_wconf 90' lang='lat' dir='ltr'><strong>remissis</strong></span> <span class='ocrx_word' id='word_1_160' title='bbox 1400 2460 1561 2533; x_wconf 91' lang='lat' dir='ltr'><strong>omnibus</strong></span> <span class='ocrx_word' id='word_1_161' title='bbox 1580 2462 1652 2533; x_wconf 85' lang='lat' dir='ltr'><strong>tere</strong></span> <span class='ocrx_word' id='word_1_162' title='bbox 1671 2460 1893 2533; x_wconf 88' lang='lat' dir='ltr'><strong>curiensibus</strong></span> <span class='ocrx_word' id='word_1_163' title='bbox 1911 2460 1945 2546; x_wconf 79' lang='lat'><strong>¹¹)</strong></span> 
     </span>
     <span class='ocr_line' id='line_1_17' title="bbox 390 2579 1942 2671; baseline -0.001 -19"><span class='ocrx_word' id='word_1_164' title='bbox 390 2580 464 2653; x_wconf 91' lang='lat' dir='ltr'><strong>suis</strong></span> <span class='ocrx_word' id='word_1_165' title='bbox 492 2581 651 2668; x_wconf 91' lang='lat' dir='ltr'><strong>Polonis,</strong></span> <span class='ocrx_word' id='word_1_166' title='bbox 685 2579 741 2652; x_wconf 85' lang='lat' dir='ltr'><strong>dia</strong></span> <span class='ocrx_word' id='word_1_167' title='bbox 769 2580 950 2652; x_wconf 89' lang='lat' dir='ltr'><strong>Dominico</strong></span> <span class='ocrx_word' id='word_1_168' title='bbox 974 2581 1236 2653; x_wconf 90' lang='lat' dir='ltr'><strong>Purificationis</strong></span> <span class='ocrx_word' id='word_1_169' title='bbox 1260 2581 1408 2654; x_wconf 87' lang='lat' dir='ltr'><strong>Sanctae</strong></span> <span class='ocrx_word' id='word_1_170' title='bbox 1441 2581 1571 2654; x_wconf 82' lang='lat' dir='ltr'><strong>Mariae</strong></span> <span class='ocrx_word' id='word_1_171' title='bbox 1590 2581 1647 2671; x_wconf 88' lang='lat'><strong>¹⁰),</strong></span> <span class='ocrx_word' id='word_1_172' title='bbox 1682 2601 1726 2653; x_wconf 82' lang='lat' dir='ltr'><strong>ex</strong></span> <span class='ocrx_word' id='word_1_173' title='bbox 1759 2580 1942 2667; x_wconf 87' lang='lat' dir='ltr'><strong>Lancicia,</strong></span> 
     </span>
     <span class='ocr_line' id='line_1_18' title="bbox 389 2700 1945 2804; baseline -0.001 -30"><span class='ocrx_word' id='word_1_174' title='bbox 389 2702 451 2774; x_wconf 92' lang='lat' dir='ltr'><strong>ubi</strong></span> <span class='ocrx_word' id='word_1_175' title='bbox 478 2707 562 2774; x_wconf 87' lang='lat' dir='ltr'><strong>tunc</strong></span> <span class='ocrx_word' id='word_1_176' title='bbox 588 2722 650 2794; x_wconf 90' lang='lat' dir='ltr'><strong>pro</strong></span> <span class='ocrx_word' id='word_1_177' title='bbox 679 2702 817 2774; x_wconf 85' lang='lat' dir='ltr'><strong>ferendo</strong></span> <span class='ocrx_word' id='word_1_178' title='bbox 845 2701 933 2794; x_wconf 84' lang='lat' dir='ltr'><strong>Regi</strong></span> <span class='ocrx_word' id='word_1_179' title='bbox 961 2701 1172 2773; x_wconf 83' lang='lat' dir='ltr'><strong>charitativo</strong></span> <span class='ocrx_word' id='word_1_180' title='bbox 1193 2702 1351 2774; x_wconf 90' lang='lat' dir='ltr'><strong>subsidio</strong></span> <span class='ocrx_word' id='word_1_181' title='bbox 1379 2702 1607 2795; x_wconf 87' lang='lat' dir='ltr'><strong>provincialis</strong></span> <span class='ocrx_word' id='word_1_182' title='bbox 1636 2701 1800 2804; x_wconf 71' lang='lat' dir='ltr'><strong>Synodus</strong></span> <span class='ocrx_word' id='word_1_183' title='bbox 1818 2700 1945 2772; x_wconf 89' lang='lat' dir='ltr'><strong>habita</strong></span> 
     </span>
     <span class='ocr_line' id='line_1_19' title="bbox 390 2820 1945 2916; baseline -0.003 -20"><span class='ocrx_word' id='word_1_184' title='bbox 390 2827 463 2912; x_wconf 90' lang='lat' dir='ltr'><strong>est,</strong></span> <span class='ocrx_word' id='word_1_185' title='bbox 484 2843 663 2916; x_wconf 91' lang='lat' dir='ltr'><strong>egressus,</strong></span> <span class='ocrx_word' id='word_1_186' title='bbox 684 2822 721 2894; x_wconf 94' lang='lat' dir='ltr'><strong>in</strong></span> <span class='ocrx_word' id='word_1_187' title='bbox 739 2821 966 2896; x_wconf 89' lang='lat' dir='ltr'><strong>Lithuaniam</strong></span> <span class='ocrx_word' id='word_1_188' title='bbox 985 2823 1170 2914; x_wconf 89' lang='lat' dir='ltr'><strong>processit,</strong></span> <span class='ocrx_word' id='word_1_189' title='bbox 1191 2828 1226 2896; x_wconf 91' lang='lat' dir='ltr'><strong>ot</strong></span> <span class='ocrx_word' id='word_1_190' title='bbox 1244 2824 1363 2914; x_wconf 88' lang='lat' dir='ltr'><strong>plures</strong></span> <span class='ocrx_word' id='word_1_191' title='bbox 1383 2827 1515 2910; x_wconf 89' lang='lat' dir='ltr'><strong>motus,</strong></span> <span class='ocrx_word' id='word_1_192' title='bbox 1536 2822 1653 2894; x_wconf 92' lang='lat' dir='ltr'><strong>studio</strong></span> <span class='ocrx_word' id='word_1_193' title='bbox 1674 2820 1878 2896; x_wconf 79' lang='lat' dir='ltr'><strong>Gasthawdi</strong></span> <span class='ocrx_word' id='word_1_194' title='bbox 1897 2822 1945 2908; x_wconf 88' lang='lat'><strong>¹¹)</strong></span> 
     </span>
     <span class='ocr_line' id='line_1_20' title="bbox 390 2943 1945 3035; baseline -0.003 -19"><span class='ocrx_word' id='word_1_195' title='bbox 390 2944 580 3032; x_wconf 84' lang='lat' dir='ltr'><strong>excitatos,</strong></span> <span class='ocrx_word' id='word_1_196' title='bbox 601 2943 831 3035; x_wconf 90' lang='lat' dir='ltr'><strong>compescuit,</strong></span> <span class='ocrx_word' id='word_1_197' title='bbox 852 2948 887 3015; x_wconf 88' lang='lat' dir='ltr'><strong>et</strong></span> <span class='ocrx_word' id='word_1_198' title='bbox 905 2943 1039 3015; x_wconf 90' lang='lat' dir='ltr'><strong>animos</strong></span> <span class='ocrx_word' id='word_1_199' title='bbox 1058 2943 1331 3026; x_wconf 85' lang='lat' dir='ltr'><strong>Lithuanornm,</strong></span> <span class='ocrx_word' id='word_1_200' title='bbox 1352 2943 1453 3015; x_wconf 88' lang='lat' dir='ltr'><strong>noris</strong></span> <span class='ocrx_word' id='word_1_201' title='bbox 1472 2943 1577 3015; x_wconf 90' lang='lat' dir='ltr'><strong>rebus</strong></span> <span class='ocrx_word' id='word_1_202' title='bbox 1596 2943 1797 3029; x_wconf 86' lang='lat' dir='ltr'><strong>studentes,</strong></span> <span class='ocrx_word' id='word_1_203' title='bbox 1822 2963 1843 3014; x_wconf 91' lang='lat' dir='ltr'><strong>a</strong></span> <span class='ocrx_word' id='word_1_204' title='bbox 1862 2963 1945 3033; x_wconf 91' lang='lat' dir='ltr'><strong>pro·</strong></span> 
     </span>
     <span class='ocr_line' id='line_1_21' title="bbox 390 3063 1946 3156; baseline -0.002 -20"><span class='ocrx_word' id='word_1_205' title='bbox 390 3063 505 3156; x_wconf 89' lang='lat' dir='ltr'><strong>posito</strong></span> <span class='ocrx_word' id='word_1_206' title='bbox 534 3063 675 3136; x_wconf 83' lang='lat' dir='ltr'><strong>auertit.</strong></span> <span class='ocrx_word' id='word_1_207' title='bbox 704 3065 747 3136; x_wconf 91' lang='lat' dir='ltr'><strong>In</strong></span> <span class='ocrx_word' id='word_1_208' title='bbox 774 3063 965 3136; x_wconf 91' lang='lat' dir='ltr'><strong>Lithuania</strong></span> <span class='ocrx_word' id='word_1_209' title='bbox 994 3085 1131 3156; x_wconf 89' lang='lat' dir='ltr'><strong>quoque</strong></span> <span class='ocrx_word' id='word_1_210' title='bbox 1160 3069 1297 3156; x_wconf 89' lang='lat' dir='ltr'><strong>tompus</strong></span> <span class='ocrx_word' id='word_1_211' title='bbox 1317 3085 1417 3137; x_wconf 91' lang='lat' dir='ltr'><strong>omne</strong></span> <span class='ocrx_word' id='word_1_212' title='bbox 1436 3065 1529 3137; x_wconf 88' lang='lat' dir='ltr'><strong>reris</strong></span> <span class='ocrx_word' id='word_1_213' title='bbox 1548 3069 1721 3151; x_wconf 88' lang='lat' dir='ltr'><strong>moratus,</strong></span> <span class='ocrx_word' id='word_1_214' title='bbox 1752 3064 1946 3136; x_wconf 91' lang='lat' dir='ltr'><strong>multorum</strong></span> 
     </span>
     <span class='ocr_line' id='line_1_22' title="bbox 390 3183 1944 3277; baseline -0.003 -19"><span class='ocrx_word' id='word_1_215' title='bbox 390 3184 593 3277; x_wconf 77' lang='lat' dir='ltr'><strong>Principum</strong></span> <span class='ocrx_word' id='word_1_216' title='bbox 626 3185 769 3257; x_wconf 91' lang='lat' dir='ltr'><strong>nuntios</strong></span> <span class='ocrx_word' id='word_1_217' title='bbox 806 3205 883 3257; x_wconf 91' lang='lat' dir='ltr'><strong>cum</strong></span> <span class='ocrx_word' id='word_1_218' title='bbox 916 3185 1082 3276; x_wconf 87' lang='lat' dir='ltr'><strong>pretiosis</strong></span> <span class='ocrx_word' id='word_1_219' title='bbox 1115 3186 1317 3259; x_wconf 90' lang='lat' dir='ltr'><strong>muneribus</strong></span> <span class='ocrx_word' id='word_1_220' title='bbox 1350 3186 1393 3258; x_wconf 90' lang='lat' dir='ltr'><strong>ad</strong></span> <span class='ocrx_word' id='word_1_221' title='bbox 1422 3207 1500 3257; x_wconf 92' lang='lat' dir='ltr'><strong>eum</strong></span> <span class='ocrx_word' id='word_1_222' title='bbox 1528 3185 1708 3258; x_wconf 84' lang='lat' dir='ltr'><strong>uenientes</strong></span> <span class='ocrx_word' id='word_1_223' title='bbox 1737 3183 1944 3275; x_wconf 83' lang='lat' dir='ltr'><strong>accipiebat.</strong></span> 
     </span>
     <span class='ocr_line' id='line_1_23' title="bbox 391 3305 1946 3399; baseline -0.002 -20"><span class='ocrx_word' id='word_1_224' title='bbox 391 3307 459 3379; x_wconf 84' lang='lat' dir='ltr'><strong>Sed</strong></span> <span class='ocrx_word' id='word_1_225' title='bbox 487 3311 522 3380; x_wconf 90' lang='lat' dir='ltr'><strong>et</strong></span> <span class='ocrx_word' id='word_1_226' title='bbox 549 3307 743 3396; x_wconf 88' lang='lat' dir='ltr'><strong>Imperator</strong></span> <span class='ocrx_word' id='word_1_227' title='bbox 775 3306 1022 3378; x_wconf 82' lang='lat' dir='ltr'><strong>Thartarornm</strong></span> <span class='ocrx_word' id='word_1_228' title='bbox 1055 3307 1231 3399; x_wconf 83' lang='lat' dir='ltr'><strong>Ecnigeri,</strong></span> <span class='ocrx_word' id='word_1_229' title='bbox 1265 3307 1385 3379; x_wconf 90' lang='lat' dir='ltr'><strong>missis</strong></span> <span class='ocrx_word' id='word_1_230' title='bbox 1419 3305 1570 3395; x_wconf 90' lang='lat' dir='ltr'><strong>nuntiis,</strong></span> <span class='ocrx_word' id='word_1_231' title='bbox 1600 3306 1642 3378; x_wconf 91' lang='lat' dir='ltr'><strong>de</strong></span> <span class='ocrx_word' id='word_1_232' title='bbox 1670 3306 1768 3378; x_wconf 91' lang='lat' dir='ltr'><strong>clade</strong></span> <span class='ocrx_word' id='word_1_233' title='bbox 1800 3309 1946 3394; x_wconf 80' lang='lat' dir='ltr'><strong>accepta</strong></span> 
     </span>
     <span class='ocr_line' id='line_1_24' title="bbox 390 3424 1943 3519; baseline -0.002 -21"><span class='ocrx_word' id='word_1_234' title='bbox 390 3431 470 3500; x_wconf 90' lang='lat' dir='ltr'><strong>ante</strong></span> <span class='ocrx_word' id='word_1_235' title='bbox 499 3427 729 3519; x_wconf 76' lang='lat' dir='ltr'><strong>(thoynicnam</strong></span> <span class='ocrx_word' id='word_1_236' title='bbox 748 3447 967 3517; x_wconf 88' lang='lat' dir='ltr'><strong>compassus,</strong></span> <span class='ocrx_word' id='word_1_237' title='bbox 998 3427 1152 3499; x_wconf 91' lang='lat' dir='ltr'><strong>omnium</strong></span> <span class='ocrx_word' id='word_1_238' title='bbox 1172 3427 1408 3519; x_wconf 90' lang='lat' dir='ltr'><strong>potentiarum</strong></span> <span class='ocrx_word' id='word_1_239' title='bbox 1433 3449 1575 3499; x_wconf 90' lang='lat' dir='ltr'><strong>suarum</strong></span> <span class='ocrx_word' id='word_1_240' title='bbox 1594 3425 1687 3498; x_wconf 80' lang='lat' dir='ltr'><strong>vires</strong></span> <span class='ocrx_word' id='word_1_241' title='bbox 1709 3424 1754 3516; x_wconf 84' lang='lat'><strong>¹²)</strong></span> <span class='ocrx_word' id='word_1_242' title='bbox 1782 3425 1818 3498; x_wconf 92' lang='lat' dir='ltr'><strong>in</strong></span> <span class='ocrx_word' id='word_1_243' title='bbox 1838 3445 1943 3498; x_wconf 84' lang='lat' dir='ltr'><strong>eran·</strong></span> 
     </span>
     <span class='ocr_line' id='line_1_25' title="bbox 390 3545 1945 3640; baseline -0.003 -19"><span class='ocrx_word' id='word_1_244' title='bbox 390 3555 464 3621; x_wconf 91' lang='lat' dir='ltr'><strong>tum</strong></span> <span class='ocrx_word' id='word_1_245' title='bbox 494 3548 604 3620; x_wconf 84' lang='lat' dir='ltr'><strong>futuri</strong></span> <span class='ocrx_word' id='word_1_246' title='bbox 632 3568 840 3639; x_wconf 89' lang='lat' dir='ltr'><strong>congressus</strong></span> <span class='ocrx_word' id='word_1_247' title='bbox 861 3545 906 3636; x_wconf 85' lang='lat'><strong>¹³)</strong></span> <span class='ocrx_word' id='word_1_248' title='bbox 935 3569 971 3620; x_wconf 90' lang='lat' dir='ltr'><strong>se</strong></span> <span class='ocrx_word' id='word_1_249' title='bbox 999 3547 1139 3639; x_wconf 90' lang='lat' dir='ltr'><strong>proprio</strong></span> <span class='ocrx_word' id='word_1_250' title='bbox 1160 3549 1203 3638; x_wconf 88' lang='lat'><strong>¹⁴)</strong></span> <span class='ocrx_word' id='word_1_251' title='bbox 1233 3549 1346 3640; x_wconf 91' lang='lat' dir='ltr'><strong>capite</strong></span> <span class='ocrx_word' id='word_1_252' title='bbox 1373 3549 1621 3633; x_wconf 89' lang='lat' dir='ltr'><strong>adducturum,</strong></span> <span class='ocrx_word' id='word_1_253' title='bbox 1651 3551 1713 3618; x_wconf 88' lang='lat' dir='ltr'><strong>aut</strong></span> <span class='ocrx_word' id='word_1_254' title='bbox 1732 3545 1945 3618; x_wconf 89' lang='lat' dir='ltr'><strong>necessitate</strong></span> 
     </span>
     <span class='ocr_line' id='line_1_26' title="bbox 390 3665 1942 3761; baseline -0.003 -21"><span class='ocrx_word' id='word_1_255' title='bbox 390 3669 510 3761; x_wconf 86' lang='lat' dir='ltr'><strong>aliqua</strong></span> <span class='ocrx_word' id='word_1_256' title='bbox 537 3668 737 3742; x_wconf 80' lang='lat' dir='ltr'><strong>ineuitabili</strong></span> <span class='ocrx_word' id='word_1_257' title='bbox 765 3665 1037 3757; x_wconf 84' lang='lat' dir='ltr'><strong>interveniente,</strong></span> <span class='ocrx_word' id='word_1_258' title='bbox 1065 3690 1127 3760; x_wconf 90' lang='lat' dir='ltr'><strong>per</strong></span> <span class='ocrx_word' id='word_1_259' title='bbox 1155 3669 1268 3741; x_wconf 87' lang='lat' dir='ltr'><strong>tilium</strong></span> <span class='ocrx_word' id='word_1_260' title='bbox 1288 3668 1332 3757; x_wconf 81' lang='lat'><strong>¹¹)</strong></span> <span class='ocrx_word' id='word_1_261' title='bbox 1360 3668 1565 3756; x_wconf 90' lang='lat' dir='ltr'><strong>missurum,</strong></span> <span class='ocrx_word' id='word_1_262' title='bbox 1586 3666 1717 3739; x_wconf 90' lang='lat' dir='ltr'><strong>obtulit</strong></span> <span class='ocrx_word' id='word_1_263' title='bbox 1737 3671 1772 3738; x_wconf 93' lang='lat' dir='ltr'><strong>et</strong></span> <span class='ocrx_word' id='word_1_264' title='bbox 1791 3685 1942 3756; x_wconf 89' lang='lat' dir='ltr'><strong>spopon-</strong></span> 
     </span>
     <span class='ocr_line' id='line_1_27' title="bbox 390 3785 1944 3880; baseline -0.004 -18"><span class='ocrx_word' id='word_1_265' title='bbox 390 3791 443 3862; x_wconf 93' lang='lat' dir='ltr'><strong>dit</strong></span> <span class='ocrx_word' id='word_1_266' title='bbox 462 3791 518 3878; x_wconf 68' lang='grc'><strong>16).</strong></span> <span class='ocrx_word' id='word_1_267' title='bbox 547 3789 717 3861; x_wconf 87' lang='lat' dir='ltr'><strong>Lithuani</strong></span> <span class='ocrx_word' id='word_1_268' title='bbox 746 3810 882 3880; x_wconf 90' lang='lat' dir='ltr'><strong>quoqne</strong></span> <span class='ocrx_word' id='word_1_269' title='bbox 909 3789 950 3861; x_wconf 92' lang='lat' dir='ltr'><strong>de</strong></span> <span class='ocrx_word' id='word_1_270' title='bbox 979 3789 1119 3861; x_wconf 84' lang='lat' dir='ltr'><strong>ferendo</strong></span> <span class='ocrx_word' id='word_1_271' title='bbox 1152 3788 1362 3861; x_wconf 82' lang='lat' dir='ltr'><strong>exercituali</strong></span> <span class='ocrx_word' id='word_1_272' title='bbox 1394 3787 1552 3860; x_wconf 93' lang='lat' dir='ltr'><strong>subsidio</strong></span> <span class='ocrx_word' id='word_1_273' title='bbox 1585 3791 1706 3859; x_wconf 88' lang='lat' dir='ltr'><strong>contra</strong></span> <span class='ocrx_word' id='word_1_274' title='bbox 1733 3785 1944 3878; x_wconf 86' lang='lat' dir='ltr'><strong>Magistrum</strong></span> 
     </span>
     <span class='ocr_line' id='line_1_28' title="bbox 391 3909 1530 4000; baseline -0.004 -18"><span class='ocrx_word' id='word_1_275' title='bbox 391 3918 426 3982; x_wconf 91' lang='lat' dir='ltr'><strong>et</strong></span> <span class='ocrx_word' id='word_1_276' title='bbox 453 3910 633 3998; x_wconf 88' lang='lat' dir='ltr'><strong>Ordinem,</strong></span> <span class='ocrx_word' id='word_1_277' title='bbox 663 3915 817 3982; x_wconf 87' lang='lat' dir='ltr'><strong>correcta</strong></span> <span class='ocrx_word' id='word_1_278' title='bbox 844 3909 952 4000; x_wconf 90' lang='lat' dir='ltr'><strong>priori</strong></span> <span class='ocrx_word' id='word_1_279' title='bbox 981 3911 1179 3998; x_wconf 82' lang='lat' dir='ltr'><strong>voluntate,</strong></span> <span class='ocrx_word' id='word_1_280' title='bbox 1208 3910 1310 3984; x_wconf 88' lang='lat' dir='ltr'><strong>tidem</strong></span> <span class='ocrx_word' id='word_1_281' title='bbox 1338 3913 1530 4000; x_wconf 85' lang='lat' dir='ltr'><strong>praestant.</strong></span> 
     </span>
    </p>
   </div>
   <div class='ocr_carea' id='block_1_3' title="bbox 285 4243 1944 4854">
    <p class='ocr_par' dir='ltr' id='par_1_3' title="bbox 285 4243 1944 4854">
     <span class='ocr_line' id='line_1_29' title="bbox 496 4243 1942 4334; baseline -0.006 -20"><span class='ocrx_word' id='word_1_282' title='bbox 496 4253 520 4332; x_wconf 89' lang='lat'><strong>¹)</strong></span> <span class='ocrx_word' id='word_1_283' title='bbox 543 4257 631 4316; x_wconf 85' lang='lat' dir='ltr'><strong>rebus</strong></span> <span class='ocrx_word' id='word_1_284' title='bbox 654 4255 742 4315; x_wconf 86' lang='lat' dir='ltr'><strong>ctiam</strong></span> <span class='ocrx_word' id='word_1_285' title='bbox 765 4250 828 4313; x_wconf 76' lang='lat' dir='ltr'><strong>Ed.</strong></span> <span class='ocrx_word' id='word_1_286' title='bbox 852 4249 943 4334; x_wconf 82' lang='lat' dir='ltr'><strong>Lipo.</strong></span> <span class='ocrx_word' id='word_1_287' title='bbox 968 4251 994 4328; x_wconf 75' lang='lat'><strong>⁹)</strong></span> <span class='ocrx_word' id='word_1_288' title='bbox 1018 4252 1185 4312; x_wconf 87' lang='lat' dir='ltr'><strong>constitutis</strong></span> <span class='ocrx_word' id='word_1_289' title='bbox 1208 4249 1271 4313; x_wconf 83' lang='lat' dir='ltr'><strong>Ed.</strong></span> <span class='ocrx_word' id='word_1_290' title='bbox 1296 4247 1386 4333; x_wconf 80' lang='lat' dir='ltr'><strong>Lips.</strong></span> <span class='ocrx_word' id='word_1_291' title='bbox 1411 4249 1439 4329; x_wconf 83' lang='lat'><strong>³)</strong></span> <span class='ocrx_word' id='word_1_292' title='bbox 1459 4251 1585 4310; x_wconf 82' lang='lat' dir='ltr'><strong>Sanctae</strong></span> <span class='ocrx_word' id='word_1_293' title='bbox 1601 4249 1713 4310; x_wconf 82' lang='lat' dir='ltr'><strong>Mariae</strong></span> <span class='ocrx_word' id='word_1_294' title='bbox 1729 4248 1862 4324; x_wconf 87' lang='lat' dir='ltr'><strong>Virginis</strong></span> <span class='ocrx_word' id='word_1_295' title='bbox 1877 4243 1942 4307; x_wconf 83' lang='lat' dir='ltr'><strong>Ed.</strong></span> 
     </span>
     <span class='ocr_line' id='line_1_30' title="bbox 388 4349 1944 4443; baseline -0.007 -23"><span class='ocrx_word' id='word_1_296' title='bbox 388 4357 482 4443; x_wconf 80' lang='lat' dir='ltr'><strong>Lips.</strong></span> <span class='ocrx_word' id='word_1_297' title='bbox 506 4355 534 4441; x_wconf 88' lang='lat'><strong>⁴)</strong></span> <span class='ocrx_word' id='word_1_298' title='bbox 559 4363 588 4419; x_wconf 88' lang='lat' dir='ltr'><strong>ct</strong></span> <span class='ocrx_word' id='word_1_299' title='bbox 606 4359 647 4418; x_wconf 90' lang='lat' dir='ltr'><strong>ibi</strong></span> <span class='ocrx_word' id='word_1_300' title='bbox 664 4354 726 4418; x_wconf 83' lang='lat' dir='ltr'><strong>Ed.</strong></span> <span class='ocrx_word' id='word_1_301' title='bbox 751 4354 844 4438; x_wconf 81' lang='lat' dir='ltr'><strong>Lipo.</strong></span> <span class='ocrx_word' id='word_1_302' title='bbox 870 4353 896 4434; x_wconf 81' lang='lat'><strong>⁵)</strong></span> <span class='ocrx_word' id='word_1_303' title='bbox 919 4357 1037 4416; x_wconf 88' lang='lat' dir='ltr'><strong>fiebant.</strong></span> <span class='ocrx_word' id='word_1_304' title='bbox 1062 4351 1124 4414; x_wconf 77' lang='lat' dir='ltr'><strong>Eu.</strong></span> <span class='ocrx_word' id='word_1_305' title='bbox 1148 4352 1242 4436; x_wconf 81' lang='lat' dir='ltr'><strong>Lipa.</strong></span> <span class='ocrx_word' id='word_1_306' title='bbox 1267 4352 1292 4434; x_wconf 80' lang='lat'><strong>⁶)</strong></span> <span class='ocrx_word' id='word_1_307' title='bbox 1318 4356 1480 4415; x_wconf 86' lang='lat' dir='ltr'><strong>decernunt</strong></span> <span class='ocrx_word' id='word_1_308' title='bbox 1499 4350 1561 4414; x_wconf 79' lang='lat' dir='ltr'><strong>Ea.</strong></span> <span class='ocrx_word' id='word_1_309' title='bbox 1579 4350 1672 4434; x_wconf 79' lang='lat' dir='ltr'><strong>Lipa.</strong></span> <span class='ocrx_word' id='word_1_310' title='bbox 1692 4349 1719 4426; x_wconf 82' lang='lat'><strong>¹)</strong></span> <span class='ocrx_word' id='word_1_311' title='bbox 1736 4357 1872 4412; x_wconf 79' lang='lat' dir='ltr'><strong>consorte</strong></span> <span class='ocrx_word' id='word_1_312' title='bbox 1886 4369 1944 4410; x_wconf 79' lang='lat' dir='ltr'><strong>sna</strong></span> 
     </span>
     <span class='ocr_line' id='line_1_31' title="bbox 285 4427 1940 4543; baseline -0.007 -20"><span class='ocrx_word' id='word_1_313' title='bbox 285 4427 299 4458; x_wconf 29' lang='grc' dir='ltr'>ἣ</span> <span class='ocrx_word' id='word_1_314' title='bbox 388 4461 450 4523; x_wconf 85' lang='lat' dir='ltr'><strong>Ed.</strong></span> <span class='ocrx_word' id='word_1_315' title='bbox 476 4459 566 4543; x_wconf 79' lang='lat' dir='ltr'><strong>Lipo.</strong></span> <span class='ocrx_word' id='word_1_316' title='bbox 592 4460 617 4537; x_wconf 83' lang='lat'><strong>⁸)</strong></span> <span class='ocrx_word' id='word_1_317' title='bbox 641 4462 711 4522; x_wconf 87' lang='lat' dir='ltr'><strong>belli</strong></span> <span class='ocrx_word' id='word_1_318' title='bbox 734 4461 904 4520; x_wconf 84' lang='lat' dir='ltr'><strong>Pruthenici</strong></span> <span class='ocrx_word' id='word_1_319' title='bbox 927 4457 989 4520; x_wconf 76' lang='lat' dir='ltr'><strong>Ec.</strong></span> <span class='ocrx_word' id='word_1_320' title='bbox 1016 4456 1104 4540; x_wconf 81' lang='lat' dir='ltr'><strong>Lipa.</strong></span> <span class='ocrx_word' id='word_1_321' title='bbox 1137 4457 1163 4536; x_wconf 77' lang='lat'><strong>¹¹)</strong></span> <span class='ocrx_word' id='word_1_322' title='bbox 1187 4459 1291 4520; x_wconf 87' lang='lat' dir='ltr'><strong>aulicis</strong></span> <span class='ocrx_word' id='word_1_323' title='bbox 1314 4451 1376 4518; x_wconf 80' lang='lat' dir='ltr'><strong>Ed.</strong></span> <span class='ocrx_word' id='word_1_324' title='bbox 1402 4455 1491 4539; x_wconf 76' lang='lat' dir='ltr'><strong>Lc&#39;ps.</strong></span> <span class='ocrx_word' id='word_1_325' title='bbox 1528 4455 1566 4534; x_wconf 88' lang='lat'><strong>¹⁰)</strong></span> <span class='ocrx_word' id='word_1_326' title='bbox 1590 4438 1717 4516; x_wconf 57' lang='lat' dir='ltr'><strong>Sancta&amp;</strong></span> <span class='ocrx_word' id='word_1_327' title='bbox 1740 4455 1851 4514; x_wconf 80' lang='lat' dir='ltr'><strong>Mariae</strong></span> <span class='ocrx_word' id='word_1_328' title='bbox 1875 4453 1940 4511; x_wconf 86' lang='lat' dir='ltr'><strong>Vir-</strong></span> 
     </span>
     <span class='ocr_line' id='line_1_32' title="bbox 388 4549 1940 4647; baseline -0.006 -23"><span class='ocrx_word' id='word_1_329' title='bbox 388 4567 466 4641; x_wconf 90' lang='lat' dir='ltr'><strong>ginis</strong></span> <span class='ocrx_word' id='word_1_330' title='bbox 495 4561 558 4626; x_wconf 80' lang='lat' dir='ltr'><strong>Ed.</strong></span> <span class='ocrx_word' id='word_1_331' title='bbox 591 4562 681 4647; x_wconf 78' lang='lat' dir='ltr'><strong>Lipa.</strong></span> <span class='ocrx_word' id='word_1_332' title='bbox 719 4563 755 4644; x_wconf 88' lang='lat'><strong>¹¹)</strong></span> <span class='ocrx_word' id='word_1_333' title='bbox 786 4564 921 4624; x_wconf 81' lang='lat' dir='ltr'><strong>Gaetoldi</strong></span> <span class='ocrx_word' id='word_1_334' title='bbox 955 4549 1031 4623; x_wconf 74' lang='lat' dir='ltr'><strong>dod.</strong></span> <span class='ocrx_word' id='word_1_335' title='bbox 1062 4559 1171 4623; x_wconf 81' lang='lat' dir='ltr'><strong>Przcz.</strong></span> <span class='ocrx_word' id='word_1_336' title='bbox 1207 4559 1245 4639; x_wconf 74' lang='lat'><strong>¹⁹)</strong></span> <span class='ocrx_word' id='word_1_337' title='bbox 1276 4579 1468 4640; x_wconf 88' lang='lat' dir='ltr'><strong>quascunque</strong></span> <span class='ocrx_word' id='word_1_338' title='bbox 1499 4560 1622 4620; x_wconf 89' lang='lat' dir='ltr'><strong>haberet</strong></span> <span class='ocrx_word' id='word_1_339' title='bbox 1651 4561 1730 4618; x_wconf 87' lang='lat' dir='ltr'><strong>vires</strong></span> <span class='ocrx_word' id='word_1_340' title='bbox 1760 4553 1822 4618; x_wconf 84' lang='lat' dir='ltr'><strong>Ed.</strong></span> <span class='ocrx_word' id='word_1_341' title='bbox 1848 4553 1940 4636; x_wconf 82' lang='lat' dir='ltr'><strong>Lips.</strong></span> 
     </span>
     <span class='ocr_line' id='line_1_33' title="bbox 393 4657 1942 4748; baseline -0.007 -19"><span class='ocrx_word' id='word_1_342' title='bbox 393 4666 427 4748; x_wconf 86' lang='lat'><strong>¹³)</strong></span> <span class='ocrx_word' id='word_1_343' title='bbox 452 4687 628 4744; x_wconf 86' lang='lat' dir='ltr'><strong>congressus</strong></span> <span class='ocrx_word' id='word_1_344' title='bbox 651 4687 715 4728; x_wconf 88' lang='lat' dir='ltr'><strong>sum</strong></span> <span class='ocrx_word' id='word_1_345' title='bbox 739 4667 896 4729; x_wconf 80' lang='lat' dir='ltr'><strong>Gracileris</strong></span> <span class='ocrx_word' id='word_1_346' title='bbox 927 4667 957 4725; x_wconf 93' lang='lat' dir='ltr'><strong>in</strong></span> <span class='ocrx_word' id='word_1_347' title='bbox 980 4666 1100 4726; x_wconf 87' lang='lat' dir='ltr'><strong>Prnssia</strong></span> <span class='ocrx_word' id='word_1_348' title='bbox 1126 4661 1188 4726; x_wconf 84' lang='lat' dir='ltr'><strong>Ed.</strong></span> <span class='ocrx_word' id='word_1_349' title='bbox 1212 4661 1302 4746; x_wconf 80' lang='lat' dir='ltr'><strong>Lips.</strong></span> <span class='ocrx_word' id='word_1_350' title='bbox 1335 4661 1373 4743; x_wconf 82' lang='lat'><strong>¹¹)</strong></span> <span class='ocrx_word' id='word_1_351' title='bbox 1396 4665 1516 4741; x_wconf 87' lang='lat' dir='ltr'><strong>proprio</strong></span> <span class='ocrx_word' id='word_1_352' title='bbox 1541 4681 1594 4723; x_wconf 86' lang='lat' dir='ltr'><strong>suo</strong></span> <span class='ocrx_word' id='word_1_353' title='bbox 1617 4657 1681 4723; x_wconf 79' lang='lat' dir='ltr'><strong>Ea.</strong></span> <span class='ocrx_word' id='word_1_354' title='bbox 1706 4658 1795 4742; x_wconf 81' lang='lat' dir='ltr'><strong>Lips.</strong></span> <span class='ocrx_word' id='word_1_355' title='bbox 1823 4657 1863 4737; x_wconf 83' lang='lat'><strong>¹⁵)</strong></span> <span class='ocrx_word' id='word_1_356' title='bbox 1885 4677 1942 4735; x_wconf 83' lang='lat' dir='ltr'><strong>per</strong></span> 
     </span>
     <span class='ocr_line' id='line_1_34' title="bbox 388 4765 1241 4854; baseline -0.005 -22"><span class='ocrx_word' id='word_1_357' title='bbox 388 4774 479 4832; x_wconf 85' lang='lat' dir='ltr'><strong>lilium</strong></span> <span class='ocrx_word' id='word_1_358' title='bbox 502 4791 585 4832; x_wconf 87' lang='lat' dir='ltr'><strong>suum</strong></span> <span class='ocrx_word' id='word_1_359' title='bbox 607 4769 670 4833; x_wconf 82' lang='lat' dir='ltr'><strong>Ed.</strong></span> <span class='ocrx_word' id='word_1_360' title='bbox 694 4769 785 4854; x_wconf 80' lang='lat' dir='ltr'><strong>Lipo.</strong></span> <span class='ocrx_word' id='word_1_361' title='bbox 815 4769 853 4849; x_wconf 75' lang='lat'><strong>¹¹)</strong></span> <span class='ocrx_word' id='word_1_362' title='bbox 876 4771 1038 4847; x_wconf 79' lang='lat' dir='ltr'><strong>respondit</strong></span> <span class='ocrx_word' id='word_1_363' title='bbox 1062 4765 1124 4830; x_wconf 86' lang='lat' dir='ltr'><strong>Ed.</strong></span> <span class='ocrx_word' id='word_1_364' title='bbox 1149 4765 1241 4850; x_wconf 78' lang='lat' dir='ltr'><strong>Lo&#39;pa.</strong></span> 
     </span>
    </p>
   </div>
   <div class='ocr_carea' id='block_1_4' title="bbox 0 0 2047 6276">
    <p class='ocr_par' dir='ltr' id='par_1_4' title="bbox 0 0 2047 6276">
     <span class='ocr_line' id='line_1_35' title="bbox 0 0 2047 6276; baseline 0 0"><span class='ocrx_word' id='word_1_365' title='bbox 0 0 2047 6276; x_wconf 95' lang='lat' dir='ltr'><strong> </strong></span> 
     </span>
    </p>
   </div>
   <div class='ocr_carea' id='block_1_5' title="bbox 2061 3132 2064 4048">
    <p class='ocr_par' dir='ltr' id='par_1_5' title="bbox 2061 3132 2064 4048">
     <span class='ocr_line' id='line_1_36' title="bbox 2061 3132 2064 4048; baseline 0 0"><span class='ocrx_word' id='word_1_366' title='bbox 2061 3132 2064 4048; x_wconf 95' lang='lat' dir='ltr'><strong> </strong></span> 
     </span>
    </p>
   </div>
  </div>
 </body>
</html>
