4264 6280
178 528 244 630 (Α.
264 529 310 606 D.
331 527 459 628 1450.)
692 555 806 608 umus
831 555 1076 610 noouuonrue
1104 537 1219 628 (x111).
1682 535 1728 610 71

179 738 398 812 Sandomiria
424 738 623 828 discedens,
651 739 1101 833 perKopruiunicnam1),
1130 741 1340 833 Polanyecn,
1375 741 1511 814 Novam
1545 741 1731 816 Civitatem

177 859 276 933 uenit
303 859 340 932 in
367 859 653 953 Nyepolomioue:
682 860 743 933 ubi
771 861 893 934 diebus
921 861 1058 952 aliquot
1077 861 1113 932 in
1132 861 1318 935 venatione
1337 862 1550 954 absumptis,
1580 862 1637 935 die
1655 863 1724 934 Do·

177 979 306 1052 minico
339 984 420 1052 ante
453 981 580 1052 festum
612 980 873 1054 Purificationis
907 981 1055 1054 Sanctae
1088 981 1219 1056 Mariae
1233 980 1278 1072 ²),
1317 982 1517 1056 Cracouiam
1551 983 1731 1076 ingressus

177 1105 317 1173 etcum
346 1100 501 1174 maxima
527 1101 711 1175 honestate
737 1123 799 1192 per
825 1101 1066 1194 processiones
1100 1101 1255 1174 omnium
1288 1103 1515 1177 ecclesiarum
1548 1108 1730 1194 exceptus.

177 1221 308 1294 Mansit
335 1226 452 1294 autem
480 1220 683 1294 Kanimirus
711 1223 789 1295 Rex
808 1221 846 1294 in
865 1221 1030 1295 Graoouia
1049 1243 1127 1294 cum
1148 1221 1280 1313 Sophia
1295 1221 1326 1312 ³)
1353 1223 1522 1315 genitrice
1550 1244 1631 1312 sua,
1660 1243 1729 1296 uon

178 1343 292 1413 solum
328 1362 390 1432 per
418 1341 672 1434 subsequentes
708 1342 938 1435 Carnispriuii
974 1343 1066 1432 dies,
1102 1342 1161 1415 sed
1190 1342 1295 1416 etiarn
1323 1363 1385 1435 por
1412 1347 1550 1435 tempus
1577 1343 1729 1416 medium

178 1461 485 1554 (quadragesimae,
518 1463 660 1554 negotia
690 1463 833 1554 publica
864 1463 979 1556 Regni
1011 1461 1208 1556 dirigendo;
1236 1463 1328 1536 iuba
1356 1465 1448 1555 quod
1480 1471 1619 1555 tempus
1647 1465 1725 1555 plu·

177 1602 232 1655 res
259 1581 444 1673 Principes
471 1584 681 1672 cometanei,
710 1588 745 1656 et
773 1576 953 1677 signanter
976 1584 1162 1657 Boleslaus
1181 1585 1262 1655 Dux
1281 1584 1474 1673 Maeoniae,
1504 1584 1674 1656 Nicotaus
1694 1589 1729 1656 et

178 1701 407 1776 Wenceslaus
426 1703 541 1776 Duces
561 1703 866 1793 Rathiborienees,
895 1705 1082 1778 Boleslaus
1102 1705 1376 1794 Tbeechnensis‚
1406 1705 1449 1777 ad
1469 1726 1568 1778 enam
1589 1704 1726 1778 Sereni-

178 1827 286 1896 tatem
314 1829 564 1897 conuenerant:
596 1830 740 1916 propter
767 1846 914 1917 quorum
941 1825 1175 1916 praesentiam
1199 1825 1352 1917 amplius
1371 1826 1623 1914 honorandam,
1651 1824 1728 1898 ludi

177 1944 373 2032 hastarum,
403 1945 590 2018 mandante
618 1945 773 2038 Reg04),
802 1966 865 2037 por
892 1945 1024 2018 milites
1051 1945 1234 2035 Polouiae‚
1262 1967 1325 2037 per
1351 1946 1427 2019 dies
1450 1968 1568 2020 omnes
1587 1945 1726 2019 Carnis·

175 2064 283 2156 privii
302 2065 444 2136 fuerunt
462 2064 652 2139 instaurati
671 2086 750 2140 oum
768 2066 849 2139 aliie
869 2065 1091 2158 spectaculis.
1112 2067 1158 2138 Rt
1177 2065 1260 2157 quia
1274 2087 1363 2140 anno
1378 2067 1536 2158 proxime
1550 2070 1726 2140 transacto

177 2184 263 2258 certi
290 2189 499 2258 mercatores
528 2184 790 2275 Crotonienses,
824 2191 859 2260 et
886 2186 1067 2279 signanter
1093 2186 1263 2259 Nicolaus
1292 2186 1519 2278 Wyeruinelr‚
1553 2187 1595 2260 de
1624 2188 1724 2279 quin-

176 2326 242 2396 que
269 2305 429 2378 millibus
458 2305 666 2379 florenorum
694 2308 731 2379 in
759 2329 842 2380 auro
870 2311 1030 2399 prompto
1058 2311 1094 2380 et
1121 2307 1203 2380 aliis
1231 2306 1409 2381 nobilibus
1430 2307 1631 2382 marrantiis
1651 2309 1724 2382 fue·

174 2431 255 2498 rant
283 2427 443 2518 spoliati,
473 2433 508 2501 et
536 2428 690 2520 euspicio
718 2428 886 2521 quosdam
913 2427 1049 2501 nobiles
1077 2428 1301 2501 uehementer
1328 2429 1531 2517 accusabat,
1561 2429 1629 2501 luit
1652 2429 1724 2501 Ka·

173 2547 317 2619 nimirus
344 2548 423 2621 Rex
451 2553 486 2622 et
514 2549 697 2622 consulum
725 2553 761 2623 et
788 2551 1019 2621 mercatorum
1044 2547 1343 2637 cracoviensium,
1372 2569 1442 2621 non
1461 2553 1533 2622 tam
1550 2548 1725 2640 precibus,

175 2689 278 2760 quam
305 2667 463 2758 fletibus,
493 2690 581 2761 quae
609 2669 715 2742 etiam
742 2668 922 2742 Karimiro
949 2668 1039 2761 Regi
1058 2668 1194 2742 abunde
1218 2669 1444 2743 excutiebant
1462 2669 1641 2758 lacrimas,
1669 2691 1725 2742 ro·

173 2793 294 2881 gatus:
325 2793 498 2881 quatenus
526 2790 746 2882 dignaretur,
780 2789 863 2863 huic
895 2794 967 2862 tam
993 2789 1118 2881 grandi
1146 2811 1264 2862 eorum
1292 2790 1434 2879 damno,
1469 2789 1663 2863 calamitati
1691 2793 1726 2863 et

174 2909 324 2982 iniuriae
340 2908 370 3000 5)
397 2911 595 3002 providere,
625 2931 664 2983 ac
690 2910 801 3003 regali
828 2909 970 2984 brachio
998 2929 1120 3002 cogere
1143 2913 1300 3002 raptores
1320 2911 1364 2983 ad
1381 2911 1660 3000 restitutionem,
1690 2916 1726 2984 et

173 3051 323 3123 purgare
351 3031 511 3124 Regnum
538 3055 641 3105 suum
661 3033 703 3105 ab
723 3031 892 3105 intestino
911 3031 1123 3123 praedonum
1143 3031 1339 3123 opprobrio.
1368 3032 1501 3115 Motus,
1520 3035 1561 3104 nt
1579 3029 1724 3123 dignum

174 3157 266 3241 orat,
295 3152 497 3225 Karimirus
525 3153 602 3226 Rex
634 3151 836 3225 huiusmodi
862 3152 1041 3244 precibus,
1070 3151 1262 3224 instaurari
1289 3152 1387 3246 Rug
1413 3153 1450 3225 in
1477 3157 1571 3226 terra
1601 3151 1723 3225 Gnaeo-

172 3273 305 3360 riensi,
333 3278 374 3345 ut
401 3274 518 3346 furum
546 3278 581 3346 et
607 3273 836 3366 praedonum,
864 3273 989 3345 horum
1016 3273 1240 3364 praesertim,
1269 3273 1332 3364 qui
1358 3273 1400 3348 de
1423 3273 1535 3366 spolio
1555 3277 1722 3346 mercato-

170 3415 250 3466 rum
277 3393 559 3467 Gracoviensium
586 3393 699 3467 notati
726 3399 762 3467 et
789 3393 945 3486 suspecti
972 3393 1103 3467 iudicio
1131 3393 1306 3467 communi
1333 3398 1448 3484 erant,
1476 3413 1645 3487 personae
1663 3393 1722 3466 de-

172 3515 406 3604 clararentur,
444 3537 662 3608 summopore
698 3515 895 3607 expetebat.
938 3516 1088 3607 Propter
1124 3516 1215 3607 quod
1250 3515 1458 3608 particulari
1494 3513 1724 3588 conventione

171 3635 321 3724 indicta,
350 3635 394 3708 ad
422 3656 526 3727 quarn
555 3636 729 3729 Sbigneus
757 3635 952 3709 Cardinalis
981 3642 1016 3709 ot
1039 3637 1110 3709 fore
1136 3657 1256 3710 omnes
1275 3636 1516 3710 cracoviensis
1537 3639 1572 3709 et
1591 3634 1722 3708 Sando-

173 3755 351 3829 miriensie
378 3760 550 3830 terrarum
577 3757 725 3831 barones
750 3762 784 3831 et
808 3757 990 3851 dignitarii
1009 3757 1046 3830 in
1065 3757 1266 3830 Oracoviam
1283 3779 1346 3851 pro
1365 3757 1548 3830 Dominica
1571 3756 1724 3830 secunda

173 3876 466 3970 quadragesimae
493 3883 727 3968 accesserant,
756 3883 828 3950 tam
855 3877 925 3969 ipsi
953 3877 1130 3950 cardinali
1158 3878 1325 3972 Sbigneo,
1355 3899 1459 3971 quarn
1487 3877 1611 3951 maiori
1629 3877 1723 3969 parti

172 3999 357 4087 baronum,
385 4019 441 4070 res
470 3998 601 4090 optima
628 4004 664 4072 et
691 3998 844 4072 salubris
871 3999 949 4071 visa
977 4004 1047 4088 eet,
1076 4020 1223 4074 examen
1253 4001 1369 4072 lurum
1398 4003 1433 4073 et
1450 3998 1663 4092 praedonum
1677 3999 1722 4089 ⁸),

173 4117 263 4190 aliae
290 4119 355 4191 Ru
367 4140 406 4211 g,
434 4140 497 4210 pro
516 4119 672 4211 ipsorum
691 4119 904 4194 correctione
923 4125 958 4193 et
977 4120 1202 4210 exterminio,
1232 4120 1308 4193 sino
1333 4120 1501 4194 dilatione
1519 4119 1721 4212 praedicari:

172 4260 217 4312 no
243 4239 321 4312 lues
340 4239 500 4331 amplior,
528 4245 716 4332 provocata
735 4240 878 4314 sceleris
897 4241 1124 4333 impunitate,
1154 4221 1369 4333 sequeretur.
1398 4242 1485 4314 Pars
1505 4240 1633 4330 minor,
1662 4261 1721 4314 cu·

171 4359 230 4431 ius
258 4360 432 4434 Iohannes
465 4360 507 4433 de
539 4361 716 4434 Thancuin
750 4361 930 4452 palatinus
963 4361 1212 4434 Cracouiensie
1232 4367 1306 4436 erat
1334 4365 1454 4454 caput,
1492 4361 1723 4436 dissentiebat

172 4479 379 4572 plurimum,
408 4485 443 4554 et
470 4481 660 4555 autoritate
688 4503 767 4572 sua,
798 4504 866 4574 qua
895 4482 987 4575 apud
1014 4483 1201 4574 populares
1229 4483 1385 4572 ualebat,
1418 4483 1529 4556 traxit
1556 4483 1594 4555 in
1621 4503 1721 4556 suam

172 4601 385 4674 sententiam
411 4602 530 4693 plures
558 4604 739 4692 mortales,
768 4625 827 4676 eos
855 4603 1077 4696 praesertim,
1106 4603 1182 4695 qui,
1211 4605 1269 4678 uel
1297 4625 1443 4696 quorum
1471 4603 1721 4697 consanguinei

171 4725 291 4794 notam
318 4721 473 4813 aliquam
501 4728 535 4794 et
562 4723 676 4796 labem
703 4724 1008 4816 pertimescebant.
1037 4723 1071 4796 N
1074 4745 1112 4798 ec
1139 4724 1268 4803 idcirco
1293 4725 1442 4817 spartis
1470 4724 1613 4798 maioris
1641 4745 1718 4797 sen·

171 4841 286 4917 tentia
311 4842 512 4934 praedictus
544 4844 724 4936 palatinus
740 4845 770 4935 ⁷)
799 4845 953 4919 creditus
985 4849 1039 4919 est
1066 4837 1292 4934 dissensisse,
1327 4847 1420 4938 quod
1447 4847 1557 4920 uellet
1583 4845 1730 4946 furibus,

171 4968 207 5038 et
234 4963 468 5056 praedonibus
495 4965 648 5058 ignosci,
683 4971 755 5039 aut·
777 4988 896 5041 eorum
928 4963 1153 5059 iniquitatem
1180 4989 1250 5040 non
1277 4967 1409 5060 detegi,
1438 4967 1567 5060 quippe
1595 4965 1656 5059 qui
1683 4965 1721 5038 in

280 5257 305 5336 ¹)
327 5259 576 5321 Pokraiwnicaam
598 5255 661 5320 Ed.
684 5255 774 5341 Ltpe.
799 5258 825 5340 ²)
848 5259 975 5321 Sanctae
991 5257 1108 5320 'Mariae
1130 5259 1262 5337 Virginis
1285 5255 1348 5323 Ed.
1370 5255 1461 5341 Lips.
1485 5257 1510 5339 ³)
1526 5275 1593 5319 cum
1608 5256 1722 5335 Zophia

169 5361 288 5439 Regina
310 5359 372 5425 Ed.
395 5361 485 5446 Lipe.
517 5359 544 5446 ⁴)
569 5363 712 5424 animiro
734 5364 817 5439 Rege
838 5359 901 5425 Ed.
924 5359 1014 5446 Lipe.
1047 5360 1073 5441 ⁶)
1098 5368 1127 5424 et
1149 5363 1256 5424 nimiae
1286 5363 1411 5423 iniuriae
1433 5358 1495 5425 Ed.
1519 5359 1608 5444 Lips.
1640 5357 1668 5445 ⁶)
1692 5365 1722 5421 et

169 5469 319 5529 latronum
342 5461 404 5527 Ed.
427 5463 516 5549 Dipo.
541 5465 566 5546 ⁷)
589 5468 715 5527 Ioannes
737 5467 890 5527 Palatinus
913 5462 975 5528 Ed.
998 5463 1088 5548 Lips.
