4052 6286
66 534 131 636 (Α.
147 534 195 614 D.
217 531 343 636 1400.)
572 557 686 612 ursan
711 539 1100 629 uuonacmrus(xrr1).
1532 531 1608 608 445
1661 583 1664 587 -

63 745 263 834 exhibebat,
293 748 328 819 at
355 743 470 818 decori
496 743 610 838 regio,
639 748 675 818 ot
702 742 853 818 feliciter
878 744 999 833 rebus,
1029 765 1072 818 ne
1095 743 1295 818 irritaretur
1326 741 1521 831 Divinitas,
1549 761 1607 836 gs-

61 865 191 954 rondis,
220 865 405 939 videbatur
422 885 491 938 uon
510 865 716 954 conducere,
741 884 852 958 neque
870 864 1044 939 militares
1063 869 1098 938 et
1117 863 1280 938 civitates
1298 862 1482 951 Prussiae,
1510 861 1604 937 diam

62 987 240 1086 stlocum
272 984 456 1078 colloquii,
492 984 581 1078 ipsis
614 985 841 1075 inconsultis,
875 987 1005 1075 dando,
1039 985 1232 1079 negligere,
1266 989 1301 1056 et
1335 1005 1380 1058 ex
1412 982 1608 1078 Bidgostia,

56 1107 263 1202 priusquam
289 1104 519 1199 (lhoynicaam
545 1105 625 1180 dadi
652 1107 711 1180 vel
738 1105 933 1200 expugnari
965 1105 1199 1199 contingerat,
1233 1106 1276 1178 ad
1311 1105 1427 1178 locum
1454 1109 1490 1178 et
1516 1102 1609 1176 diem

64 1227 255 1324 placitandi
274 1227 467 1316 discolore,
496 1230 533 1300 et
551 1227 850 1320 opportunitatem
872 1227 1093 1321 propellendi
1121 1246 1202 1300 suos
1230 1226 1273 1300 ab
1301 1224 1481 1300 obsidione
1499 1222 1608 1316 Oboy-

64 1349 198 1436 nicaea,
227 1345 436 1420 Almanniae
454 1346 681 1441 Principibus
699 1348 741 1420 de
760 1347 838 1441 ipsa
857 1347 1037 1421 obsidione
1055 1345 1301 1437 frementibus,
1320 1345 1501 1440 praebere:
1531 1365 1610 1418 cum

64 1467 287 1544 succurrendi
314 1467 405 1557 suis,
435 1467 467 1540 si
495 1487 565 1559 qua
591 1467 782 1542 necessitas
810 1489 854 1542 ex
882 1469 1035 1543 adventu
1062 1467 1219 1542 bostium
1246 1466 1440 1561 ingrueret,
1469 1465 1507 1538 in
1525 1464 1608 1538 Bid-

63 1589 175 1684 gostia
202 1587 356 1662 maxima
381 1588 517 1662 ratione
545 1608 582 1661 se
609 1587 745 1662 locarit.
775 1588 960 1662 Concludit
984 1588 1077 1662 inter
1093 1589 1179 1661 haec
1198 1588 1329 1680 absque
1348 1578 1556 1659 militarium
1575 1590 1610 1658 et

64 1709 190 1785 civium
217 1709 383 1782 Pruseiee
401 1708 549 1782 consilio
568 1713 604 1782 et
627 1729 790 1798 assensu,
810 1729 922 1802 neque
941 1709 1172 1802 colloquium,
1199 1728 1311 1800 neque
1329 1708 1421 1782 diem
1440 1707 1609 1780 stlocum

64 1829 227 1922 colloquii
254 1829 351 1918 dare,
381 1829 692 1923 Bembardumque
719 1829 971 1904 Schumborski
998 1831 1144 1904 molesto
1167 1827 1204 1902 id
1222 1831 1406 1916 ferentem,
1435 1849 1514 1902 eum
1538 1849 1609 1901 am·

64 1951 165 2044 bigne
183 1969 367 2042 responso,
396 1954 530 2024 certum
548 1956 629 2042 post
648 1949 858 2042 quindenam
877 1950 1040 2038 daturus,
1069 1949 1229 2023 remittit.
1258 1949 1387 2034 Varum
1406 1947 1609 2023 Bernhardo

65 2070 278 2158 discedente,
308 2071 496 2162 scrupulus
515 2091 663 2164 magnus
681 2070 833 2144 iniectus
852 2076 921 2157 est,
951 2091 995 2144 ne
1013 2091 1053 2144 ea
1072 2072 1222 2163 supplex
1247 2070 1441 2144 Bernhardi
1460 2069 1609 2143 submis-

66 2192 130 2280 sio,
158 2191 375 2264 militaribus
395 2195 430 2264 ot
448 2190 655 2264 civitatibus
674 2181 842 2265 Prussiae
860 2191 1043 2265 adversum
1064 2190 1276 2280 nitentibus,
1301 2191 1445 2283 perinde
1462 2211 1502 2264 ac
1520 2211 1611 2263 vana

65 2311 240 2400 evaderet,
269 2318 305 2385 et
331 2310 496 2385 conclusa
523 2311 649 2403 exequi
677 2311 792 2404 pergit
819 2332 858 2385 eo
877 2318 1055 2404 respectu,
1084 2317 1124 2384 ut
1143 2311 1317 2386 militares
1336 2317 1370 2385 et
1389 2311 1484 2385 cives
1503 2312 1609 2384 Prus-

66 2434 134 2507 siae
160 2431 356 2518 inficiendi,
386 2431 477 2522 qnod
505 2431 708 2504 conclusum
736 2437 806 2520 est,
836 2432 1015 2505 licentiam
1038 2454 1107 2505 non
1125 2432 1304 2506 baberent.
1334 2431 1526 2506 Mittuntur
1543 2430 1609 2504 ita·

66 2573 130 2646 quo
148 2559 183 2625 et
201 2551 247 2624 ad
265 2551 506 2626 Bernhardum
535 2551 801 2641 Schumborslri,
831 2561 865 2626 ct
884 2553 927 2625 ad
947 2553 1137 2640 militares,
1159 2553 1323 2644 civesque
1344 2552 1525 2642 Pressius,
1554 2553 1609 2625 lo·

66 2675 193 2746 bauucs
222 2673 403 2765 Dlugoech
430 2671 545 2744 sanior
572 2672 766 2746 Oauouicus
789 2673 1045 2762 cracoviensis,
1075 2675 1248 2747 Iohannes
1277 2673 1442 2766 Sepinslri
1461 2693 1540 2747 cum
1559 2673 1609 2744 al·

66 2801 151 2882 toro,
171 2794 265 2868 diem
285 2793 452 2866 stlocum
472 2793 639 2884 colloquii
658 2793 875 2881 conclusuri,
897 2795 989 2886 apud
1008 2796 1153 2884 alteros,
1174 2794 1304 2888 Regem
1324 2799 1359 2868 et
1378 2793 1609 2881 consiliarios,

67 2915 153 3007 quod
181 2913 350 2988 transitui
382 2912 698 3006 Marionburgensi,
733 2915 833 2987 velut
864 2935 986 3006 parum
1019 2915 1118 3004 utili,
1155 2913 1369 2988 obsidionem
1397 2914 1611 3008 Ohovnicaas

65 3034 309 3127 praetulerint,
339 3033 557 3120 excusatori,
587 3039 621 3106 et
649 3034 740 3108 diem
768 3040 872 3127 atque
892 3037 1006 3108 locum
1025 3036 1209 3136 colloquii,
1239 3055 1342 3128 quem
1362 3035 1608 3122 concluserint,

66 3153 307 3248 significaturi.
328 3154 376 3226 Hi
395 3154 477 3226 dum
497 3153 590 3245 apud
610 3153 768 3246 svpccno
788 3161 912 3247 quarta
931 3158 1087 3250 Augusti
1103 3156 1130 3244 ¹)
1149 3177 1227 3230 cum
1243 3155 1444 3230 chhardo
1464 3155 1609 3230 Scbum·

65 3277 180 3350 borslri
207 3274 470 3362 convenissent,
501 3273 591 3348 diem
619 3273 830 3348 Natiuitatis
859 3276 1027 3351 Dominae
1054 3283 1193 3351 nostrae
1208 3275 1251 3367 ²),
1282 3281 1317 3350 et
1343 3278 1458 3350 locum
1485 3275 1609 3349 civita·

66 3395 109 3470 tis
135 3394 374 3470 Tborunensis
402 3415 463 3487 pro
492 3394 588 3487 Rege
603 3393 646 3484 ³),
681 3394 799 3470 chelm
827 3417 888 3489 pro
918 3397 1086 3490 Magistro
1102 3397 1146 3487 4),
1179 3396 1341 3472 Gholmca
1373 3417 1434 3491 pro
1466 3396 1564 3489 pacis
1579 3395 1611 3486 ὅ)

65 3517 173 3610 partia
201 3516 387 3609 utriusque
414 3515 680 3604 tractatoribus,
714 3518 973 3610 intercapedine
1001 3519 1114 3592 media
1141 3519 1234 3592 inter
1260 3519 1401 3591 'lhoruu
1429 3522 1464 3592 et
1491 3515 1610 3590 chelm

67 3639 253 3712 distantem
283 3636 459 3728 (Svyecso
486 3637 578 3710 enim
605 3641 641 3710 et
669 3637 813 3730 Elbing,
844 3638 886 3710 ad
915 3659 1003 3730 quaa
1027 3639 1251 3720 Bernhardus
1271 3637 1521 3712 Scbumborslui
1539 3643 1609 3709 tra-

67 3759 184 3846 hebat,
214 3778 338 3849 parurn
366 3755 576 3830 videbantur
603 3757 694 3851 Regi
708 3759 740 3847 θ)
768 3759 967 3848 accomoda)
987 3761 1224 3847 constituunt,
1246 3765 1282 3831 et
1300 3757 1523 3832 conclusione
1542 3756 1609 3830 Re·

66 3879 146 3973 gil)
173 3898 237 3970 per
268 3877 390 3952 literas
423 3875 636 3970 significata,
671 3885 843 3971 quatenus
876 3880 1025 3954 celerius
1059 3881 1204 3973 speciali
1233 3879 1356 3954 nuntio
1384 3878 1610 3970 Rndolphum

67 3997 294 4092 apostolicum
322 3997 493 4090 Legatum
521 3997 564 4070 ad
591 3997 683 4072 diem
715 3999 946 4073 constitutum
979 4001 1098 4074 venire
1129 4001 1342 4086 hortaretur,
1376 3999 1446 4092 ipsi
1473 3999 1510 4070 in
1538 3998 1609 4071 lda-

68 4119 233 4211 rionbnrg
266 4117 497 4206 contendunt,
531 4118 828 4207 similioribus,
863 4121 1136 4213 civitatibusque
1167 4121 1333 4194 Prussiae
1365 4121 1408 4193 ad
1440 4140 1499 4194 eos
1531 4139 1610 4192 con-

67 4238 272 4326 fluentibus,
302 4237 366 4311 sub
394 4240 593 4330 praeseutia
621 4239 767 4314 Stiborii
786 4240 828 4314 de
848 4242 986 4334 Bcpsen
1013 4241 1258 4335 gubernatoris
1276 4241 1457 4328 Prussiae,
1487 4259 1611 4312 causas

67 4359 227 4434 obsessae
254 4356 468 4450 Oboynioxae
495 4365 531 4432 et
557 4360 711 4453 neglecti
739 4361 776 4434 iu
803 4361 1027 4456 Morienburg
1059 4363 1246 4451 transitus,
1284 4360 1611 4451 conclusionemque

67 4479 135 4554 diei
161 4487 197 4553 et
223 4478 308 4566 loci,
336 4497 399 4569 pro
426 4499 510 4570 pace
537 4479 705 4573 colloquii
733 4482 875 4571 iactam,
905 4486 1101 4574 exponunt,
1131 4482 1280 4556 iubendo
1308 4482 1390 4555 illos
1410 4479 1612 4554 huiusmodi

68 4599 240 4692 colloquio
268 4599 448 4673 interesse.
477 4597 722 4674 Commendata
750 4607 803 4675 est
830 4602 873 4675 ab
901 4603 1062 4676 omnibus
1090 4603 1198 4696 Regis
1213 4601 1245 4691 θ)
1274 4609 1308 4676 st
1331 4599 1611 4675 consiliariorum

68 4719 279 4812 praeseutia,
313 4719 605 4812 laetabanturque
637 4720 821 4795 admodum
854 4727 889 4796 et
919 4721 1150 4815 (lhoynicaam
1182 4723 1358 4796 obsessam
1391 4727 1426 4796 ct
1453 4721 1611 4794 Sloahov

69 4843 308 4933 recuperatum
326 4839 399 4912 iore
413 4838 461 4928 ⁹):
492 4840 698 4916 exhibentes
718 4863 755 4916 se
773 4842 974 4917 obedienter
992 4843 1128 4917 diaetae
1149 4844 1304 4932 iuturus,
1333 4863 1396 4935 pro
1415 4861 1499 4935 pace
1518 4842 1611 4934 apud

175 5148 197 5229 ¹)
221 5156 326 5227 quarta
348 5149 397 5213 dia
418 5149 528 5212 mansis
550 5149 677 5228 Augusti
704 5145 768 5212 Ed.
797 5147 886 5234 Ltpe.
919 5147 945 5230 Ω)
967 5151 1112 5212 Dominae
1142 5155 1260 5214 noemae
1286 5151 1391 5211 beatae
1413 5149 1525 5211 Mariae
1547 5150 1612 5211 Vir-

69 5254 145 5331 ginis
167 5245 230 5316 E'd.
255 5249 345 5336 Dipo.
378 5250 404 5331 ⁸)
427 5271 481 5331 pro
512 5252 655 5314 Cosimiro
684 5253 766 5330 Rege
797 5253 937 5314 Poloniae
960 5249 1023 5314 Ed.
1047 5251 1137 5336 Lips.
1171 5250 1197 5332 ⁴)
1219 5273 1274 5332 pro
1295 5253 1448 5315 Ladovico
1469 5254 1612 5330 Μιςίειω

69 5355 205 5418 Prussiac
227 5351 292 5417 Ed.
315 5353 406 5439 Lipa.
431 5354 457 5436 ο)
478 5375 533 5434 pro
553 5356 638 5432 pacis
660 5374 730 5418 vcro
753 5352 816 5416 Ed.
838 5352 929 5439 Dipo
959 5353 984 5425 6)
1008 5357 1083 5434 Regi
1106 5356 1249 5418 casimiro
1272 5352 1334 5420 Ed.
1360 5353 1451 5438 Lipa.
1480 5353 1505 5434 7)
1529 5355 1610 5418 Oasi-

70 5459 142 5524 niro
162 5460 237 5538 Regi
259 5455 322 5522 Ed.
346 5456 439 5543 Εὗρε.
464 5458 491 5540 ⁸)
515 5459 651 5522 casimiri
673 5459 813 5522 Polonias
835 5459 926 5536 Bagis
949 5455 1012 5522 Ed.
1036 5457 1129 5542 Lapa.
1154 5456 1185 5539 ⁹)
1206 5477 1273 5522 esse
1294 5455 1358 5522 aa
1385 5456 1478 5542 Lipr.
1728 5454 1733 5464 “
