4090 6290
320 515 394 612 toa
705 550 710 560 ’
827 557 940 613 nunna
965 504 1212 614 nuonscnoue
1240 541 1420 660 (11111).¹
1590 533 1658 636 (Α.
1678 533 1724 610 D.
1745 531 1877 634 1480.)

316 745 433 836 ribus,
462 745 712 840 laboribusque
731 748 766 820 et
785 745 1072 839 occupationibus
1099 767 1244 838 uaoane,
1274 745 1473 823 Annalibus
1496 747 1737 821 tantummodo
1757 768 1796 820 se
1816 767 1876 820 oe

318 872 438 961 supet,
471 867 536 941 illa
568 868 715 962 cogitet,
749 866 813 941 illa
845 873 952 958 amet,
986 869 1062 942 illis
1094 889 1132 944 se
1165 869 1333 961 obleotet,
1367 870 1409 944 de
1439 869 1515 945 illis
1543 873 1690 958 traetet‚
1725 870 1768 943 de
1796 865 1879 942 illis

315 993 417 1062 noete
444 988 568 1081 dieque
595 1009 714 1063 seeum
732 993 768 1063 et
786 1011 865 1064 eom
888 989 1177 1084 aliisloquatur,
1206 991 1447 1066 commoditati
1474 1012 1629 1085 quoque,
1658 989 1817 1066 utilitati
1838 994 1875 1062 et

315 1109 432 1184 deteri
458 1109 609 1203 patriae,
638 1113 719 1204 plue
739 1113 854 1186 tamen
872 1111 996 1186 honori
1015 1113 1081 1186 Dei
1104 1116 1139 1186 et
1164 1113 1308 1187 ueritati
1335 1113 1529 1206 provideat.
1558 1115 1774 1208 Supplieans
1795 1110 1876 1186 eui-

315 1231 405 1306 libet
437 1232 527 1306 hane
558 1231 739 1307 Gronieam
770 1233 904 1328 legenti
935 1235 1172 1325 salinatore,
1206 1238 1246 1308 ut
1269 1256 1331 1328 pro
1355 1255 1426 1326 me,
1459 1235 1614 1309 omnium
1645 1239 1880 1329 peecatorum

315 1353 640 1446 primeetultimo‚
660 1355 929 1429 unomPater
959 1359 1140 1446 noster,
1175 1360 1210 1430 et
1235 1378 1345 1429 unum
1372 1357 1468 1430 Aue
1494 1357 1658 1452 Maria,
1687 1356 1797 1430 flexis
1818 1374 1881 1447 ge·

315 1473 433 1564 nibus,
463 1496 541 1549 oum
569 1475 754 1551 devotione
780 1476 946 1571 dignetur
968 1498 1127 1551 exorare:
1155 1481 1197 1550 ut
1225 1477 1396 1551 Dominus
1423 1483 1542 1552 noster
1560 1479 1663 1554 Iesus
1695 1478 1882 1566 christus,

315 1595 470 1672 intactae
496 1597 654 1692 Virginis
681 1597 813 1688 iulans,
842 1619 904 1691 per
931 1619 1051 1673 omnes
1078 1619 1162 1674 euos
1189 1598 1383 1689 eruciatus,
1412 1601 1702 1692 prenestino,
1732 1605 1770 1674 et
1791 1621 1883 1692 quo·

314 1716 404 1791 libet
435 1717 593 1809 mortali,
625 1718 715 1792 mira
747 1719 918 1795 eharitate
950 1721 1134 1810 toleratos,
1168 1719 1334 1814 dignetur
1366 1741 1420 1794 me
1451 1741 1473 1794 a
1500 1721 1687 1795 tormentis
1720 1719 1885 1794 liberare

314 1839 495 1931 perpetuis
522 1844 558 1913 et
586 1840 854 1934 temporalibus,
883 1845 919 1915 et
946 1841 990 1914 ad
1017 1841 1189 1918 visionem
1215 1863 1270 1915 me
1291 1841 1479 1934 perducere
1497 1841 1687 1916 Trinitatis
1707 1863 1800 1916 suae
1819 1842 1883 1916 ba-

314 1959 484 2035 uediotae.
515 1961 579 2035 Oui
606 1966 662 2036 ost
688 1964 799 2036 honor
826 1967 860 2038 et
877 1962 1006 2058 gloria,
1035 1984 1127 2037 nuno
1151 1967 1186 2038 et
1205 1983 1358 2055 semper,
1386 1983 1449 2057 por
1466 1963 1609 2038 infinita
1629 1964 1785 2040 saeeula
1804 1984 1884 2037 sae·

315 2081 492 2172 oulorum,
522 2082 647 2159 Amen.
