4152 6270
429 547 505 629 142
936 575 1049 628 amsa
1075 573 1320 630 ouonnonrus
1348 553 1460 646 (xm).
1694 547 1761 651 (Α.
1780 549 1831 624 ὓ.’
1846 547 1966 649 1453.)

427 765 623 858 Opoliensi,
661 764 874 839 Praemislao
911 761 1166 864 Thosoheoonsi
1186 762 1223 854 ¹),
1261 766 1405 856 treugae
1420 759 1451 851 ¹)
1484 759 1526 834 in
1548 758 1746 850 biennium,
1772 761 1967 854 patentibus

426 887 562 960 nuntiis
591 909 725 976 eornm,
755 907 955 960 oonoessao:
984 907 1053 958 non
1081 885 1174 959 enim
1200 882 1335 978 plaouit
1362 882 1437 977 geri
1465 883 1570 957 etiam
1592 891 1676 957 onm
1703 884 1843 957 levibus
1861 883 1966 956 hosti·

424 1008 491 1082 bus
519 1009 666 1099 bellum,
699 1009 807 1102 Regis
822 1007 852 1099 ³)
886 1008 1000 1082 animo
1032 1030 1101 1081 non
1134 1007 1309 1096 stabilito,
1342 1027 1454 1099 neque
1486 1006 1529 1078 ad
1560 1007 1704 1098 plenum
1736 1009 1910 1079 maturato
1936 1010 1969 1079 et

425 1135 560 1204 sanato.
590 1129 724 1206 Novem
753 1130 875 1204 diobns
903 1129 1044 1203 durarit
1072 1129 1270 1213 conventio,
1300 1127 1393 1201 omni
1421 1127 1666 1217 multitudino,
1697 1129 1873 1201 onmium
1901 1128 1967 1201 sin·

424 1253 510 1346 gula
535 1253 648 1346 pretio
676 1253 871 1346 quadruplo
899 1252 1140 1340 assernerunt,
1169 1271 1293 1345 graves
1322 1256 1483 1344 sumptus
1511 1249 1695 1327 tolerante.

456 1611 617 1684 lohannes
640 1612 802 1703 Sprourlri
824 1613 1155 1703 innarohiapisooprn
1177 1611 1396 1686 moerentem
1418 1614 1640 1698 oonreorrtr'r,
1663 1612 1724 1686 inti
1746 1629 1806 1684 ero
1828 1612 1946 1684 ihm
2020 1713 2022 1716 Ι

964 1733 1198 1824 Strranptnrhi
1221 1734 1443 1808 renuntiante.
1476 1761 1478 1765 ·

532 1981 708 2056 Venerant
737 1983 780 2055 ad
808 1982 1073 2056 conventionem
1106 1980 1218 2074 ipsam
1233 1982 1264 2074 ¹)
1292 1983 1466 2058 Iohannes
1499 1983 1692 2076 Sproushi,
1721 2005 1742 2055 a
1768 1983 1976 2076 Praeposito

427 2103 624 2178 (inesnonsi
644 2110 678 2177 et
697 2105 878 2178 dnodeoim
905 2103 1103 2194 Canoniois,
1132 2109 1166 2179 ot
1191 2105 1358 2200 Magister
1376 2107 1526 2179 Thomas
1545 2105 1802 2206 Straampinshi
1816 2105 1846 2195 ⁵)
1874 2127 1898 2177 a
1919 2105 1976 2179 de·

426 2243 515 2315 oom,
544 2225 581 2298 in
608 2225 887 2319 arohiepisoopos
916 2226 1137 2302 (inesnenses
1166 2228 1285 2302 eleoti:
1315 2232 1473 2321 petentes
1501 2249 1643 2300 suarum
1663 2227 1872 2301 alentionem
1891 2249 1977 2300 oon·

426 2366 579 2420 sensnm.
617 2349 695 2421 Rex
708 2348 739 2439 ¹³)
775 2354 900 2443 negato
937 2349 1104 2442 Magistro
1141 2351 1291 2427 Thomas
1328 2349 1601 2442 Straampinshi',
1636 2350 1796 2441 quamvis
1830 2349 1868 2422 id
1909 2348 1980 2422 sibi

425 2469 583 2567 Praelati
610 2470 746 2562 aliquot
774 2475 808 2544 ot
825 2470 988 2560 harenae,
1025 2472 1138 2544 nolum
1166 2472 1231 2548 Dei
1258 2472 1442 2562 hahentes,
1470 2471 1737 2561 dissuadebant,
1765 2492 1980 2544 eonsensum

425 2589 593 2663 illumin
621 2591 797 2684 Sproushi
813 2593 843 2683 ⁷)
875 2593 1081 2682 transfudit,
1114 2598 1150 2666 et
1181 2593 1303 2668 literas
1331 2594 1374 2667 ad
1398 2593 1637 2687 Apostolioam
1665 2593 1788 2668 Sadom
1810 2613 1979 2667 neeesse·

424 2710 513 2801 rias,
541 2711 579 2785 in
607 2713 759 2788 favorem
788 2715 957 2790 Iohannis
985 2715 1162 2808 Sproushi
1189 2716 1265 2790 dari
1292 2716 1458 2790 deorerit.
1492 2715 1655 2790 Favisset
1688 2715 1852 2789 Summus
1879 2716 1981 2788 Pon-

424 2831 513 2907 tifex
540 2831 710 2909 Nioolaus
724 2836 755 2928 ⁸)
788 2836 826 2910 in
853 2837 1065 2930 providendo
1102 2839 1214 2933 magis
1250 2839 1402 2911 Thomas
1435 2837 1706 2930 Straampinshi:
1746 2837 1874 2931 quippe
1920 2839 1983 2931 qni

425 2954 501 3028 eius
528 2955 721 3032 doctrinam
749 2963 784 3032 et
811 2959 1063 3051 praestantiam
1099 2959 1229 3034 dudum
1266 2960 1416 3034 habebat
1452 2959 1643 3054 cognitam,
1681 2981 1785 3052 qnam
1820 2960 1983 3034 Iohanni

425 3076 614 3168 Sprouski.
644 3079 712 3152 Sed
739 3080 871 3153 Thoma
899 3101 960 3153 sno
989 3080 1059 3154 iuri
1087 3081 1349 3174 (spoliationem
1377 3081 1468 3155 enim
1497 3085 1532 3155 et
1560 3103 1659 3154 snam
1686 3087 1721 3155 ot
1748 3081 1817 3154 sibi
1845 3081 1983 3156 adhae-

423 3197 578 3272 rentium
605 3201 806 3292 verebatur)
833 3203 1072 3294 renuntiante,
1103 3204 1278 3278 Iohannes
1308 3203 1485 3297 Sproushi
1512 3225 1532 3276 a
1560 3203 1646 3277 Sede
1666 3203 1875 3296 Apostolioa
1896 3225 1982 3278 oon·

277 3357 281 3365 ·
424 3320 599 3409 firmatus,
628 3321 665 3393 in
693 3344 782 3395 anno
811 3323 1040 3417 subsequenti
1069 3325 1161 3418 apud
1189 3324 1372 3399 ecelesiam
1401 3325 1636 3400 (inasnensom
1664 3331 1890 3400 oonseoratus
1928 3333 1985 3400 eet

423 3462 485 3534 por
511 3442 703 3518 Iohannem
735 3443 985 3522 Grusuoninshi
1018 3445 1218 3542 episeopnm
1253 3445 1601 3537 wladislaviensem,
1635 3447 1691 3520 die
1724 3447 1838 3537 Solis,
1873 3455 1986 3523 sexta

423 3563 591 3640 Ianuarii.

800 3927 1165 4018 mnrtontinopolhrna
1187 3927 1264 4000 rrhr
1287 3945 1306 4000 a
1328 3928 1437 4000 irrata
1459 3928 1595 4019 raptim.
1712 3909 1715 3918 ’

527 4176 631 4250 Faria
649 4176 755 4250 tortia
768 4177 805 4250 in
820 4177 972 4251 erastino
993 4177 1227 4280 visitationis
1246 4179 1395 4252 Sanotao
1418 4177 1589 4269 itarital)
1609 4179 1811 4252 Karimirne
1831 4179 1921 4253 Rex
1940 4181 1986 4271 ¹⁰)

422 4319 466 4373 ox
493 4298 722 4373 oonventions
748 4299 1019 4391 Pyotrlroriensi
1046 4301 1244 4390 disnodans,
1274 4323 1344 4374 una
1371 4323 1448 4375 oum
1476 4300 1646 4395 genitrice
1665 4323 1730 4373 sua
1749 4301 1886 4393 Sophia
1910 4305 1986 4377 Re·

421 4420 504 4515 gina
523 4420 579 4511 ¹¹),
608 4442 670 4513 per
689 4420 897 4510 Praedhorn,
919 4419 1149 4516 Malogos'nou,
1171 4423 1372 4512 Audimus,
1394 4409 1595 4512 llislioiam,¹
1615 4421 1899 4511 Prosohowione,
1934 4427 1987 4498 te·

315 4615 319 4624 ,
421 4542 475 4616 ria
502 4543 652 4616 seonnda
679 4546 760 4616 ante
781 4543 929 4618 Sanotae
948 4544 1187 4638 Margarethae
1206 4542 1263 4634 ¹⁸¹),
1292 4565 1381 4637 quae
1409 4545 1477 4617 suit
1496 4566 1586 4617 nona
1605 4544 1735 4618 mensis
1754 4544 1858 4633 Iulii,
1894 4546 1987 4620 cra-

423 4661 558 4735 ooriam
585 4663 749 4737 intrarit:
787 4663 848 4738 nbi
875 4685 937 4757 per
964 4685 1082 4738 omnes
1109 4665 1184 4739 dias
1212 4665 1361 4740 oonsilio
1393 4666 1513 4739 habita
1541 4671 1624 4738 sunt
1651 4665 1823 4740 derebus
1850 4688 1987 4742 ooour·

421 4785 591 4858 rentibus.
621 4786 715 4880 Rogo
735 4783 779 4876 ¹¹)
806 4786 883 4860 illio
910 4792 1159 4877 commorante,
1188 4787 1438 4861 molestissima
1464 4787 1603 4860 nouitas
1631 4787 1746 4860 litoris
1773 4791 1806 4860 et
1832 4791 1989 4864 nuntiis

528 5007 553 5096 ¹)
576 5012 737 5074 'Posthansi
761 5007 837 5075 Coa.
863 5007 949 5074 Calo.
974 5011 1152 5091 Thasinensi
1180 5009 1256 5076 ooo.
1279 5010 1348 5074 La.
1380 5010 1406 5092 α)
1429 5011 1565 5074 induciae
1590 5007 1665 5075 Coa.
1691 5009 1757 5075 Lu.
1781 5010 1806 5092 ³)
1831 5013 1990 5078 Casimiri

418 5117 510 5194 Regis
532 5113 596 5188 Ed.
621 5113 713 5201 Lipe.
737 5113 762 5196 ⁴)
786 5117 825 5178 ad
847 5117 1077 5178 conventionem
1102 5119 1198 5196 ipsam
1219 5107 1473 5180 Piotrhoniansam
1495 5114 1558 5178 Ed.
1582 5115 1675 5200 Lips.
1704 5114 1731 5194 ⁵)
1754 5118 1990 5197 Strzampinski

421 5213 497 5284 Ood.
521 5217 630 5284 Przaz.
655 5219 681 5301 ⁶)
706 5221 865 5283 casimirus
888 5221 953 5282 Rex
975 5217 1038 5282 Ed.
1062 5219 1154 5304 Lips.
1190 5219 1215 5300 ⁷)
1238 5223 1269 5282 in
1293 5224 1433 5283 Ioannem
1456 5222 1606 5299 Sprowslri
1630 5218 1693 5283 Ed.
1710 5217 1802 5304 Lips.
1828 5219 1856 5300 8)
1884 5226 1990 5288 Niso-

418 5327 483 5386 laus
513 5327 633 5402 quintus
664 5321 727 5388 Ed.
760 5323 853 5408 Lipo.
885 5322 911 5406 ⁸)
934 5327 965 5385 in
988 5328 1115 5387 erastino
1145 5327 1213 5387 festi
1243 5327 1428 5388 Visitationis
1455 5327 1581 5388 Sanctae
1610 5327 1722 5386 Mariae
1748 5326 1887 5403 Virginis
1916 5328 1989 5394 Ed.

419 5425 512 5512 Lipo.
541 5427 579 5509 ¹⁰)
602 5430 743 5490 Poloniae
765 5429 829 5492 Rex
851 5426 914 5491 Ed.
938 5427 1031 5512 Lipe.
1061 5429 1099 5511 ¹¹)
1123 5431 1237 5508 Regina
1260 5431 1400 5493 Poloniae
1423 5427 1484 5493 Ed.
1508 5427 1598 5512 Lapa.
1625 5429 1665 5511 ¹⁹)
1688 5435 1756 5490 ante
1771 5431 1885 5492 tastum
1904 5436 1990 5498 San-
2075 5424 2076 5471 ἕ

419 5539 484 5596 otae
505 5533 712 5612 Margarothao
734 5529 797 5597 Ed.
820 5531 909 5618 Lips.
939 5532 977 5616 ¹³)
999 5535 1081 5612 Rege
1104 5535 1246 5597 animiro
1270 5531 1331 5596 Ed.
1354 5532 1444 5618 Lips.
