4082 6284
389 575 463 658 338
898 597 1011 676 ursan
1036 597 1281 657 bnonnonros
1309 578 1423 676 (xrrr).
1657 575 1725 683 (Α
1746 575 1795 655 D.
1816 529 1972 680 1462.)

388 909 502 980 taetro
524 907 701 980 Brodntczo
723 924 781 997 per
802 907 998 998 praesidium
1028 905 1179 978 kazimiri
1207 905 1306 994 lingis
1328 905 1496 976 druotlnir
1519 905 1646 993 dedito,
1668 906 1789 978 molius
1811 908 1956 994 sperne

1102 1027 1227 1097 hortos.

495 1274 672 1363 Peniculo,
712 1275 803 1366 quod
837 1279 951 1346 castro
984 1273 1232 1346 Brodnicaensi
1259 1273 1499 1346 renuntiatum
1532 1273 1650 1346 crebro
1678 1273 1771 1367 Regi
1800 1279 1863 1346 est
1892 1273 1954 1345 im-

391 1395 538 1484 minere,
568 1395 786 1467 Kauimirum
814 1396 944 1487 Regem
964 1395 991 1484 1)
1019 1393 1227 1486 impulsum,
1258 1415 1301 1466 ex
1329 1394 1494 1467 cracovia
1517 1394 1711 1467 discessum
1730 1401 1955 1478 maturante,

392 1517 700 1608 stipendiariorum
737 1537 818 1588 vero
846 1520 1001 1602 caterva,
1041 1514 1177 1587 emeriti
1215 1514 1382 1605 stipendii
1420 1511 1630 1587 solutionem
1667 1516 1955 1607 deposcentium,

392 1637 495 1709 illum
523 1635 731 1724 distinente,
770 1635 837 1706 duo
870 1635 1032 1723 barones,
1067 1634 1208 1708 Gabriel
1241 1635 1283 1707 de
1311 1635 1450 1725 Baysen
1481 1635 1661 1726 palatinus
1697 1635 1910 1708 dulmensis
1924 1633 1955 1722 ²)

393 1764 427 1831 et
455 1758 536 1830 Otto
553 1753 583 1846 3)
611 1756 812 1844 Machmas,
842 1755 925 1828 item
953 1756 1021 1826 duo
1049 1753 1286 1828 Gdanensium
1309 1754 1493 1842 (lonsules,
1523 1755 1711 1848 Philippus
1735 1755 1899 1828 Bisohor
1922 1763 1956 1827 et

392 1879 567 1951 Iohannes
595 1877 775 1967 hlarburg,
804 1875 943 1948 nomine
971 1875 1177 1947 militarium
1205 1879 1240 1948 st
1267 1875 1452 1947 civitatum
1480 1875 1645 1948 Prussiae
1673 1875 1796 1962 missi,
1827 1875 1954 1948 Gracc

393 1999 485 2070 viam
514 1997 721 2084 adveniunt,
751 2001 786 2068 et
813 1995 973 2087 exposito
1001 1995 1091 2088 Regi
1120 1995 1157 2068 in
1184 1993 1327 2087 quantis
1354 1996 1522 2087 periculis
1541 2001 1646 2088 atque
1666 1997 1882 2070 discrimine
1901 2017 1955 2069 res

393 2117 628 2192 Prnthenioae
655 2122 855 2205 versentur,
884 2123 1008 2209 rogant
1026 2116 1146 2204 illum,
1175 2123 1215 2187 ut
1234 2117 1276 2188 ad
1296 2117 1498 2206 tuitionem,
1528 2117 1854 2208 correctionemque
1876 2117 1955 2188 ills-

393 2261 486 2326 rum,
515 2237 720 2329 praesertim
748 2245 865 2309 tamen
893 2237 936 2307 ad
963 2237 1166 2308 solvendam
1195 2236 1410 2310 obsidionem
1436 2237 1702 2310 Brodnicaensis
1731 2237 1866 2324 castri,
1898 2258 1955 2308 cn·

394 2361 450 2432 ius
478 2359 621 2430 emissio
649 2357 837 2429 maximam
864 2357 968 2429 rebus
997 2357 1071 2428 suis
1099 2356 1286 2442 iacturam,
1316 2357 1471 2429 defensio
1498 2377 1580 2429 roro
1608 2357 1714 2430 decus
1742 2363 1780 2430 et
1810 2357 1955 2429 stabili-

395 2485 569 2568 mentum,
590 2479 743 2550 allatura
762 2479 867 2566 foret,
887 2484 1090 2570 consurgat,
1112 2477 1148 2549 in
1169 2478 1341 2568 terrisque
1369 2477 1534 2550 Pressius
1553 2499 1631 2550 curn
1649 2479 1773 2551 robore
1794 2477 1957 2550 militurn

396 2609 431 2674 et
457 2599 615 2692 gentium
644 2619 785 2670 suarum
813 2597 1043 2685 observando,
1078 2598 1170 2688 apud
1204 2605 1356 2669 castrum
1389 2598 1613 2690 Marienburg
1639 2598 1865 2670 domicilium
1896 2619 1957 2688 po-

396 2726 473 2792 nat:
503 2742 540 2793 se
566 2741 629 2812 pro
657 2718 866 2790 salariandis
894 2723 929 2791 ot
956 2718 1223 2790 manutenendis
1252 2717 1425 2790 militibus
1454 2718 1546 2806 suis,
1577 2718 1607 2790 si
1628 2719 1812 2790 Prussiam
1832 2739 1956 2810 perso

395 2841 469 2913 nali
487 2840 684 2933 praesentia
702 2840 900 2927 defendere,
929 2837 1020 2910 etin
1039 2837 1262 2929 Marienburg
1279 2838 1505 2910 residentiam
1525 2840 1644 2930 figere,
1674 2839 1853 2924 voluerit,
1886 2860 1957 2909 me-

353 2989 355 2994 ’
397 2961 563 3034 dietatem
591 2960 729 3032 Caisuae
744 2959 776 3048 ⁴)
805 2965 840 3031 et
863 2959 1011 3030 aliorum
1032 2979 1170 3029 suorum
1192 2957 1417 3044 introituum,
1448 2959 1631 3030 thesauros
1659 2980 1800 3050 quoque
1820 2959 1860 3029 in
1882 2979 1958 3031 eam

398 3082 490 3154 diem
518 3087 716 3173 congestos,
747 3087 782 3152 et
809 3084 984 3171 postremo
1017 3099 1134 3151 omnes
1167 3079 1325 3150 fortunas
1353 3099 1435 3149 suas
1464 3077 1646 3150 effusurus.
1681 3078 1765 3150 Tam
1796 3080 1959 3150 humana

399 3208 434 3276 et
461 3201 601 3274 liberali
628 3201 802 3293 legatione
830 3199 1031 3271 Kazimirus
1059 3199 1136 3271 Rex
1164 3205 1358 3290 permotus,
1393 3199 1512 3270 missis
1545 3199 1589 3270 ad
1617 3199 1809 3291 Georgium
1838 3199 1957 3272 Bohe·

399 3322 488 3395 miae
516 3322 647 3413 Regem
679 3319 814 3392 duobus
845 3319 1051 3407 baronibus,
1085 3318 1262 3391 Stanislao
1296 3318 1463 3411 Ostrorog
1493 3319 1651 3410 palatino
1679 3319 1896 3391 Calissiensi
1924 3323 1958 3392 et

399 3443 554 3514 Iohanne
574 3439 800 3512 'lharnowski
819 3440 1010 3513 castellano
1030 3439 1260 3511 Sandeenensi
1271 3495 1280 3528 ‚
1309 3460 1346 3511 se
1365 3460 1442 3510 curn
1463 3439 1525 3510 illo
1550 3439 1642 3531 apud
1661 3439 1875 3530 Glogoviam
1896 3461 1958 3531 pro

400 3561 622 3654 quindecima
649 3561 704 3633 die
732 3560 816 3632 Maii
832 3559 863 3649 5)
891 3563 1161 3646 conventurum,
1195 3558 1410 3650 arbitrioque
1442 3581 1505 3631 suo
1533 3580 1639 3651 super
1665 3560 1769 3632 rebus
1801 3559 1956 3632 Prnthe·

400 3683 505 3771 uicis,
534 3682 616 3753 dum
643 3685 760 3754 tamen
779 3701 816 3753 se
835 3685 945 3752 terras
965 3680 1160 3768 naturales,
1188 3677 1428 3751 chelmensem
1444 3679 1487 3768 ⁰),
1516 3679 1743 3751 Pomeraniae
1763 3689 1800 3750 et
1820 3679 1956 3751 llicha·

400 3803 591 3875 loriensem
619 3801 708 3893 Regi
735 3800 914 3872 Karimiro
941 3799 1150 3892 polliceatur
1177 3798 1474 3888 adiudicaturum,
1502 3799 1694 3890 respondit.
1729 3801 1759 3870 Α
1790 3799 1955 3872 Consob-

400 3924 466 3996 bus
502 3921 627 3994 deinde
664 3926 700 3993 et
735 3921 984 3993 communitate
1019 3919 1177 3992 civitatis
1214 3918 1470 4006 cracoviensis,
1511 3918 1651 3992 Caisnae
1688 3941 1750 3991 seu
1791 3920 1956 4012 gabellae

403 4044 578 4116 solutione
600 4043 630 4131 τ)
663 4041 817 4113 crebrius
850 4041 1026 4132 expetita,
1059 4061 1123 4112 nec
1155 4039 1296 4112 obtenta
1332 4039 1478 4131 (recenti
1514 4041 1605 4112 enim
1638 4040 1847 4133 privilegio,
1889 4059 1955 4131 quo

401 4164 478 4237 Rex
509 4162 711 4234 Karimirus
744 4163 838 4234 cives
871 4161 1114 4234 cracovienses
1142 4182 1231 4233 anno
1258 4181 1344 4249 uno,
1379 4181 1446 4252 quo
1474 4159 1679 4252 gebellaefl)
1708 4161 1842 4232 solutio
1875 4161 1950 4232 eri·

401 4285 565 4377 gebatur,
594 4283 731 4374 elapso,
760 4303 938 4374 nunquam
972 4302 1009 4354 se
1042 4286 1253 4354 vexatarum
1290 4280 1522 4368 astrinxerat,
1565 4301 1602 4352 se
1639 4281 1859 4370 tuebuntur),
1899 4281 1952 4352 de

402 4405 493 4477 eima
519 4403 703 4476 Februarii
719 4403 750 4491 9)
779 4401 835 4475 die
864 4423 907 4474 ex
935 4402 1099 4474 Gracovia
1130 4422 1209 4473 cum
1236 4401 1421 4474 Elisabeth
1448 4403 1599 4494 Regina,
1633 4402 1690 4473 cui
1723 4407 1810 4473 tunc
1838 4401 1952 4472 omnia

402 4530 518 4598 castra
545 4529 581 4596 et
608 4523 787 4610 civitates,
820 4521 1059 4613 possessiones
1088 4525 1122 4594 et
1149 4521 1271 4609 villas,
1300 4541 1321 4593 a
1348 4519 1480 4612 Sophia
1511 4522 1646 4614 Regina
1673 4521 1710 4592 in
1738 4521 1821 4592 dote
1852 4521 1950 4592 habi·

403 4650 473 4734 tas,
502 4643 611 4736 priori
638 4643 734 4730 dote,
761 4642 856 4734 ‘quod
883 4662 961 4714 aere
988 4663 1112 4734 magno
1140 4641 1340 4730 tenebatur,
1369 4639 1649 4734 circumscripta,
1683 4641 1721 4713 in
1748 4642 1865 4714 dotem
1894 4639 1950 4711 dat

299 4841 301 4847 ,
402 4771 438 4838 et
465 4763 642 4849 inscribit,
672 4767 707 4835 et
733 4762 964 4854 primogenito
984 4763 1028 4849 ¹⁰)
1062 4761 1256 4834 Wledislao
1286 4761 1438 4854 primum
1471 4767 1545 4834 tum
1581 4761 1801 4853 equitaturae
1834 4759 1947 4852 appli-

403 4893 497 4974 cato,
525 4884 684 4977 gabellae
703 4885 748 4973 ¹¹)
776 4884 956 4957 exactione
983 4883 1129 4955 Nicolao
1154 4883 1402 4975 Pyenpansnek
1429 4881 1681 4956 sueoamerario
1710 4886 1746 4955 st
1769 4881 1947 4973 capitaneo

512 5191 534 5272 ¹)
556 5193 697 5253 Poloniae
721 5193 831 5268 Regem
855 5187 917 5254 Ed.
948 5188 1038 5274 Lips.
1071 5190 1097 5270 ⁹)
1121 5191 1304 5252 Chelmensis
1329 5185 1406 5252 Coe.
1429 5187 1539 5252 Przez.
1571 5187 1599 5271 8)
1631 5189 1711 5251 Otha
1742 5184 1818 5251 cod.
1840 5185 1946 5250 Przss.

405 5295 432 5374 ⁴)
456 5297 558 5357 tributi
589 5293 653 5356 Ed.
684 5293 777 5378 Lr'ps.
809 5293 834 5374 ὗ)
865 5296 974 5356 mensis
1004 5296 1075 5354 Maii
1105 5291 1168 5356 Ed.
1198 5291 1292 5377 lips.
1323 5291 1350 5373 ⁶)
1380 5294 1584 5355 Chelmensem
1613 5295 1754 5354 videlieet
1774 5289 1836 5354 Ed.
1857 5289 1946 5374 Lep.

408 5397 433 5478 τ)
464 5399 566 5459 tributi
597 5399 742 5459 solutione
770 5395 834 5460 Ed.
866 5395 956 5481 Lips.
989 5397 1016 5478 Ε)
1044 5397 1147 5458 tributi
1177 5393 1242 5460 Ed.
1275 5393 1365 5479 laps.
1396 5393 1423 5476 ⁸)
1452 5397 1563 5457 mensis
1591 5397 1748 5458 Februarii
1774 5393 1837 5458 Ed
1855 5392 1946 5478 Lr'ps.

410 5501 451 5588 ¹⁰)
473 5503 513 5562 nt
534 5520 599 5562 cum
621 5502 816 5579 primogenito
840 5498 902 5562 Ed.
926 5499 1019 5583 Lipa.
1047 5499 1084 5581 ¹¹)
1106 5501 1208 5562 hibnti
1229 5504 1328 5560 tamen
1350 5497 1413 5560 Ed.
1437 5497 1528 5584 Lipe.
