4052 6286
83 537 202 642 (11.1).
223 535 349 636 1461.)
543 527 546 530 ’
582 559 696 614 6666
722 560 968 615 6666666666
995 544 1109 632 (666).
1543 539 1616 615 451

82 745 190 834 torsit,
219 744 349 836 66161)
378 744 606 817 suadentibus
640 746 757 838 fugam
790 745 1020 834 consiliariis,
1054 747 1162 819 donec
1194 767 1264 838 pax
1298 746 1410 820 omnis
1437 767 1549 840 usquo
1577 743 1621 820 ad

81 873 266 941 extremum
294 867 448 956 perfecta
475 865 560 953 fuit,
591 865 783 938 subsistere
811 865 848 938 16
875 867 1015 939 Theron
1048 867 1302 959 perseuerauit,
1337 889 1469 961 suoque
1496 867 1619 942 huius·

83 985 168 1060 modi
194 985 348 1057 mirabili
377 986 581 1057 duramento
608 986 790 1058 Praelatos
811 990 846 1058 ot
870 987 1107 1075 consiliarios,
1138 989 1256 1080 lugam
1274 1009 1403 1081 pavore
1422 987 1546 1062 mortis
1565 1009 1620 1060 as·

82 1107 174 1180 sidno
191 1105 386 1195 grassantis
406 1105 629 1193 meditantes,
659 1126 703 1178 ne
730 1106 883 1195 abirent,
912 1108 1004 1180 eirca
1023 1129 1059 1181 se
1078 1107 1269 1197 continuit,
1298 1108 1483 1200 uirumque
1503 1129 1540 1182 so
1560 1109 1619 1182 hs·

79 1226 220 1310 roicum,
249 1225 342 1296 1666
369 1225 481 1318 pestis
509 1225 661 1298 nihilum
687 1226 886 1317 pendendo,
915 1227 1137 1300 monstravit.

475 1579 585 1651 llostir
607 1596 665 1669 par
686 1579 810 1652 militer
831 1579 994 1652 16666166
1016 1579 1217 1670 prodigatur.

175 1825 351 1898 Vicesima
371 1827 495 1917 quinta
514 1826 730 1918 Septembris
747 1825 789 1916 ²),
803 1829 938 1900 'hostes
957 1847 1001 1900 ox
1020 1833 1136 1900 monte
1163 1826 1297 1900 Nicnlro
1311 1825 1361 1917 ³),
1391 1847 1493 1920 quem
1514 1827 1623 1902 erra

75 1945 201 2033 abluit,
230 1967 337 2037 prope
366 1945 527 2018 Saarnow
555 1947 793 2034 incastellato,
824 1947 907 2020 dum
934 1947 972 2020 in
995 1947 1151 2020 Musonio
1169 1947 1207 2019 16
1225 1969 1368 2021 numero
1389 1947 1623 2041 quadraginta

74 2066 230 2158 equitum
251 2066 363 2158 spolia
381 2072 539 2158 agerent,
560 2088 580 2139 6
596 2067 796 2160 Dadnibogo
810 2067 853 2139 de
868 2066 1130 2157 (1616111664),
1150 2087 1275 2160 genere
1292 2067 1485 2156 Iunoscba,
1506 2074 1541 2141 et
1560 2089 1619 2140 cu·

74 2185 291 2274 6166611661)
311 2186 421 2261 Ducis
437 2187 612 2260 Maeoniae
627 2187 790 2274 Oonradi,
809 2187 987 2280 profligati
1006 2193 1105 2276 6661;
1124 2208 1224 2260 6666
1242 2187 1335 2280 ipse,
1356 2188 1417 2280 qui
1431 2210 1452 2261 a
1466 2189 1624 2262 Mischla

72 2311 106 2379 61
133 2307 301 2379 trecentis
329 2306 404 2378 suis
432 2307 660 2399 complicibus
688 2307 888 2396 tenebatur,
918 2313 1157 2402 expugnatus,
1188 2329 1323 2398 omues,
1352 2309 1412 2400 qui
1439 2308 1543 2382 11166
1567 2315 1622 2382 tn·

72 2426 254 2515 labantur,
284 2448 304 2499 6
331 2426 506 2500 militibus
535 2427 711 2500 Masouiae
738 2433 799 2499 aut
827 2427 933 2500 eccisi
948 2428 992 2519 θ),
1020 2433 1082 2500 661
1109 2429 1216 2521 capti.

89 2781 158 2854 lox
181 2783 340 2871 pamulae
362 2781 449 2852 ultm
471 2781 617 2870 61166666
639 2780 844 2854 iureiurando
867 2781 1280 2869 166616,16161616666
1302 2785 1402 2873 atqua
1424 2783 1602 2856 1166116166

641 2901 790 2974 nonnil
812 2905 1061 2974 comumnatnr.

177 3149 243 3222 Die
272 3149 382 3237 Solis,
412 3147 545 3221 decima
572 3169 664 3220 nona
691 3147 851 3222 Octobris
868 3151 910 3240 7),
938 3171 1023 3243 pace
1051 3154 1220 3243 perpetua
1244 3149 1281 3222 16
1299 3149 1475 3223 uniuersis
1495 3150 1623 3224 articu-

66 3272 132 3359 lis,
164 3269 426 3344 conditionibus
454 3275 558 3360 atque
585 3269 743 3361 punctis,
772 3291 835 3361 per
862 3270 937 3359 dios
963 3271 1084 3362 plures
1111 3271 1264 3364 digesta,
1302 3271 1440 3360 limata,
1479 3291 1621 3344 concor-

65 3392 152 3464 data
190 3395 226 3464 et
252 3391 289 3463 16
316 3389 542 3482 privilegium
570 3391 732 3482 perpetui
765 3391 930 3479 foederis,
965 3391 1030 3464 sub
1058 3391 1185 3464 Latino
1217 3390 1399 3480 idiomate,
1433 3413 1510 3464 cum
1543 3391 1624 3464 sub·

65 3511 265 3603 scriptione
292 3531 417 3584 manus
443 3511 604 3602 propriae
632 3511 811 3603 Rndolphi
839 3512 1024 3604 apostolici
1051 3512 1176 3605 Legati
1203 3516 1238 3584 et
1265 3511 1371 3584 trium
1399 3511 1625 3584 Notariorum

63 3632 310 3723 publicorum,
341 3630 472 3723 sigillis
500 3631 645 3722 insuper
671 3631 845 3704 Kurimiri
871 3631 1037 3706 Poloniae
1065 3631 1174 3725 Regis
1203 3635 1238 3704 61
1265 3629 1436 3704 Ludovici
1463 3631 1626 3723 Magistri

65 3751 216 3825 Ordinis
234 3751 417 3840 Prussiae,
438 3751 678 3824 Praelatornm
698 3759 890 3844 quoquest
910 3751 1189 3824 consiliariorum
1206 3750 1320 3843 partis
1339 3751 1544 3843 utriusque,
1571 3771 1624 3824 re·

63 3873 175 3944 dacta
204 3875 310 3963 atque
335 3871 514 3958 roborata,
543 3871 1242 3964 6661616666(1161166116666666616,
1271 3877 1421 3962 uterque
1439 3891 1518 3943 cum
1538 3869 1624 3958 suis,

61 3993 148 4065 Rex
180 3991 347 4064 videlicet
374 3995 409 4064 et
436 3991 605 4083 Magister
618 3991 662 4082 8),
698 3993 734 4064 in
766 4013 891 4084 magna
922 3992 1152 4066 multitudine
1182 3990 1415 4083 personaliter
1448 3990 1623 4064 convenit.

60 4113 112 4184 Mt
141 4117 229 4204 post
255 4117 396 4184 mutuas
425 4112 665 4202 exceptiones,
695 4113 927 4185 salutationes
946 4117 982 4186 et
1000 4113 1203 4203 amplexus,
1224 4117 1299 4183 tum
1318 4111 1468 4202 primum
1488 4109 1625 4204 allego

60 4234 100 4306 in
121 4232 354 4324 Magistrum,
383 4236 418 4303 et
445 4232 745 4305 vicissitudinario
765 4233 891 4321 iactus,
918 4232 1059 4305 silentio
1078 4233 1228 4320 indicto,
1256 4230 1467 4322 Rudolpbus
1482 4231 1513 4320 9)
1542 4251 1623 4322 apo-

59 4353 225 4426 stolicus
252 4352 405 4443 Legatos
432 4371 551 4442 pacem
579 4352 671 4425 inter
697 4353 918 4426 Kauimirum
945 4353 1112 4426 Poloniae
1131 4353 1279 4445 Regem,
1309 4372 1461 4443 suosque
1479 4371 1523 4424 ex
1541 4371 1624 4437 666,

59 4479 98 4546 61
118 4471 345 4545 Ludouioum
365 4471 573 4564 Magistrum
593 4475 637 4561 10)
666 4477 701 4545 61
728 4473 907 4562 Ordinem,
938 4493 1105 4564 suosque,
1134 4473 1294 4564 partibus
1322 4492 1365 4545 ex
1393 4472 1519 4560 altera,
1548 4470 1626 4543 ioli·

57 4595 159 4667 citer
195 4591 336 4680 initam,
366 4598 641 4666 consummatam
669 4598 704 4665 ot
727 4595 928 4666 conclusam
954 4593 1128 4685 publicat,
1157 4597 1192 4666 et
1218 4591 1369 4684 primum
1397 4591 1434 4662 16
1461 4591 1627 4663 idiomate

57 4711 304 4802 Almarmico,
324 4732 403 4784 cum
422 4713 627 4786 Polonicunn
646 4714 838 4805 ignoraret,
872 4713 995 4787 deinde
1022 4734 1085 4806 per
1112 4733 1279 4805 organum
1311 4710 1488 4784 Vincentii
1516 4711 1624 4802 Kyel·

185 5037 209 5117 ¹)
231 5056 327 5116 neque
351 5033 427 5101 0661.
449 5035 559 5100 Przez.
584 5039 655 5114 quin
679 5039 815 5114 quamvis
837 5035 901 5101 Ed.
924 5034 1015 5122 Dipo.
1051 5035 1073 5118 1)
1097 5037 1209 5098 mensis
1238 5036 1420 5114 Septembris
1442 5031 1505 5096 Ed.
1533 5031 1627 5116 Ilipa.

56 5143 84 5226 ³)
112 5141 240 5204 Hicako
260 5137 323 5204 Ed.
347 5139 440 5224 Lipr.
472 5139 498 5218 ⁴)
522 5142 559 5201 de
582 5141 747 5218 Ooledlrour
781 5136 990 5204 0661666.
1023 5135 1387 5221 ι1)Δ61161616’61.ῙΛ“6)6.
1419 5135 1630 5218 ⁶)desiderati

56 5242 148 5309 Cod.
179 5239 269 5306 Calo.
295 5242 319 5322 7)
343 5245 453 5305 mensis
477 5243 614 5306 Octobris
637 5241 699 5304 Ed.
723 5240 816 5326 Lipe.
841 5243 867 5322 8)
890 5245 954 5305 Rex
975 5243 1115 5306 videlicet
1137 5242 1297 5303 Oasimirus
1321 5247 1351 5302 61
1371 5242 1515 5317 Magister
1530 5239 1628 5300 Ludo·

52 5351 155 5412 vicus
183 5339 247 5410 Ed.
271 5344 361 5430 laps.
386 5345 412 5427 ⁶)
434 5346 608 5424 Rudolpbus
630 5347 796 5424 Episcopus
818 5348 1002 5408 Louentinus
1024 5343 1089 5408 Ed.
1113 5341 1205 5428 Lips.
1233 5343 1274 5424 ¹⁰)
1296 5345 1438 5406 Prussiao
1451 5343 1628 5420 Magistrum

52 5449 129 5516 Ed.
160 5447 258 5535 Lipe.

83 5607 111 5648 a.
128 5601 488 5652 accumularemus.
1437 5579 1471 5632 58
1600 5633 1602 5637 ,
