4040 6290
90 554 371 657 (Α.ῠ.1474.)
604 577 717 630 arnna
743 577 987 630 nnonuenrus
1016 561 1131 648 (1111).
1563 557 1638 628 599

89 769 246 855 tempore
272 783 331 838 eos
359 761 600 855 qualifioante‚
630 760 829 834 tardissime
848 760 886 833 in
904 781 979 834 eam
999 761 1258 852 expeditionem
1286 762 1541 854 eonsurgendo,
1570 760 1637 834 ril-

87 885 141 956 las
169 883 426 958 eoelesiastioas
454 883 618 956 devorare
645 881 817 968 eontenti,
846 881 1002 954 exolusis
1030 902 1148 956 aarum
1175 883 1326 971 eoloris,
1355 882 1420 955 snb
1448 881 1553 955 teatIs
1580 900 1636 953 eo·

88 1025 167 1076 rum
195 1005 299 1096 longo
322 1007 478 1094 tempore
495 1000 763 1089 delitescebant,
784 1005 819 1074 at
837 1000 979 1074 interim
997 1002 1118 1074 bootes
1136 1002 1260 1091 libere,
1288 1003 1388 1074 nullo
1407 1003 1636 1093 repugnante,

88 1123 132 1196 ad
158 1123 322 1215 praedas,
350 1123 471 1196 modes
499 1127 535 1194 et
560 1121 720 1194 inpendia
747 1120 1018 1212 oiroumqnaque
1044 1121 1305 1213 grassabantur.
1340 1120 1500 1194 Castrum
1531 1119 1638 1193 etiarn

89 1242 246 1334 episeopi
274 1241 513 1315 CraoorIsnsis
540 1240 741 1328 MusohIna,
774 1241 817 1313 ab
844 1241 954 1312 altero
982 1239 1140 1314 exereltu
1167 1240 1276 1334 Regis
1303 1239 1506 1332 Hungariee
1525 1239 1565 1329 ¹),
1594 1238 1638 1311 ob

88 1362 302 1454 pauoitetem
329 1361 606 1450 defendentium,
634 1365 737 1452 paeto
764 1359 922 1433 deditum
950 1365 1015 1433 esf.

88 1715 258 1786 moreau
280 1731 337 1803 por
359 1713 493 1786 nendos
519 1713 700 1803 tangentes
716 1715 751 1784 et
765 1712 916 1784 lalonm
939 1712 1118 1799 terebrato,
1141 1728 1207 1802 pu
1228 1711 1318 1784 inter
1339 1711 1491 1784 latidum
1514 1713 1550 1784 et
1575 1711 1638 1784 Ia·

95 1834 239 1906 nutum
267 1833 373 1924 llegoa
401 1835 561 1920 matur,
591 1835 627 1904 ot
655 1850 726 1904 orm
755 1831 930 1904 wladislao
959 1832 1128 1904 solemne
1150 1832 1237 1922 baga
1259 1832 1433 1906 inornatis
1455 1835 1572 1921 berga
1593 1832 1640 1904 in·

785 1952 947 2025 sentitur.

194 2198 406 2291 Priusquam
432 2204 550 2272 autem
577 2201 711 2274 bellum
737 2201 934 2292 praefatum
961 2219 1100 2292 serpere
1127 2199 1315 2292 eoepissot,
1344 2199 1500 2274 Praelati
1524 2204 1560 2273 et
1577 2199 1637 2274 ba·

90 2341 193 2393 rones
220 2320 424 2413 Hungariee
455 2320 608 2413 gliscens
635 2321 767 2394 malum
795 2319 968 2410 sedaturi,
1001 2319 1121 2393 missis
1149 2320 1193 2392 ed
1220 2320 1402 2393 Praelatos
1429 2323 1465 2392 et
1491 2319 1639 2392 barones

90 2439 258 2512 Poloniae
276 2439 518 2531 frequentibus
536 2440 688 2528 nuntiis,
708 2443 918 2514 conventum
936 2439 1225 2530 depredabantur.
1254 2439 1329 2531 Quo
1347 2438 1551 2530 impetrato,
1579 2439 1637 2512 de·

91 2559 223 2650 signati
250 2559 392 2633 morunt
418 2560 462 2632 ad
489 2560 592 2633 illurn
625 2581 688 2652 per
714 2560 884 2632 Mathiam
917 2560 1119 2653 Hungariee
1152 2559 1299 2652 Regem,
1332 2557 1393 2650 qui
1424 2561 1637 2646 eonstanter,

91 2678 152 2752 sad
178 2679 292 2768 uafre,
328 2679 478 2773 negabat
505 2701 542 2754 se
569 2701 652 2774 agro
679 2680 846 2754 Polonioe
876 2681 1011 2754 bellum
1042 2679 1225 2766 intulisse,
1259 2677 1401 2753 Gabriel
1428 2678 1637 2769 Transylra-

91 2799 242 2888 niensis,
271 2799 452 2872 Osualdue
479 2799 738 2893 Zagrabiensis,
768 2800 938 2892 episeopi,
969 2800 1149 2874 llmerious
1169 2799 1269 2890 Dpalr
1287 2798 1329 2871 de
1348 2798 1500 2889 Zapolya
1518 2796 1638 2870 Gonnos

93 2917 374 3011 Saaopusiensis,
413 2919 587 2992 Iohannes
623 2921 832 2993 Panoratius
864 2921 1051 2993 Palatinus
1087 2917 1429 3011 Transplraniensis,
1467 2915 1639 3009 Georgius

92 3037 477 3130 Quinqueooolesiensis
504 3045 539 3112 ef
565 3039 694 3132 Gaepar
721 3039 999 3132 Senepusiensis,
1027 3037 1236 3130 Praepositi.
1265 3037 1457 3130 DeputarIt
1476 3041 1511 3110 et
1529 3036 1636 3109 Kaai·

92 3158 202 3230 mirus
229 3158 396 3231 Poloniae
427 3159 504 3232 Rex
533 3181 632 3248 suos,
664 3159 831 3233 videlieet
863 3161 1027 3233 Iaeobum
1060 3157 1360 3250 arehiepiscopum
1388 3158 1637 3244 Gnesnensem,

92 3278 283 3352 Iohannem
311 3278 513 3371 episeopum
540 3279 818 3369 Craooriensem
847 3281 1058 3352 Dobeslaum
1085 3278 1234 3350 Kmitha
1261 3277 1492 3350 eastellanum
1515 3275 1637 3348 Lubli·

92 3417 235 3471 nansem
266 3404 302 3470 ot
332 3398 524 3472 Iohannem
555 3399 598 3470 de
630 3399 831 3491 Rithuyani
863 3398 978 3491 Regni
1009 3398 1176 3472 Poloniae
1207 3396 1428 3470 marsalonm.
1461 3395 1529 3468 Sed
1556 3395 1638 3467 dum

93 3516 287 3589 Pannoniei
314 3522 469 3591 oratores
496 3517 533 3590 in
560 3518 737 3608 Luboeaa,
765 3519 827 3591 nbi
854 3523 890 3592 ot
916 3517 1118 3611 Hungariee
1146 3519 1225 3590 Rex
1239 3515 1270 3606 ²)
1299 3521 1389 3604 erat,
1419 3520 1454 3590 et
1480 3515 1640 3588 Poloniei

93 3635 129 3708 in
149 3635 303 3709 Sardoos
330 3637 471 3724 stando,
499 3637 542 3710 de
561 3637 671 3710 salvis
690 3637 919 3711 eonduotibus
937 3641 973 3711 ot
991 3657 1111 3711 eorum
1129 3636 1323 3710 inelfioaeia
1340 3635 1530 3728 iurgando,
1550 3638 1637 3707 tem-

93 3777 159 3846 pus
188 3761 355 3829 tererent:
385 3758 498 3828 multa
524 3757 631 3846 mala,
660 3757 782 3830 eaedes
806 3761 840 3831 et
858 3758 1019 3830 incendia
1047 3761 1167 3830 seeuta
1194 3761 1293 3845 sunt,
1319 3755 1540 3846 insidiaeque
1560 3774 1637 3826 sus·

93 3880 214 3968 poetae
248 3882 457 3949 conventum
489 3883 687 3949 nostrorum
719 3898 798 3950 eum
830 3877 1022 3950 Pannoniis
1054 3877 1304 3968 impediebant,
1335 3875 1464 3968 quibus
1490 3875 1639 3948 barones

94 3995 261 4068 Poloniae
278 3997 482 4084 neotendos,
502 3997 631 4087 uulgus
651 3997 885 4070 fabulabatur.
915 3997 1098 4070 Interdum
1117 3995 1277 4070 omnibns
1295 3995 1441 4087 pariter,
1461 3993 1638 4067 interdum

95 4114 162 4186 soli
186 4117 372 4204 marsaleo,
400 4116 466 4188 hoo
492 4117 623 4188 malum
651 4116 861 4189 minabatur.
890 4117 963 4190 Sub
992 4138 1059 4209 qno
1088 4122 1243 4209 tempore
1266 4115 1418 4188 Mathias
1437 4112 1639 4206 Hungariee

94 4235 172 4307 Rex
204 4257 312 4306 unum
340 4256 383 4308 er
411 4235 703 4308 ambasiatoribus
719 4234 750 4325 3)
783 4236 874 4325 suis,
912 4236 1110 4310 Oswaldum
1137 4237 1337 4328 episcopum
1361 4233 1638 4326 Zagrabiensem,

94 4359 128 4425 et
154 4355 341 4445 plerosque
367 4354 409 4428 de
438 4354 512 4444 his,
541 4356 602 4447 qui
629 4356 667 4428 iu
694 4377 756 4428 suo
785 4356 943 4430 exercitu
971 4357 1144 4430 dueebaut
1170 4355 1325 4443 ordines,
1354 4354 1457 4446 quasi
1475 4373 1553 4426 oum
1572 4352 1638 4423 Po·

94 4473 187 4545 lonis
214 4474 402 4563 sentirent,
432 4473 468 4546 in
496 4475 657 4548 Luboana
688 4475 894 4567 captivavit.
929 4476 1080 4549 Pandam
1113 4476 1195 4548 dum
1222 4474 1315 4566 apud
1341 4473 1534 4565 Antiquam
1563 4471 1638 4542 Vil-

94 4594 164 4666 lam
184 4593 360 4686 Hungari,
389 4595 481 4686 apud
500 4595 745 4670 Saramouieas
767 4596 893 4668 Poloui
912 4617 956 4668 ex
975 4617 1069 4669 more
1092 4595 1353 4682 eonvenissent,
1382 4613 1452 4685 pax
1471 4595 1641 4686 perpetua

97 4713 188 4786 inter
219 4714 341 4805 Regna
371 4716 556 4787 reformata
589 4720 643 4788 est
670 4715 726 4788 die
754 4717 874 4788 Lunae
901 4715 1069 4789 rieosima
1095 4715 1209 4807 prima
1235 4713 1419 4788 Februarii
1434 4714 1479 4803 ⁴),
1507 4711 1640 4804 eaptivi

95 4833 239 4921 redditi,
267 4837 382 4906 eastra
408 4834 619 4926 interoopta,
648 4835 813 4909 videlieet
841 4835 1001 4928 Smigrod
1029 4841 1064 4908 et
1091 4833 1275 4908 Musohine
1304 4833 1486 4922 restituta,
1515 4832 1641 4904 damna

96 4951 285 5028 hincinde
313 4962 551 5047 oompensata,
584 4977 663 5028 enm
697 4955 884 5029 Bohemiaa
915 4957 1011 5048 Rege
1026 4954 1057 5044 ὅ)
1090 4961 1125 5028 ot
1151 4955 1272 5047 Regno
1304 4953 1491 5026 triennalis
1518 4955 1643 5045 treuga

203 5245 228 5325 ¹)
249 5245 380 5308 Mathiae
410 5245 502 5326 Regis
531 5247 703 5325 Hungariee
731 5243 795 5310 Ed.
825 5243 916 5331 Lips.
948 5245 976 5327 ⁹)
1006 5246 1135 5309 Mathfae
1163 5245 1335 5324 Hungariee
1362 5244 1427 5306 Rex
1456 5240 1519 5307 Ed.
1550 5239 1641 5326 Lapa.

97 5347 268 5536 ssdheffl:
290 5347 352 5413 Ed.
377 5348 467 5433 pre.
492 5350 517 5432 ⁴)
540 5353 651 5414 mensis
672 5352 827 5413 Februarii
848 5347 911 5414 Ed
935 5348 1026 5434 Lipe.
1055 5349 1080 5430 ⁵)
1104 5365 1169 5412 oum
1191 5349 1356 5411 wladislao
1377 5349 1460 5426 Rege
1476 5347 1642 5408 'Bobemfae
