4052 6286
90 535 158 635 (Α.
177 531 224 612 Β.
245 533 371 637 1418.)
428 615 431 620 ,
605 561 720 617 ursan
745 563 991 618 uoonnormus
1019 548 1134 638 (xm).

537 983 753 1097 ANNUS
789 983 1019 1098 DOMINI
1054 985 1194 1100 1468.

85 1226 182 1296 dives
205 1225 393 1298 mansuro
424 1228 510 1317 opud
541 1192 742 1300 Korimirum'
764 1228 882 1319 degam
905 1246 962 1318 uer
984 1227 1151 1303 hordeum
1174 1232 1215 1303 de
1237 1233 1368 1304 Pleuron
1391 1233 1645 1324 meriturum
1767 1323 1770 1330 Δ

85 1346 214 1420 ordinis
236 1347 431 1436 omeliarioi,
454 1350 548 1440 qussi
571 1350 613 1423 od
634 1350 808 1422 iohannem
838 1351 1040 1440 termnum
1069 1353 1185 1425 bosom
1208 1354 1347 1426 deterre
1369 1355 1570 1442 uoluissent,
1593 1371 1645 1425 ro·

692 1473 800 1545 usae
823 1491 859 1544 re
882 1477 1033 1564 purgent.
1091 1529 1093 1532 -

190 1720 314 1792 Natali
341 1719 482 1793 Domini
520 1722 632 1794 nostri
664 1722 721 1795 die
753 1743 831 1796 oum
860 1723 1104 1816 sequentibus,
1138 1724 1341 1798 Karimirus
1368 1725 1536 1800 Poloniae
1563 1727 1641 1800 Rex

85 1863 166 1914 oum
195 1841 378 1916 Elisabeth
406 1843 557 1936 Regina,
586 1844 679 1935 apud
703 1842 844 1917 Viluam
865 1845 1055 1934 eelebrato,
1084 1846 1190 1918 otiam
1217 1845 1390 1938 reliquam
1408 1851 1546 1939 partem
1563 1847 1638 1921 hie·

83 1962 154 2035 mis
182 1969 216 2036 et
243 1961 456 2055 principium
484 1964 577 2036 ueris
605 1965 642 2036 in
660 1965 873 2038 hithuaniea
893 1985 953 2038 oro
971 1966 1103 2059 eregit,
1130 1971 1191 2039 aut
1210 1967 1403 2059 legationes
1423 1967 1638 2060 expediendo

83 2083 307 2176 Principum,
337 2088 398 2158 aut
421 2085 596 2158 interdum
616 2087 797 2160 traotando
817 2087 1031 2160 uenationes.
1059 2088 1128 2160 Pro
1147 2088 1270 2161 diebus
1298 2090 1416 2162 autem
1443 2087 1638 2181 Carnispri·

83 2203 136 2276 vii
164 2205 338 2278 Henrious
367 2206 409 2277 (16
436 2205 577 2280 Plawen
596 2207 858 2299 Hospitalarius
879 2207 1020 2281 Ordinis
1039 2207 1257 2297 Oruoiierioi‚
1287 2209 1382 2282 uiues
1401 2209 1563 2303 Magistri
1580 2227 1638 2304 ge·

82 2325 217 2398 moralis
244 2331 384 2414 tenens,
415 2348 493 2399 oum
521 2310 679 2400 Iohanne
705 2329 747 2401 de
775 2326 936 2416 Nerra1)
965 2329 1250 2402 Commendutors
1278 2329 1320 2403 (16
1347 2331 1549 2423 Raguetha,
1578 2351 1637 2403 us-

82 2467 152 2536 que
179 2447 216 2518 in
245 2446 385 2519 Vilnam
413 2449 645 2539 personaliter
672 2439 802 2542 Regem
831 2451 1051 2552 Karimirum
1079 2451 1253 2539 adiverat,
1275 2455 1310 2523 et
1328 2451 1477 2544 benigue
1496 2473 1636 2545 suseep-

81 2572 160 2654 tus,
193 2567 411 2660 benigneque
443 2569 587 2642 habitus
620 2575 654 2643 et
687 2575 875 2658 tractatur,
911 2571 985 2644 dies
1017 2571 1137 2662 plures
1166 2570 1293 2644 Vilnas
1321 2572 1529 2664 absumpsit.
1565 2573 1637 2646 Sub

82 2687 213 2778 quibus
241 2685 439 2761 liberiorem
458 2689 672 2763 audientiam
692 2695 832 2779 neotus,
861 2690 1002 2784 negotia
1021 2691 1179 2780 Ordinis,
1200 2712 1289 2784 quae
1306 2693 1541 2784 promerenda
1560 2713 1637 2768 sus·

81 2815 238 2900 ceperat,
273 2811 392 2883 votive
424 2811 620 2902 expedivit,
656 2815 790 2885 seoreta
817 2811 992 2885 delatione
1026 2811 1120 2885 eires
1149 2812 1351 2887 Gdanensss
1384 2813 1477 2906 apud
1505 2815 1637 2907 Regem

81 2931 310 3018 insimulans,
341 2931 441 3023 quasi
470 2933 545 3004 eius
573 2931 705 3006 ditione
733 2933 878 3021 reioota,
908 2933 944 3004 in
972 2933 1140 3006 Iohannis
1169 2931 1396 3026 Burgundiae
1423 2933 1532 3006 Ducis
1555 2936 1634 3008 obe-

80 3051 266 3139 dientiam,
302 3073 406 3143 super
434 3074 502 3144 quo
530 3053 648 3144 oopiue
675 3053 859 3126 literarum
890 3075 952 3145 per
979 3074 1038 3126 eos
1066 3051 1163 3126 Duoi
1194 3052 1372 3146 praediolo
1409 3055 1635 3148 Burgundios

81 3172 293 3262 scriptarum
322 3173 611 3262 ostendebantur,
646 3175 760 3247 forent
792 3174 1001 3248 consessuri.
1037 3173 1105 3246 Sed
1134 3194 1209 3246 eam
1236 3173 1514 3248 eriminationem
1543 3175 1633 3250 ooa-

79 3313 208 3366 nenses
237 3315 401 3385 magnum
429 3293 484 3366 sui
511 3295 663 3367 nominis
697 3297 871 3387 (uteret)
904 3295 1054 3368 dedecus
1086 3295 1170 3382 rati,
1200 3300 1235 3368 et
1262 3299 1453 3369 extenuare
1486 3299 1521 3368 et
1547 3317 1630 3388 pur-

78 3433 164 3504 gare
191 3434 260 3484 non
289 3415 525 3507 negligebant.
560 3415 728 3488 Pluribus
760 3415 885 3489 deinde
913 3415 1014 3488 donis
1046 3420 1118 3488 tam
1145 3416 1221 3508 ipse
1249 3415 1425 3489 Henrieus
1453 3415 1633 3508 Plawyeu·

79 3533 153 3622 shi,
183 3555 287 3626 quam
316 3555 429 3607 eomes
458 3555 543 3607 suus
567 3534 832 3608 Commendator
850 3537 892 3610 de
911 3536 1111 3629 Ragnetha,
1141 3557 1161 3608 a
1188 3533 1331 3630 Ragau
1358 3537 1566 3626 honoratus,
1596 3537 1634 3610 in

79 3655 264 3727 Prussium
296 3656 414 3728 rediit.
452 3656 585 3728 Rumor
617 3656 659 3729 ds
691 3655 930 3729 Gdauensium
962 3657 1155 3730 deieotione
1193 3657 1287 3748 apud
1318 3657 1438 3749 plures
1473 3656 1633 3750 regiones

78 3777 266 3868 vulgatus,
297 3777 389 3868 apud
416 3778 606 3849 nonnullos
633 3777 768 3851 vioinos
792 3778 975 3870 Prinoipes
999 3782 1033 3850 et
1052 3777 1232 3867 ciuitates,
1262 3777 1323 3870 qui
1350 3777 1562 3849 Polonorum
1581 3778 1631 3848 l·

76 3897 211 3970 lioitati
238 3897 457 3986 invidebant,
486 3897 703 3971 hilaritatem
732 3899 906 3971 oausauit:
937 3900 1040 3990 quasi
1066 3900 1170 3972 rebus
1190 3898 1346 3986 noratis,
1375 3918 1505 3970 norum
1525 3897 1631 3970 etiam

77 4018 188 4090 ordiri
215 4019 307 4110 apud
335 4019 516 4091 Prussiam
544 4020 685 4092 deberet
712 4021 856 4093 bellum.
887 4021 955 4094 Sed
979 4020 1182 4094 Gdanenses
1201 4016 1443 4110 frequentibus
1462 4017 1576 4090 literis
1595 4023 1631 4091 et

76 4139 215 4211 nuntiis
243 4140 287 4211 ad
314 4140 533 4212 Kauimirum
560 4141 727 4212 Poloniae
754 4142 884 4234 Regem
907 4141 1042 4229 missis,
1072 4141 1299 4215 ostenderunt
1319 4159 1356 4211 se
1375 4137 1508 4212 eifioooi
1527 4138 1627 4211 testi·

75 4260 195 4332 monio
223 4265 257 4332 et
284 4260 506 4349 dooumsnto‚
540 4283 609 4333 non
638 4262 751 4334 solum
779 4261 815 4333 in
843 4263 947 4352 oulpa
974 4260 1230 4334 orimiuetionis
1258 4281 1327 4332 non
1354 4279 1447 4347 esse,
1478 4258 1539 4332 sed
1566 4275 1630 4332 neo

74 4386 197 4451 notam
223 4399 335 4452 noxae
361 4401 516 4472 unquam
544 4381 731 4454 meditatos
755 4381 879 4468 tuisse,
909 4386 945 4453 et
971 4403 1059 4473 puro
1087 4386 1192 4474 atque
1215 4379 1334 4453 eodem
1353 4383 1473 4452 tenore
1491 4379 1529 4451 in
1547 4379 1627 4452 obe-

74 4499 211 4573 dientia
238 4509 274 4572 et
300 4502 368 4573 fide
395 4501 567 4574 Karimiri
595 4502 704 4594 Regis
732 4507 838 4594 atque
864 4503 979 4594 Regni
1006 4503 1173 4575 Poloniae
1199 4519 1441 4593 perseuerasse
1459 4504 1494 4571 et
1511 4517 1629 4591 pense·

72 4619 258 4694 voraturos
287 4623 359 4695 lore
374 4619 420 4710 3J:
449 4628 611 4715 rogantes
639 4623 741 4696 iidem
769 4641 869 4695 suam
905 4641 974 4695 non
1001 4641 1045 4696 ex
1073 4622 1173 4695 falsis
1207 4619 1455 4708 relationibus
1495 4620 1556 4693 sod
1583 4639 1628 4694 ex

74 4741 294 4815 fidelissimis
323 4763 440 4815 eorum
468 4745 605 4817 antibus
631 4748 817 4836 pensatum
845 4743 901 4816 iri.

123 4959 126 4967 ¹
186 5018 208 5098 ¹)
232 5020 269 5082 de
290 5022 392 5082 Nerua
416 5015 492 5084 aad.
515 5018 623 5083 Przoz.
649 5019 719 5099 (von
742 5020 795 5081 der
815 5019 938 5098 Narbo).
963 5016 989 5098 ²)
1011 5039 1030 5079 a
1053 5018 1196 5080 casimiro
1217 5017 1300 5096 Rege
1322 5013 1385 5080 Ea.
1409 5013 1501 5101 Dipo.
1519 5014 1544 5097 ⁸)
1559 5036 1626 5079 osse

73 5121 140 5188 Ed.
163 5122 254 5208 Liqre.
