4046 6278
79 531 145 634 (Α.
165 531 210 608 D.
230 529 357 632 labb)
590 554 703 608 nunna
728 554 973 610 uuouaonrus
1001 538 1114 628 (xm).
1546 535 1620 610 411

79 739 264 814 Civitatem
291 738 444 812 Korcain
471 737 689 828 institutam,
716 743 942 832 properanter
963 739 1001 813 in
1019 740 1119 833 equis
1142 740 1393 816 Podvodarum
1419 740 1476 816 die
1502 741 1624 816 itunae

78 861 180 934 sexta
205 858 289 932 Maii
316 859 474 932 advenit:
503 879 608 951 quam
635 855 759 933 diebus
786 859 983 952 quindecim
1010 860 1137 934 tenuit.
1165 857 1200 934 N
1202 882 1246 934 on
1269 861 1383 933 solum
1402 860 1495 934 enim
1510 848 1557 934 ¹ad
1575 849 1619 934 i1·'

77 979 148 1052 lam
175 978 367 1052 consiliarii
393 979 547 1070 partium
574 973 854 1053 (lracoviensiurn¹
873 983 909 1052 et
927 980 1094 1068 Russiac,
1123 985 1158 1055 et
1184 979 1290 1053 biduo
1309 980 1336 1070 ¹)
1364 979 1536 1074 episcopi,
1565 981 1621 1054 Io·

77 1099 210 1172 hannes
237 1098 475 1174 cracoviensis
503 1103 537 1173 et
563 1099 712 1172 Iacobus
740 1097 1066 1188 Wladislaviensis,
1100 1098 1161 1173 sed
1189 1103 1224 1173 et
1251 1099 1445 1174 consiliarii
1473 1104 1624 1193 quatuor

76 1217 218 1292 llaioris
249 1217 432 1307 Poloniae,
466 1239 545 1292 cum
571 1220 676 1311 plena
702 1223 876 1310 potestate
909 1218 1057 1291 aliorum
1089 1218 1274 1308 destinati,
1308 1219 1475 1294 videlicet
1506 1220 1622 1294 Lucas

76 1338 118 1412 de
145 1337 261 1414 Sorka
287 1338 554 1427 Posnaniensis,
585 1338 785 1412 Stanislaus
803 1339 845 1412 de
864 1338 1030 1432 Ostrorog
1056 1337 1296 1428 Oalissiensis,
1325 1339 1452 1413 Petrus
1471 1340 1513 1415 dc
1531 1339 1620 1433 Opo-

76 1478 146 1532 row
173 1458 428 1547 Lanciaiensis,
455 1459 621 1550 palatini,
650 1464 686 1531 et
713 1458 889 1533 Stiborius
917 1459 1095 1532 Chelmslri
1114 1459 1388 1533 succamerarius
1407 1460 1619 1533 Posnauien·

78 1578 145 1668 sis,
165 1583 409 1654 convenerant.
436 1578 519 1652 Illic
536 1588 617 1672 post
635 1579 766 1652 multos
782 1577 813 1668 ²)
840 1585 1028 1667 tractatus,
1057 1579 1101 1652 ad
1119 1579 1369 1671 providendum
1388 1581 1492 1654 rebus
1511 1581 1619 1654 Prus-

76 1697 150 1773 siae
176 1699 346 1793 digestos,
375 1700 552 1773 decretum
567 1696 610 1789 ³),
639 1703 680 1771 ut
706 1698 789 1772 novi
817 1700 968 1773 fertones
995 1698 1246 1784 instituantur,
1275 1707 1311 1774 et
1336 1721 1448 1793 usque
1466 1701 1510 1774 ad
1528 1701 1620 1776 diem

76 1821 224 1896 Sanctae
250 1820 490 1913 Margarcthae
518 1820 717 1907 solvantur3
745 1818 908 1894 civitates
936 1823 972 1892 at
999 1818 1142 1912 oppida,
1171 1825 1243 1892 tarn
1270 1819 1367 1914 regia
1394 1825 1429 1894 et
1455 1820 1618 1894 ecclesia·

75 1941 164 2014 stica
177 1940 222 2029 ⁴),
251 1961 354 2032 quam
382 1939 566 2029 militaria,
600 1940 698 2013 nullo
732 1943 893 2031 excepto,
928 1939 1146 2013 exactionem
1174 1943 1324 2033 quatuor
1349 1959 1549 2034 grossmum
1576 1940 1619 2015 ab

74 2081 143 2134 nna
169 2080 285 2134 marca
312 2061 529 2151 persolvant,
559 2081 636 2134 curn
663 2060 720 2132 his
748 2080 885 2152 quoqne
899 2057 930 2148 ⁵)
956 2058 1115 2152 pecuniis
1134 2064 1170 2132 et
1188 2060 1334 2134 emerita
1353 2060 1536 2134 solvantur
1554 2060 1618 2134 sti·

74 2180 332 2274 pendiariorum
351 2179 533 2272 obsequia,
554 2185 589 2252 et
606 2180 738 2252 bellum
757 2178 1010 2252 Pruthenicum
1029 2179 1264 2253 continuetur.
1292 2180 1360 2253 His
1378 2179 1553 2254 adiectum
1567 2180 1616 2270 ⁰):

73 2308 113 2374 ut
138 2307 253 2390 terrae
279 2299 422 2373 Maioris
449 2299 616 2373 Poloniae
642 2304 890 2392 consurgerent
917 2299 960 2372 ad
988 2319 1099 2388 arma,
1128 2305 1163 2374 ot
1181 2299 1410 2392 Ghopnionarn
1439 2299 1618 2375 obsidione

73 2421 264 2508 vallarent,
297 2421 535 2513 relictamque
568 2419 738 2511 sepirent,
771 2425 807 2492 et
838 2419 1073 2507 discederent,
1107 2419 1328 2512 stipendiarii
1360 2440 1498 2514 quoqne
1528 2419 1618 2514 regii

73 2542 172 2616 illam
200 2540 459 2614 continuarent:
487 2540 525 2613 in
552 2562 620 2633 quo
647 2561 730 2612 casu
757 2545 870 2614 terrae
888 2539 1031 2613 Maioris
1049 2539 1216 2615 Poloniae
1234 2561 1304 2614 nou
1322 2541 1516 2628 solverent,
1545 2538 1617 2614 nisi

73 2681 135 2734 sex
161 2680 303 2755 moseos
330 2660 368 2734 in
396 2659 656 2751 stipendiarios,
695 2657 757 2752 qui
784 2658 1077 2752 Ohopnicaensem
1109 2658 1325 2734 obsidionem
1358 2659 1615 2748 continuarent,

73 2780 334 2856 convertendos.

120 3135 261 3226 dbpera
283 3137 319 3207 ct
339 3134 440 3206 turrla
461 3132 651 3207 nonmtcrit
674 3132 785 3205 Sancti
807 3131 966 3205 lranalscl
987 3131 1023 3205 ln
1045 3131 1182 3206 claime
1204 3129 1407 3204 duodena
1430 3130 1560 3205 corruit.

172 3379 279 3454 Feria
305 3384 406 3454 sexta
432 3385 513 3473 post
539 3381 667 3454 festum
695 3380 843 3454 Sanctae
871 3379 1022 3472 Sophiae
1048 3379 1250 3453 Kanimirus
1277 3378 1445 3452 Poloniae
1472 3380 1549 3454 Rex
1572 3381 1615 3453 de

71 3499 172 3575 Nova
199 3499 349 3574 diritate
375 3521 552 3593 egressus,
581 3500 649 3575 ivit
676 3501 713 3574 in
740 3499 1022 3593 Npepolomiene,
1052 3504 1088 3574 et
1115 3499 1251 3592 aliquot
1277 3498 1400 3574 diebus
1418 3499 1495 3574 illic
1512 3521 1613 3574 enac·

72 3621 133 3710 tis,
163 3621 251 3694 feria
282 3627 407 3713 quarta
438 3626 520 3694 ante
550 3621 793 3708 Pentecostes,
827 3640 915 3712 quae
947 3625 1022 3694 orat
1049 3619 1124 3693 dies
1155 3619 1323 3693 vicesima
1350 3641 1441 3696 nona
1457 3619 1488 3708 ⁷)
1515 3620 1612 3710 Maii,
1756 3694 1763 3706 ,

70 3741 219 3814 intravit
246 3740 456 3814 Gracoviam.
487 3741 579 3814 Ante
606 3741 707 3814 cuius
734 3739 947 3834 ingressum,
977 3739 1033 3813 die
1060 3738 1170 3826 Solis,
1198 3739 1365 3814 vicesima
1392 3743 1493 3813 sexta
1515 3738 1612 3828 Maii,

70 3861 160 3934 inira
188 3859 481 3951 praedicationem
508 3859 552 3932 ad
579 3861 764 3951 populum,
793 3861 937 3952 clypeus
965 3858 1167 3932 monasterii
1192 3858 1312 3932 Sancti
1334 3857 1529 3948 Francisci,
1558 3858 1611 3931 in·

70 3985 122 4054 ter
148 3982 292 4054 chorum
320 3985 355 4054 et
382 4000 507 4072 corpus
534 3980 701 4054 ecclesiae
727 3980 938 4067 consistens,
969 3979 1109 4053 decidit.
1137 3979 1224 4051 Post
1250 3999 1352 4070 quem
1379 3978 1487 4051 turris
1510 3977 1610 4051 altis·

70 4099 159 4172 sinna
195 4099 350 4173 eiusdem
386 4099 604 4188 monasterii,
634 4121 655 4171 a
681 4100 844 4172 Boleslao
880 4100 1006 4192 pudico
1042 4099 1138 4172 Duce
1173 4097 1393 4172 Cracoviensi
1428 4098 1611 4191 magnifico

70 4226 213 4312 sumptu
240 4220 438 4307 aedificata,
467 4219 630 4312 quoniam
657 4225 692 4292 et
710 4219 820 4293 eidem
839 4221 959 4314 clypeo
978 4219 1202 4306 adhaerebat,
1232 4223 1267 4290 et
1284 4238 1347 4308 pro
1365 4237 1491 4310 magna
1508 4223 1609 4308 parte

69 4340 300 4428 innitebatur,
330 4345 366 4412 et
392 4360 453 4431 per
479 4339 694 4428 incendium,
728 4339 819 4432 quod
845 4339 929 4412 urbs
957 4337 1195 4412 cracoviensis
1222 4337 1388 4411 vicesima
1415 4335 1565 4429 septima
1578 4334 1611 4425 ⁸)

70 4459 205 4551 Aprilis
219 4459 250 4549 9)
277 4460 486 4551 pertulerat,
519 4459 725 4552 languidata
757 4461 887 4549 inerat,
920 4459 1098 4532 solotenus
1131 4457 1293 4531 decidens
1321 4455 1467 4530 counit:
1502 4453 1610 4528 nemi·

71 4599 149 4653 nem
177 4583 294 4652 tamen
321 4599 365 4652 ex
393 4577 592 4652 hominibus
619 4579 724 4652 laesit
742 4579 798 4667 ¹⁰),
836 4599 854 4652 e
892 4579 1072 4651 columnas
1099 4597 1139 4650 ac
1157 4575 1370 4650 testudinem
1393 4575 1430 4648 in
1457 4595 1609 4667 corpore,

71 4695 282 4772 testudinem
310 4719 391 4771 vero
419 4697 457 4772 iu
483 4699 586 4772 choro
613 4718 675 4791 pro
703 4698 822 4790 aliqua
848 4703 947 4789 parte
973 4696 1161 4770 concussit.

176 5004 198 5085 ¹)
222 5007 303 5068 iiduo
326 5001 403 5070 Coa.
425 5003 534 5069 Praca.
559 5005 585 5086 Ι)
607 5010 676 5083 post
696 5006 797 5082 plures
819 4999 882 5066 Ed.
905 5000 998 5087 Lips.
1022 5001 1213 5082 ⁶)dccretnm
1229 5005 1275 5062 est
1290 4996 1353 5062 Ed.
1368 4996 1461 5082 Ia'pc.
1478 4995 1504 5078 ⁴)
1521 5017 1610 5076 quam

70 5109 269 5172 ecclesiastica
289 5105 354 5172 Ed.
377 5105 468 5192 Lips.
491 5107 517 5188 ⁸)
539 5112 629 5184 atquc
650 5107 697 5168 his
719 5103 782 5168 Ed.
806 5103 897 5188 Lipa.
922 5103 950 5184 ο)
973 5105 1119 5166 adiectum
1141 5109 1188 5165 est
1207 5100 1272 5166 Ed.
1295 5099 1385 5186 Lipr.
1418 5099 1443 5182 ⁷)
1465 5103 1611 5179 vigesima

69 5215 173 5273 octava
203 5205 278 5274 ooo.
307 5208 416 5272 Praca.
450 5209 475 5291 ὓ)
505 5211 650 5289 vigesima
678 5214 763 5272 sexta
794 5201 870 5271 Oea.
901 5205 1010 5270 Praaa.
1041 5205 1067 5286 9)
1089 5207 1200 5268 mensis
1222 5206 1334 5284 Aprilis
1357 5205 1406 5266 dic
1427 5201 1493 5266 Ed.
1516 5201 1608 5288 Dipa.

74 5311 112 5393 ¹⁰)
134 5314 256 5375 laedens
278 5311 341 5376 dd.
364 5311 454 5396 la'pa.
