4264 6280
394 538 442 625 ιι
901 561 1014 626 urana
1041 559 1286 624 proruamus
1314 553 1428 641 (ιιιι).
1664 550 1731 648 (Α.
1751 545 1797 624 D.
1816 547 1945 650 1449.)

393 765 464 832 tam
490 767 536 834 ιιι
563 759 792 832 multitudine
820 753 1046 830 familiarium
1075 761 1110 829 ιι
1138 757 1293 830 fidelium
1324 778 1482 845 sumum,
1512 757 1572 849 qni
1598 777 1677 829 enm
1697 759 1944 850 sequebantur,

393 885 654 974 minneretur,
685 879 765 971 quis
794 881 828 950 et
856 879 971 970 qualis
1010 883 1118 965 esset,
1157 878 1291 951 veritus
1320 897 1363 950 ne
1392 889 1515 971 agmen
1551 879 1834 970 persequentium
1857 879 1944 951 Tur-

394 1008 511 1073 eorum
538 1001 576 1074 in
599 1011 637 1072 ee
657 1003 889 1087 converteret,
920 998 1035 1070 omnia
1062 1019 1235 1070 armorum
1264 997 1419 1090 insignia
1445 998 1576 1086 reiioit,
1606 997 1797 1072 familiares
1826 1021 1946 1072 omnes

393 1121 569 1208 lieentidt‚
604 1127 639 1193 ιι
671 1119 768 1193 solus
802 1125 836 1191 ιι
868 1117 993 1191 unious
1026 1119 1129 1211 fugae
1157 1141 1193 1192 se
1221 1119 1421 1192 committit.
1456 1118 1554 1211 Quod
1587 1123 1704 1191 tamen
1737 1120 1946 1193 salvationis

395 1241 557 1333 sperabat
582 1241 790 1328 remedium,
820 1239 855 1311 id
879 1239 981 1312 exitii
1005 1245 1040 1312 ιι
1062 1245 1250 1331 perpetuae
1278 1239 1491 1311 calamitatis
1520 1243 1624 1331 atque
1652 1240 1845 1331 opprobrii,
1874 1241 1947 1314 nisi

396 1364 534 1434 lontrina
560 1361 666 1434 alitor
693 1361 860 1448 rexisset,
891 1360 1016 1432 fnisset
1044 1379 1159 1432 eausa.
1190 1359 1440 1433 Deserentibus
1469 1359 1561 1433 euim
1589 1381 1669 1433 oum
1697 1361 1946 1448 familiaribuS,

395 1481 565 1554 adoreis
594 1481 723 1568 tribus,
755 1482 814 1571 qui
843 1480 1017 1572 fugientes
1045 1479 1358 1571 persequebantur,
1388 1479 1658 1570 comprehensus
1683 1485 1747 1553 est.
1778 1481 1948 1572 Quidum

396 1603 621 1689 uestimenta,
656 1622 781 1692 equum
811 1606 845 1673 ιι
872 1621 928 1672 ιιι
970 1605 1075 1692 atque
1113 1599 1279 1691 peeuuias
1318 1600 1411 1692 apud
1444 1619 1522 1672 eum
1550 1607 1722 1692 repertae,
1751 1602 1948 1693 aequaliter

396 1722 488 1794 inter
516 1742 552 1793 se
581 1721 805 1807 diuisissent,
835 1721 979 1808 tertius,
1009 1721 1144 1792 duobus
1172 1721 1248 1792 eius
1276 1741 1359 1792 eura
1387 1725 1422 1792 ιι
1449 1719 1609 1792 custodia
1628 1721 1806 1808 mandata,
1836 1722 1948 1794 disoe-

395 1841 449 1914 dit
478 1847 512 1914 ιι
540 1841 630 1914 alios
662 1843 838 1933 fugientes
870 1843 1074 1914 insectatur.
1109 1841 1183 1932 Quo
1216 1841 1382 1928 abeunte,
1415 1841 1457 1913 de
1485 1841 1592 1913 cruos
1624 1861 1744 1928 aureo,
1779 1863 1883 1932 quam
1911 1841 1949 1913 iu

397 1963 487 2034 eollo
514 1963 690 2054 gestabat,
725 1983 802 2033 oum
836 1961 997 2053 reliquiis
1031 1967 1105 2032 turn
1136 1962 1288 2052 primum
1323 1961 1503 2052 (quoniam
1531 1961 1665 2033 latebat
1693 1961 1757 2033 sub
1785 1961 1947 2048 camisia)

397 2082 628 2174 deprehensa,
658 2082 751 2155 inter
778 2083 865 2154 duos
894 2082 1051 2154 exoritur
1079 2083 1267 2155 eontentio.
1296 2081 1488 2154 Fortunam
1516 2081 1627 2173 igitur
1654 2081 1805 2154 tentavit
1834 2086 1948 2154 exire·

398 2211 488 2274 mam
515 2203 685 2294 experiri,
715 2207 853 2293 arrepta
872 2202 899 2290 1)
928 2203 1074 2290 framea,
1103 2225 1211 2274 unum
1231 2201 1374 2288 oooidit,
1404 2201 1555 2274 alterum
1574 2201 1719 2274 uulnere
1738 2202 1946 2292 prostravit:

398 2322 534 2414 potitus
563 2327 598 2394 ιι
626 2343 745 2394 eorum
773 2328 808 2394 ιι
836 2322 910 2394 suis
939 2323 1074 2413 spoliis.
1104 2319 1172 2395 Per
1199 2323 1318 2414 plures
1346 2321 1421 2394 dies
1449 2343 1584 2409 emaus,
1614 2322 1754 2393 tandem
1774 2328 1810 2392 in
1830 2323 1947 2394 Domi·

398 2443 458 2514 nia
486 2443 630 2534 Despoti
659 2442 806 2515 Rasoiae
834 2442 1010 2534 pervenit,
1049 2448 1084 2514 ιι
1111 2442 1148 2514 in
1176 2449 1330 2514 oestrum
1364 2441 1535 2534 quoddam
1564 2441 1710 2533 Despoti
1737 2442 1949 2514 fidueialiter

397 2563 595 2655 impressus,
624 2564 786 2634 mandato
814 2563 962 2653 Despoti
991 2568 1114 2654 eaptus
1148 2565 1217 2648 ιιι,
1252 2567 1440 2653 tentusque
1468 2561 1505 2633 iu
1532 2561 1739 2652 oaptivitate
1771 2563 1948 2635 mensibus

398 2683 529 2769 tribus,
559 2683 665 2755 donee
692 2682 869 2756 universis
897 2681 1072 2754 Praelatis
1101 2687 1135 2754 ιι
1162 2682 1351 2755 baronibus
1381 2680 1583 2773 Huugariae
1612 2680 1808 2753 iuramento
1828 2703 1946 2774 nerpo-

398 2802 482 2891 rali‚
511 2803 694 2894 cumipse
721 2803 970 2895 gubernatore,
1004 2803 1172 2894 quaedam
1206 2808 1321 2874 eastra
1352 2803 1389 2874 iu
1417 2801 1600 2893 Hnugaria
1628 2801 1781 2893 Despoto
1809 2801 1891 2875 dare
1918 2809 1951 2875 ιι

398 2904 565 3014 perpetuo
593 2922 722 2995 donare
749 2923 1037 3014 promittentibus
1052 2922 1096 3012 ι),
1126 2923 1206 2995 dato
1234 2922 1272 2994 in
1301 2921 1457 2995 obsidem
1484 2921 1574 3008 filio,
1605 2921 1744 2992 solutus
1772 2925 1838 2994 ιιι.
1872 2921 1949 2994 Non

399 3043 513 3115 solum
541 3047 658 3114 autem
685 3050 801 3116 eastra
827 3043 1000 3135 promissa
1027 3065 1096 3115 nou
1123 3043 1293 3132 reddidit,
1323 3043 1382 3116 sed
1411 3047 1445 3115 ιι
1474 3041 1642 3133 quaedam
1671 3041 1757 3130 alia,
1788 3063 1877 3134 quae
1896 3043 1948 3115 iu·

398 3161 449 3233 ris
477 3161 624 3252 Despoti
651 3168 767 3251 erant,
796 3185 858 3255 per
886 3163 957 3235 vim
986 3168 1188 3256 expugnata
1214 3163 1356 3255 reoepit.
1391 3163 1639 3254 Hungarorum
1672 3166 1790 3234 autem
1818 3164 1949 3236 exerei-

399 3285 475 3368 tus,
505 3281 566 3373 qui
592 3282 635 3354 de
662 3282 795 3374 praelio
823 3283 995 3376 fugiebat,
1024 3302 1169 3375 magnas
1195 3283 1459 3355 commissorum
1479 3281 1515 3352 iu
1534 3288 1627 3354 terra
1646 3281 1810 3370 Rasoiae,
1841 3284 1951 3356 eundo

400 3401 577 3490 Tureiam,
608 3402 800 3493 spoliorum
828 3408 863 3476 ιι
890 3403 1093 3476 damnorum
1125 3423 1255 3494 poenas
1287 3403 1398 3475 dedit:
1433 3424 1513 3474 nam
1542 3403 1613 3475 iere
1641 3423 1759 3475 omues
1789 3407 1824 3475 et
1853 3403 1952 3495 equis

401 3527 436 3594 ιι
461 3521 566 3594 rebus
591 3522 754 3612 spoliati,
783 3525 903 3613 plures
931 3522 1096 3595 membris
1124 3523 1280 3594 truneati
1296 3521 1338 3611 3),
1368 3522 1472 3594 multi
1500 3522 1734 3611 interfeotib.
1764 3523 1822 3594 Ita
1840 3545 1953 3616 neque

400 3641 617 3733 fngientibus
645 3642 825 3734 Hungaris
853 3644 993 3714 fortuna
1020 3642 1229 3714 eommodior
1248 3643 1329 3714 fuit:
1364 3642 1499 3715 assidui
1519 3643 1611 3715 euim
1630 3642 1759 3715 imbres
1778 3647 1813 3716 et
1832 3645 1952 3733 fames,

401 3760 660 3851 laudandoque,
698 3760 865 3833 Rasoiani
897 3760 1056 3852 insuper,
1095 3783 1181 3852 quos
1211 3762 1248 3833 in
1275 3783 1428 3854 pugnam
1461 3763 1573 3834 eundo
1607 3766 1663 3854 (ut
1689 3763 1954 3854 praemisimus)

403 3879 663 3971 expilaverant,
683 3880 833 3952 iniuriae
852 3901 1036 3968 memores,
1068 3880 1192 3972 spoliis
1211 3881 1371 3970 miseros,
1391 3882 1577 3973 plerosque
1597 3887 1706 3954 morte
1726 3883 1956 3957 mulctabant.

854 4232 1066 4342 ANNUS
1103 4232 1333 4343 DOMINI
1369 4233 1509 4346 1449.

496 4473 786 4558 1Κιιιιιιῐιιίιιιι,
808 4475 951 4564 roeeptn
972 4475 1108 4561 restris,
1132 4485 1215 4564 quse
1237 4475 1308 4546 ltux
1330 4475 1463 4547 Ιιιιιιι
1487 4477 1610 4548 eumilo
1633 4475 1859 4550 fluuiorum

890 4598 1121 4683 oeeupauemt,
1144 4594 1269 4666 diluam
1291 4596 1477 4667 reuertitur.

510 4839 632 4912 Natali
652 4839 793 4911 Domini
812 4840 895 4912 anni
921 4840 1043 4926 huius,
1074 4839 1276 4914 Kauimirus
1304 4841 1381 4914 Rex
1397 4842 1439 4929 ⁵),
1470 4849 1504 4915 et
1533 4843 1656 4916 diebus
1682 4844 1910 4934 sequentibus
1925 4847 1956 4932 ⁰)

407 4959 499 5050 apud
526 4959 668 5032 Vilnam
697 4959 882 5032 celebratis
899 4959 941 5049 7),
971 4960 1076 5033 eiam
1097 4969 1234 5052 tempus
1253 4966 1367 5033 toturn
1386 4962 1530 5050 hiemis,
1561 4962 1868 5055 Quadragesimae,
1899 4985 1955 5037 ve·

514 5245 537 5325 ¹)
561 5253 684 5325 aooepta
708 5243 785 5311 Coe.
809 5246 917 5310 Przez.
942 5247 968 5328 ²)
990 5251 1226 5326 permittentibus
1251 5247 1313 5309 Ed.
1339 5248 1429 5333 Lips.
1456 5250 1634 5328 ³)truoidati
1653 5247 1729 5314 Coa.
1745 5249 1855 5314 Przez.
1873 5253 1900 5334 ⁴)
1917 5257 1958 5314 in-

405 5351 520 5413 terleeti
543 5355 619 5412 sunt.
643 5347 706 5413 Ed.
730 5349 819 5434 Lips.
846 5349 871 5428 θ)
895 5351 1036 5413 Polonise
1058 5351 1122 5412 Rex
1145 5349 1207 5414 Ed.
1233 5350 1323 5433 Lips.
1350 5351 1377 5431 ⁶)
1402 5353 1465 5414 dies
1487 5355 1656 5430 frequentes
1679 5351 1742 5416 Ed.
1760 5351 1851 5438 Lips.
1870 5355 1897 5436 ⁸¹)
1914 5377 1959 5418 ee

406 5455 519 5516 lebrato
542 5450 605 5546 Ed.
631 5451 720 5535 Dipo.
1420 5459 1422 5464 “
