4126 6280
388 455 463 529 208
895 479 1009 532 mens
1034 478 1279 532 6666666666
1309 462 1423 550 (urm).
1655 453 1787 554 (Α.1).
1810 453 1939 554 1455.)

382 662 549 735 Ρ6166166
577 663 702 736 indicit
721 663 765 752 1);
795 662 957 737 civitates
977 685 1059 737 vero
1079 665 1244 738 Prussiae
1271 664 1500 756 principales,
1525 669 1565 736 ut
1584 663 1665 737 fidei
1695 663 1938 756 promissae²)
1978 707 1981 711 ·

383 784 621 872 meminerint,
655 784 791 856 nuntiis
825 784 992 858 solicitat.
1027 786 1117 858 lllee
1151 787 1356 858 nullatenus
1387 785 1633 858 haesitandum
1666 785 1707 856 de
1734 785 1937 856 constantia

385 927 448 976 sua
479 905 700 993 remandant,
735 908 770 976 et
802 906 921 997 plures
954 907 1048 979 viros
1081 929 1223 978 suerum
1255 905 1439 979 civitatum
1467 906 1640 999 insignes,
1674 905 1717 977 ad
1745 906 1935 978 ferendum

381 1026 542 1117 partibus
574 1025 737 1119 Magistri
753 1024 784 1116 3)
816 1027 1009 1118 proclivos,
1048 1028 1162 1100 securi
1198 1028 1418 1120 percutiunt,
1456 1027 1702 1120 Regemque4)
1739 1031 1857 1114 orant,
1895 1031 1939 1096 66

383 1168 461 1220 cum
489 1147 647 1220 exercitu
675 1147 824 1220 celerius
853 1148 1032 1237 adveniat,
1061 1148 1153 1220 nihil
1181 1169 1217 1221 se
1237 1150 1279 1222 do
1297 1149 1406 1240 priori
1425 1148 1507 1236 lide,
1537 1147 1573 1218 in
1594 1168 1836 1240 quamcunque
1856 1169 1937 1238 par-

383 1273 454 1341 tem
481 1268 585 1340 166166
612 1269 769 1356 1666666,
798 1269 1045 1342 diminutnros.
1074 1268 1263 1342 Exercitus
1292 1270 1426 1342 interea
1452 1269 1611 1358 hostilis,
1640 1268 1732 1340 nihil
1760 1268 1937 1340 6111666-

384 1389 548 1462 ctandum
575 1394 691 1477 retus,
720 1389 764 1460 ad
780 1389 810 1478 5)
839 1390 1004 1481 oppidum
1031 1391 1235 1478 Fridlenth,
1272 1391 1363 1482 quod
1391 1395 1426 1462 et
1452 1391 1569 1482 ipsum
1596 1389 1821 1481 inpartibus
1849 1388 1936 1460 inl·

383 1509 534 1582 rioribus
550 1509 581 1599 6)
611 1509 719 1581 situm
747 1514 816 1598 est,
846 1511 1014 1602 applicet.
1044 1512 1087 1583 Id
1114 1532 1176 1603 por
1203 1533 1311 1583 unum
1332 1531 1375 1583 ex
1396 1510 1637 1602 stipendiariis
1665 1510 1791 1602 regiis,
1822 1511 1936 1582 Bohe-
2052 1559 2057 1564 -

385 1653 478 1704 mum
505 1651 646 1722 genere,
677 1631 876 1720 81666167)
905 1631 1060 1722 nomine,
1091 1633 1287 1705 tenebatur.
1315 1633 1353 1704 Is
1382 1636 1629 1724 stratagemate
1647 1653 1750 1718 usus,
1771 1630 1938 1702 simulato

385 1731 495 1840 metu,
525 1753 645 1825 hostes
674 1751 826 1825 maximo
855 1752 989 1844 impetu
1017 1754 1060 1826 ad
1087 1774 1205 1826 muros
1232 1773 1344 1845 usque
1372 1751 1529 1826 civitatis
1563 1756 1763 1845 penetrare,
1798 1755 1834 1824 et
1863 1751 1936 1822 ani-

385 1894 480 1944 mum
507 1871 583 1944 illis
611 1894 779 1960 crescere,
810 1894 849 1946 ac
876 1875 996 1964 plures
1024 1875 1067 1946 ad
1095 1895 1229 1962 muros,
1258 1875 1412 1965 priorum
1433 1873 1510 1945 vise
1528 1873 1788 1960 incolumitate,
1819 1873 1938 1944 venire

385 1993 572 2084 permittit.
601 1993 733 2067 Deinde
761 1995 849 2066 locis
878 1995 1038 2068 omnibus
1067 1995 1266 2087 completis
1302 1994 1377 2086 ipse
1405 2015 1483 2066 cunr
1516 1994 1589 2066 suis
1618 1993 1785 2081 exiliens,
1819 1994 1938 2064 hostes

385 2113 515 2205 ubique
543 2115 769 2207 conglobatos
797 2115 866 2187 iam
893 2115 1094 2188 bombardis
1123 2121 1158 2188 et
1185 2115 1334 2204 fistulis,
1363 2115 1433 2187 iam
1453 2114 1593 2207 sagittis
1616 2119 1650 2186 et
1670 2115 1767 2186 saxis
1787 2135 1939 2205 superne

386 2234 483 2323 16616,
512 2239 553 2306 ut
579 2235 616 2307 in
644 2235 744 2308 breri
772 2235 887 2326 spatio
917 2235 1100 2328 quingenti
1128 2235 1236 2325 oaesi,
1271 2240 1411 2309 centnm
1439 2235 1586 2327 captiui,
1619 2235 1713 2307 intra
1740 2255 1858 2307 muros
1885 2255 1937 2306 66-

386 2360 577 2428 66666666.
607 2355 743 2428 (1666661
770 2377 894 2448 magno
922 2360 1017 2430 metu
1044 2357 1213 2448 perculsi,
1243 2359 1326 2450 fuga
1353 2358 1396 2428 ad
1419 2361 1534 2429 castra
1559 2356 1757 2444 rediemnt,
1786 2376 1876 2447 quae
1903 2359 1940 2426 66

385 2477 464 2567 ipsa
493 2496 593 2568 aegre
621 2477 763 2549 defensa
791 2479 889 2565 sunt,
918 2477 1082 2568 gentibus
1110 2477 1217 2570 regiis
1246 2499 1289 2550 ex
1318 2477 1444 2569 oppido
1465 2477 1744 2569 erumpentibus,
1774 2481 1809 2549 et
1835 2477 1939 2549 caede

387 2601 422 2668 et
449 2597 685 2688 captivatione
713 2597 749 2670 16
777 2597 886 2690 tergis
906 2597 1060 2670 hostium
1079 2598 1322 2672 haerentibus:
1351 2618 1414 2670 nec
1437 2599 1540 2690 longe
1559 2597 1688 2684 abluit,
1718 2597 1937 2688 661666166-

387 2717 487 2791 stiles
517 2709 687 2791 stationes
719 2717 1023 2809 interciperentur.
1058 2720 1101 2792 In
1128 2721 1193 2792 hoc
1221 2719 1319 2792 clade
1346 2719 1466 2810 plures
1499 2718 1656 2810 insignes
1689 2718 1844 2790 hostium
1874 2717 1937 2788 sti-

386 2838 560 2930 pendiarii
587 2839 759 2931 perempti
788 2843 870 2911 sunt
903 2842 930 2928 ).

388 3193 559 3266 Exercitus
580 3194 720 3266 16166161
742 3194 776 3267 16
799 3194 958 3267 16666166
981 3194 1409 3280 666166616166161166616,
1435 3198 1469 3267 66
1492 3195 1609 3267 16666
1631 3193 1671 3266 61
1696 3211 1734 3264 66
1750 3194 1939 3266 6616111666.

493 3443 627 3516 Seditio
655 3441 812 3516 civitatis
839 3443 1033 3536 Kinsberg,
1064 3465 1166 3536 quam
1194 3444 1306 3535 aliqui
1330 3444 1424 3516 cives
1445 3445 1535 3533 ciue,
1555 3465 1625 3516 non
1644 3444 1854 3517 necessitate
1873 3445 1937 3516 ali·

389 3586 457 3656 qua
485 3564 639 3652 subacti,
668 3565 728 3636 sed
756 3563 848 3655 quod
877 3565 1093 3656 poenitentia
1120 3565 1253 3636 animos
1282 3565 1470 3652 subeunte,
1504 3564 1777 3637 dominationem
1804 3565 1936 3658 regiam

389 3689 552 3758 excutere
580 3684 807 3776 quaerebant,
837 3685 961 3758 fecisse
988 3685 1169 3772 rebantur,
1199 3685 1342 3776 impulit
1369 3687 1500 3778 Regem
1516 3685 1546 3774 9)
1575 3685 1618 3756 ad
1646 3685 1838 3759 faciendam
1867 3707 1937 3757 orn·

389 3805 487 3877 nium
514 3805 672 3897 gentium
705 3811 847 3878 suorum
885 3805 1124 3878 secundariam
1161 3806 1197 3878 in
1230 3807 1410 3878 Prussiam
1442 3805 1712 3897 expeditionem.
1749 3807 1939 3878 Desineute

390 3927 509 4017 itaque
537 3927 606 3998 iem
634 3931 767 4000 aestate
794 3933 829 3999 et
856 3931 1040 4014 autumno,
1070 3926 1129 4018 qui
1158 3927 1194 3999 in
1221 3928 1361 4020 regione
1385 3927 1552 3999 Poloniae
1580 3925 1745 4018 frigidus,
1773 3927 1939 3999 humidus

390 4052 425 4120 ot
452 4047 626 4120 imbrosus
655 4069 731 4120 esse
758 4048 954 4134 consuevit,
984 4048 1116 4120 milites
1144 4069 1187 4120 ex
1215 4048 1389 4120 universis
1413 4047 1604 4138 provinciis
1631 4048 1753 4139 Regno
1773 4048 1940 4120 Poloniae

391 4167 578 4256 subiectis,
607 4169 791 4259 procedere
818 4169 855 4241 in
883 4189 1042 4259 campum
1070 4168 1250 4256 iubentur,
1280 4169 1403 4240 multis
1428 4167 1732 4242 etfereomnibus
1753 4167 1938 4266 (16166666-

389 4289 528 4380 pestira
555 4289 736 4362 vocatione
754 4289 913 4382 gentium
932 4290 1062 4382 Regem
1082 4289 1126 4378 ¹⁰)
1156 4289 1395 4380 carpentibus,
1430 4311 1509 4362 cum
1536 4309 1597 4382 pro
1625 4289 1688 4361 illo
1721 4295 1878 4380 tempore
1904 4290 1940 4360 in

391 4430 551 4501 campum
580 4409 677 4483 exire
705 4409 932 4500 iubebantur,
972 4410 1109 4502 quando
1138 4431 1181 4482 ex
1210 4410 1273 4481 illo
1301 4410 1338 4481 in
1365 4410 1511 4483 hiberna
1542 4410 1665 4482 merito
1693 4411 1808 4482 forent
1835 4411 1939 4483 dedu-

391 4530 502 4602 cendi.
532 4530 691 4603 Peritum
720 4535 837 4604 tamen
866 4536 919 4604 est
945 4530 1053 4623 regiis
1081 4530 1254 4622 imperiis:
1283 4529 1366 4602 licet
1393 4531 1430 4602 in
1457 4530 1608 4622 parendo
1636 4530 1939 4602 6666616661666-

390 4651 516 4740 rietes,
543 4657 584 4722 ut
611 4673 689 4724 cum
717 4652 917 4743 aliquarum
945 4658 1114 4724 terrarum
1148 4651 1324 4724 exercitus
1356 4672 1417 4742 pro
1449 4651 1582 4724 indicta
1617 4651 1673 4724 die
1705 4651 1938 4739 convenisset,

501 4975 524 5062 ¹)
549 4980 765 5056 expeditionem
787 4981 922 5040 bellicam
946 4980 1084 5040 universo
1115 4979 1218 5056 Regno
1247 4979 1389 5039 Poloniae
1410 4979 1441 5037 in
1465 4979 1613 5039 Prussiam
1643 4983 1747 5039 contra
1768 4979 1939 5055 Magistrum

391 5089 420 5143 et
443 5083 584 5144 Ordinem
606 5083 710 5144 indicit
731 5081 794 5144 Ed.
819 5081 906 5166 Lips.
943 5081 968 5162 ²)
991 5085 1155 5160 promissae
1178 5083 1234 5143 sibi
1257 5079 1320 5143 Ed.
1345 5079 1435 5163 Lo'ps.
1465 5081 1490 5161 ³)
1514 5081 1649 5158 Magistri
1680 5087 1710 5142 et
1733 5081 1853 5142 Ordinis
1875 5079 1937 5142 Ed.

391 5185 482 5269 Lipr.
506 5185 532 5266 ⁴)
555 5187 725 5264 Regemqne
748 5187 922 5247 Gasimirum
945 5184 1009 5248 Ed.
1035 5183 1127 5269 Lips.
1153 5185 1178 5267 ⁵)
1203 5187 1283 5263 apud
1304 5183 1367 5246 Ee.
1390 5183 1481 5268 Lips.
1507 5183 1532 5263 6)
1556 5187 1586 5244 16
1601 5186 1736 5262 partibus
1751 5187 1936 5246 inferioribus

391 5292 530 5354 Prusoiee
552 5288 616 5352 Ed.
641 5289 731 5374 Lips.
757 5288 781 5365 ⁷)
805 5291 959 5367 Skubyela
980 5287 1044 5350 Ed.
1069 5287 1163 5372 Lips.
1189 5289 1213 5368 ⁸)
1238 5295 1315 5350 sunt.
1339 5286 1424 5350 deest
1445 5289 1481 5350 ia
1506 5283 1581 5350 Cod.
1607 5283 1696 5350 Calo.
1721 5285 1749 5368 ⁹)
1766 5290 1936 5350 Oasimirum

391 5397 532 5457 Poloniae
554 5397 666 5470 Regem
688 5391 750 5456 Ed.
775 5391 868 5478 Lipo.
896 5393 934 5474 ¹⁰)
959 5395 1131 5454 Casimirum
1154 5393 1266 5469 Regem
1288 5391 1351 5454 Ed.
1377 5389 1467 5475 Lips.
