4082 6284
402 535 477 614 336
908 560 1021 619 nrsnn
1035 487 1291 622 'nuooacnrus
1318 550 1434 641 (rm).
1667 545 1734 650 (Α.
1754 549 1800 623 D.
1822 546 1951 647 1462.)
1988 551 1992 556 ’

400 746 602 835 defunctus,
630 747 667 820 in
686 749 867 822 Plocnensi
886 749 1034 824 ecclesia
1051 752 1234 844 sepelitur.
1265 752 1410 827 Sonuere
1428 755 1606 842 nonnulli,
1633 756 1781 845 falsane,
1801 778 1849 828 an
1867 778 1950 830 vere

399 867 556 940 nescitur
574 869 613 958 ¹),
644 869 746 941 illum
775 870 882 942 inisse
910 889 1042 945 veneno
1071 872 1261 946 sublatum.

447 1175 561 1312 legali
584 1222 735 1294 [criniri
757 1223 854 1312 aspa
876 1224 1070 1298 amotionem
1092 1224 1133 1296 ab
1156 1225 1346 1316 episcopata
1369 1227 1573 1298 &moriensi
1595 1227 1700 1301 boati
1722 1228 1765 1301 de
1786 1229 1898 1302 &aaa

657 1344 758 1415 variis
781 1344 1060 1416 monacorum
1079 1345 1165 1435 apud
1187 1346 1303 1436 lapan
1324 1349 1498 1437 inpetrare
1520 1348 1682 1422 nituntur.

501 1590 758 1666 sextadecima
774 1588 986 1680 Ianuarii2),
1005 1592 1179 1665 Iohannes
1198 1592 1441 1685 Rithwyenslri
1459 1593 1665 1686 capitaneus
1683 1593 1946 1668 Sondomirisn·

396 1715 463 1802 sis,
491 1715 537 1812 let
572 1711 740 1804 Magister
771 1710 922 1782 Mattius
954 1711 997 1784 de
1028 1713 1231 1785 Baccansob
1246 1711 1277 1802 ³)
1310 1714 1536 1786 Decretorum
1568 1715 1714 1801 Doctor,
1747 1714 1946 1786 Canonieus

395 1831 721 1918 Wladislaviensis,
750 1852 772 1903 a
797 1830 977 1904 Karimiro
1004 1832 1100 1924 Rege
1114 1832 1146 1922 ⁴)
1174 1837 1208 1905 et
1236 1833 1464 1922 consiliariis,
1493 1853 1618 1927 magna
1645 1855 1708 1926 sps
1733 1834 1945 1926 praestolati

396 1953 602 2047 (praemisso
630 1952 759 2026 etenim
786 1951 898 2023 veloci
925 1951 1065 2039 nuntie,
1094 1952 1211 2024 omnia
1237 1973 1275 2024 se
1301 1973 1364 2044 pro
1387 1959 1478 2025 nutu
1501 1954 1609 2046 Regis
1627 1954 1664 2026 in
1682 1975 1789 2028 cansa
1807 1954 1943 2046 episeo-

394 2080 499 2167 patus
527 2072 766 2146 cracoviensis
793 2070 972 2144 ordinasse
1004 2071 1250 2164 vulgaverant)
1277 2093 1322 2146 ex
1350 2073 1444 2146 Urbe
1471 2073 1619 2162 reversi,
1652 2074 1857 2148 cracoviam
1884 2075 1945 2146 ad-

395 2195 558 2282 veniunt,
591 2192 704 2266 tribus
736 2213 843 2284 prope
874 2191 1054 2264 mensibus
1085 2192 1217 2266 Romae
1247 2193 1439 2282 immorati,
1474 2194 1566 2284 quod
1597 2195 1693 2286 Papa
1719 2197 1808 2268 Pius
1825 2195 1869 2282 ⁵),
1901 2215 1943 2266 ex

395 2315 490 2387 Urbe
517 2314 701 2386 'liburtum
729 2310 891 2384 secedens
906 2311 938 2398 θ)
971 2317 1007 2383 et
1034 2333 1071 2384 se
1098 2313 1234 2385 nuntiis
1264 2313 1373 2406 regiis
1413 2314 1504 2405 apud
1527 2313 1668 2388 Urbem
1700 2315 1856 2406 opperiri
1890 2315 1943 2386 in·

394 2435 495 2522 bens,
524 2433 660 2506 tardius
687 2432 832 2504 Romam
859 2429 1011 2504 redierat
1026 2431 1068 2520 ⁷).
1097 2431 1164 2523 Qui
1192 2433 1281 2525 Regi
1294 2431 1326 2522 ⁸)
1354 2433 1390 2504 iu
1418 2433 1697 2506 consiliariorum
1716 2441 1752 2508 ot
1770 2435 1944 2507 Iohannis

394 2549 704 2627 Wladislaviensis
731 2549 902 2642 episcopi,
936 2550 1037 2622 cuius
1070 2550 1269 2642 sumptibus
1302 2551 1512 2643 legationem
1550 2553 1708 2640 obibant,
1740 2553 1946 2644 praesentia
2039 2617 2040 2626 ,

393 2673 597 2747 relationem
625 2670 768 2758 tacturi,
797 2671 884 2741 duas
911 2667 1028 2742 bullas
1056 2671 1282 2762 apostolicas,
1316 2691 1437 2759 unam,
1466 2693 1535 2762 qua
1561 2671 1688 2746 Iacobo
1716 2673 1949 2746 cracoviensi.
2040 2760 2041 2769 ,

393 2793 555 2886 episcopo
582 2788 851 2864 administrandi
878 2789 1114 2878 auferebatur,
1143 2799 1178 2864 et
1204 2791 1354 2864 iohanni
1376 2792 1562 2883 Pnyowski
1591 2791 1836 2865 archidiacono
1858 2793 1941 2866 cra-
2040 2786 2041 2789 ‘

393 2912 548 2986 covionsi
575 2910 816 2984 conferebatur
842 2909 1010 2996 facultas,
1040 2909 1147 2982 donec
1166 2911 1382 3002 apostolicus
1401 2912 1554 3003 Legalus
1574 2911 1757 2984 Poloniam
1776 2913 1883 2985 adeat
1897 2913 1943 3002 ⁹);

393 3035 554 3121 alteram,
584 3051 653 3123 qua
679 3031 776 3121 Papo
803 3027 893 3121 Regi
920 3027 1100 3101 Karimiro
1132 3051 1170 3102 se
1201 3029 1317 3102 omnia
1348 3051 1410 3121 pro
1438 3038 1519 3102 voto
1546 3051 1627 3119 suo,
1660 3037 1833 3123 quantum
1860 3052 1942 3104 cum

393 3155 466 3226 Deo
497 3149 643 3244 poterit,
678 3151 851 3222 iacturum
879 3153 914 3222 ot
940 3148 1128 3240 Legatum,
1161 3149 1413 3241 Hieronymum
1445 3151 1610 3224 videlicet
1636 3150 1942 3243 archiepiscopum

370 3274 606 3360 cretensem,
635 3271 678 3342 ad
705 3267 961 3360 inspiciendum
990 3267 1249 3341 criminationes
1277 3274 1312 3342 et
1338 3269 1494 3342 delectus
1526 3269 1645 3342 Iacobi
1672 3270 1831 3362 episcopi
1857 3270 1942 3343 cra·
2040 3284 2041 3351 ζ

393 3392 583 3480 curiensis,
616 3389 749 3482 provisi
778 3387 850 3477 sui,
879 3408 942 3479 per
967 3387 1110 3460 nuntios
1136 3387 1251 3480 regios
1279 3388 1447 3476 obiectas,
1477 3395 1511 3461 et
1538 3389 1582 3460 ad
1609 3389 1818 3462 demendum
1837 3391 1940 3462 litem
2040 3446 2041 3489 ἶ

391 3509 632 3585 cracoviensis
659 3507 826 3582 ecclesiae
857 3507 1103 3600 multipliciter
1129 3513 1294 3597 vexatae,
1322 3507 1527 3596 missurum,
1556 3509 1694 3598 volens,
1719 3516 1760 3582 ut
1779 3509 1940 3582 eiusdem

391 3631 516 3724 Legati
533 3634 698 3722 pareatur
715 3627 943 3716 ordinationi,
972 3627 1175 3719 pollicetur,
1204 3627 1453 3715 exhibuerunt,
1483 3627 1519 3699 in
1538 3629 1691 3700 adventu
1710 3651 1850 3721 quoqne
1868 3631 1937 3702 Le·

390 3752 466 3846 gali
493 3754 758 3824 consecuturum
786 3750 917 3840 Regem
944 3747 1100 3839 singula,
1129 3767 1217 3838 quae
1245 3768 1265 3818 a
1292 3748 1388 3838 Papa
1414 3767 1477 3839 per
1503 3769 1562 3820 eos
1593 3749 1807 3839 expetierat,
1842 3757 1941 3821 certo

392 3872 521 3945 certius
547 3869 808 3962 repromittunt.
837 3867 991 3941 Praeiati
1019 3866 1110 3940 enim
1136 3867 1226 3959 regii
1253 3868 1370 3940 nuntii
1402 3867 1511 3940 variis
1538 3868 1675 3958 probris
1708 3873 1743 3940 et
1771 3869 1938 3940 crimina·

391 3991 547 4063 tionibus
574 3989 611 4061 in
638 3989 803 4061 Iacobum
830 3986 1091 4061 cracoviensem
1123 3987 1322 4078 episcopum
1349 3986 1422 4075 usi,
1455 3987 1569 4059 virum
1601 3987 1704 4059 illurn
1731 3988 1941 4060 ambitionis
2039 3987 2040 4082 s

390 4110 563 4197 notoriae,
591 4108 697 4200 Regi,
726 4109 818 4181 clero
847 4113 881 4180 et
907 4107 1037 4198 populo
1065 4106 1257 4199 ingratum,
1287 4105 1476 4180 seditiones
1500 4107 1664 4195 cientem,
1692 4127 1772 4180 cnm
1790 4107 1937 4200 propin·
2039 4135 2040 4140 ¹

390 4250 480 4322 quus
509 4249 594 4301 suus
622 4228 780 4300 Andreas
810 4225 1057 4314 chunerinslri,
1087 4246 1255 4318 occupare
1282 4225 1521 4318 episcopatum
1540 4226 1584 4317 ¹⁰)
1611 4227 1844 4316 contendens,
1873 4249 1937 4320 po·
2039 4259 2040 4306 ι

388 4348 504 4441 pulani
531 4347 771 4440 indignatione
803 4351 947 4419 necatus
978 4345 1100 4434 fuerit,
1133 4350 1168 4418 et
1194 4367 1320 4437 corpus
1352 4345 1429 4418 eius
1456 4345 1493 4417 in
1519 4346 1647 4436 plateis
1679 4346 1848 4419 divisum.
1883 4346 1935 4419 Ob

389 4469 578 4558 seditiones
605 4487 743 4559 quoque
770 4487 853 4538 snas
879 4464 984 4537 multi
1011 4467 1053 4538 de
1080 4465 1201 4557 Regno
1227 4464 1431 4556 proscripti;
1463 4464 1758 4539 renuntiationem
1785 4466 1934 4558 insuper
2039 4533 2040 4546 ,

389 4589 568 4662 aTboma
594 4587 756 4678 episeopo
783 4585 990 4676 agonizante
1017 4585 1207 4658 extorsisse
1234 4584 1461 4658 deducebant.
1495 4585 1779 4677 Magnificentius
1812 4586 1869 4658 his
1898 4585 1934 4658 in

388 4707 533 4810 auribus
559 4708 677 4798 Papae
704 4710 739 4779 et
765 4705 1002 4778 cardinalium
1029 4705 1186 4792 iactatis,
1215 4725 1319 4796 quam
1345 4704 1481 4794 verius,
1510 4709 1547 4777 et
1564 4725 1585 4778 a
1603 4705 1794 4779 factoribus
1813 4705 1933 4780 Iacobi

388 4827 543 4920 episcopi
561 4825 816 4914 cracoviensis,
837 4823 1012 4899 Demetrio
1032 4825 1073 4897 de
1094 4824 1207 4898 Sonno
1227 4826 1272 4914 ¹¹)
1300 4825 1503 4918 Praeposito
1527 4823 1824 4914 scarbimiriensi,
1852 4845 1931 4917 ger·

494 5134 518 5216 ¹)
539 5135 671 5197 nescitur
692 5130 778 5195 decet
799 5131 836 5194 in
860 5125 935 5194 Oonl
961 5124 1049 5194 Calo.
1074 5129 1101 5210 ²)
1123 5129 1277 5194 Sedecima
1299 5131 1347 5192 die
1369 5131 1478 5194 mensis
1500 5131 1630 5193 lmuarii
1644 5127 1708 5195 Ed.
1723 5128 1813 5216 Lipa.
1831 5133 1857 5213 ¹)
1871 5133 1929 5194 Ra-

386 5241 481 5320 eriasz
506 5232 582 5300 cod.
598 5234 714 5298 -Przea
745 5231 772 5316 ⁴)
795 5236 935 5295 Poloniae
960 5235 1039 5310 llege
1062 5231 1124 5294 Ec.
1149 5231 1237 5316 Lr'pr.
1269 5231 1295 5314 ⁶)
1319 5235 1390 5295 Pius
1412 5235 1560 5296 secundus
1582 5233 1645 5297 Ec.
1669 5234 1759 5318 Lips.
1783 5234 1812 5319 ⁸)
1835 5239 1928 5298 disce

386 5345 459 5405 dens
479 5337 544 5402 Ed.
564 5336 706 5422 Epa-1⁷)
721 5339 892 5398 advenerat.
915 5326 979 5399 Ed.
1003 5333 1096 5420 Lips.
1121 5335 1148 5416 ⁸)
1171 5337 1315 5400 Gasimiro
1336 5337 1412 5414 Regi
1434 5335 1498 5399 Ed.
1515 5334 1606 5420 Lips.
1624 5336 1650 5415 ⁹)
1667 5341 1698 5399 in
1713 5339 1860 5401 Polouiam
1877 5359 1927 5400 va

386 5448 449 5508 nist
470 5440 533 5506 Ed.
550 5440 641 5528 Lips.
669 5438 707 5521 ¹⁰)
731 5440 1192 5519 Episcopatumcracovieusem·
1212 5436 1274 5502 Ed.
1299 5437 1388 5522 Lips.
1416 5439 1455 5520 ¹¹)
1478 5441 1598 5518 Syenno
1619 5437 1683 5503 Rc.
1706 5437 1794 5526 Lipa.
