4046 6278
68 551 140 652 (Α.
162 551 206 628 D.
226 551 353 651 rece.)
582 576 696 630 uranu
722 576 969 630 nuonnornrus
995 559 1110 648 (1111).
1542 555 1618 630 393

64 873 209 961 muna,
233 874 349 964 queas
371 875 529 948 tractatio
552 875 642 964 pacta
665 892 721 964 par
743 875 958 948 numerumn
979 875 1119 948 arbitror
1140 875 1292 965 utdnoua
1308 877 1508 966 manptoa,
1529 875 1619 948 inter

61 994 188 1084 began
210 997 246 1067 at
268 995 411 1085 bagnum
439 993 589 1066 Poloniae
619 1012 659 1067 ao
687 994 875 1084 lanatum
902 997 937 1068 et
960 995 1107 1068 ordinem
1136 995 1358 1068 burbonum
1388 995 1617 1083 connotantur,

720 1114 883 1204 discipata
904 1116 961 1188 rit.

169 1357 375 1434 Valuis'eent
406 1365 479 1432 tam
512 1359 608 1454 longi
634 1381 697 1452 pro
724 1382 808 1453 pace
836 1366 1026 1450 tractatus,
1059 1362 1170 1454 partis
1198 1361 1384 1454 utriusque
1411 1362 1616 1453 pectoribus

61 1499 171 1570 quam
203 1479 354 1553 maxime
386 1479 423 1552 in
455 1480 555 1554 illam
587 1481 786 1568 inclinatis,
821 1481 986 1573 quoniam
1018 1463 1455 1570 circunmdabant),
1491 1483 1616 1574 suique

61 1618 201 1686 omnes,
230 1599 455 1689 serrandum,
484 1620 554 1672 non
572 1600 758 1674 dolendum
777 1599 941 1674 Ordinem
968 1601 1233 1690 crucifericum,
1262 1605 1298 1674 et
1316 1605 1427 1674 terras
1446 1602 1615 1675 Prussiae

61 1718 264 1807 interiores,
292 1719 501 1812 Elbingcnei
528 1725 622 1793 terra
648 1725 683 1794 et
710 1721 1011 1813 Morienturgensi
1039 1725 1154 1793 castro
1182 1739 1261 1793 cum
1289 1720 1363 1792 suis
1391 1721 1614 1794 districtibus

61 1843 96 1911 et
123 1838 349 1930 pertiuentiis
377 1839 551 1931 exceptis,
581 1839 703 1912 Ordini
729 1840 979 1932 relinquendas
1006 1840 1223 1927 annuebant3
1250 1860 1333 1930 pars
1361 1861 1499 1931 quoque
1526 1840 1611 1913 Oru-

61 1957 221 2047 oiferice,
242 1958 346 2032 terris
364 1959 607 2048 Pomeraniac‚
632 1959 845 2048 thornensi,
875 1959 1142 2033 Micbalovienei
1161 1965 1196 2032 et
1214 1958 1422 2051 Elbingensi
1442 1980 1521 2032 cum
1537 1946 1615 2034 'suis

60 2077 302 2167 districtibus,
339 2084 508 2170 perpetuo
536 2080 657 2154 cedere
684 2085 719 2152 et
745 2080 964 2168 renuntiare,
993 2085 1147 2154 castrum
1175 2101 1256 2152 uero
1284 2079 1509 2173 Maricnburg
1535 2099 1613 2152 cum

61 2198 136 2270 suis
165 2198 404 2288 districtibus,
433 2199 470 2272 in
496 2200 593 2293 regia
620 2205 743 2273 tenuta
770 2205 805 2273 et
824 2205 997 2292 potestate
1028 2201 1066 2272 iu
1097 2219 1206 2274 annos
1234 2199 1381 2292 triginta
1409 2199 1612 2288 consistere,

61 2322 102 2390 ut
129 2318 198 2390 sub
225 2318 317 2408 illis,
347 2319 422 2392 iure
449 2321 508 2394 rei
535 2320 734 2409 concordia,
763 2321 820 2394 cui
847 2322 967 2394 cedere
994 2326 1161 2414 perpetuo
1189 2319 1346 2408 deberet,
1380 2319 1611 2407 ordinaretur,

62 2435 317 2511 consentiebat.
348 2439 475 2512 Verum
503 2440 684 2532 Principes
712 2441 937 2526 Almanniae,
967 2445 1003 2514 et
1030 2441 1211 2532 signanter
1238 2439 1438 2512 Fridericus
1458 2439 1613 2512 Marchio

63 2558 390 2652 Brandeburgensis
423 2581 501 2632 cum
533 2560 709 2652 germanis
741 2559 816 2634 suis
843 2560 989 2633 Albertc
1018 2565 1053 2634 et
1079 2561 1251 2648 Iohanne,
1284 2559 1369 2632 item
1397 2559 1613 2632 Marcbiones

62 2679 295 2767 Misenenses,
314 2678 379 2751 bili
399 2683 434 2752 et
452 2678 563 2751 lirore
590 2679 777 2772 exagitati,
806 2679 897 2770 quod
916 2699 986 2770 pax
1005 2678 1219 2751 Prothenica
1237 2699 1299 2770 per
1317 2679 1552 2752 Lubicnenses
1568 2677 1611 2768 ²),

62 2798 113 2872 eis
141 2799 332 2892 neglectis,
366 2799 489 2872 confici
521 2798 677 2886 deberet,
712 2799 955 2890 frequentibus
986 2799 1123 2871 nuntiis
1155 2798 1366 2887 Cruciferos,
1401 2800 1461 2891 qui
1493 2819 1612 2890 paoem

62 2920 154 3011 apud
174 2920 317 2992 Thorun
344 2918 558 3005 tractabant,
588 2920 790 2992 monebant:
818 2939 862 2992 ne
881 2919 918 2991 in
937 2919 1086 2992 dedecus
1105 2924 1141 2992 ct
1159 2918 1196 2991 in
1215 2918 1439 3011 opprobrium
1458 2918 1612 2991 omnium

65 3039 278 3111 Almauniae
301 3038 505 3130 Principum
524 3039 757 3111 consummari
775 3059 894 3130 pacem
913 3060 975 3130 per
992 3039 1142 3112 arbitros
1160 3039 1394 3111 Lubicnenses
1409 3036 1440 3127 ³)
1468 3058 1612 3111 consen·

62 3158 190 3248 tinent,
219 3159 428 3231 Almanniae
460 3158 579 3250 potius
611 3159 837 3250 Principibus
869 3161 961 3232 hunc
988 3161 1154 3232 honorem
1181 3163 1411 3232 reservarent.
1445 3157 1484 3231 Si
1512 3179 1612 3232 aecus

62 3283 223 3371 agerem,
251 3299 313 3370 pro
342 3278 475 3350 iniusta
501 3278 715 3370 ignominiae
741 3283 825 3351 nota
853 3279 983 3352 scirent
1002 3300 1039 3352 ee
1057 3299 1119 3370 per
1137 3277 1320 3369 Principes
1337 3277 1550 3351 Almanniae
1568 3297 1609 3350 ex

61 3397 238 3470 universis
265 3397 352 3471 locis
380 3402 416 3470 et
442 3397 602 3470 domibus
631 3398 839 3472 Almanniac
858 3399 1153 3472 exterminandos.
1181 3398 1380 3470 Accedebat
1398 3403 1434 3470 et
1452 3398 1611 3470 civitatis

62 3517 301 3590 Tbcruneneie
328 3517 539 3608 repromissa
565 3539 628 3610 per
654 3519 843 3590 nonnullos
875 3518 970 3592 cives
998 3518 1074 3591 eius
1101 3517 1271 3610 proditio,
1297 3540 1408 3610 -quam
1436 3517 1613 3591 Henricue

61 3637 286 3729 Plangenski
304 3636 522 3710 clandestina
540 3637 717 3728 pactione,
736 3639 907 3712 manendo
925 3638 962 3710 in
981 3639 1138 3726 Tborun,
1167 3639 1380 3710 confecerat:
1410 3638 1511 3710 cuius
1531 3657 1611 3729 spes

62 3757 145 3830 adeo
174 3757 279 3830 illum
305 3757 496 3846 mulcebat,
526 3762 566 3828 ut
593 3757 812 3831 Phoronensi
841 3758 985 3831 ciuitate
1012 3758 1049 3829 in
1068 3779 1166 3830 suam
1186 3757 1355 3830 ditionem
1372 3757 1529 3847 redacta,
1559 3759 1609 3828 f-

62 3877 127 3950 cilc
154 3898 195 3950 se
223 3881 334 3948 totam
362 3875 543 3949 Prussiam
561 3883 848 3969 recuperaturum
868 3877 1099 3951 existimaret.
1128 3877 1284 3951 Iniectae
1302 3877 1447 3969 insuper
1465 3879 1607 3950 fuerunt

62 3997 148 4070 duae
178 3996 411 4074 conditiones.
440 4017 511 4068 una
537 4018 599 4089 per
625 4003 760 4089 partem
786 3997 934 4090 regiam,
963 3999 1075 4071 altera
1101 4017 1163 4089 per
1189 4001 1324 4088 partem
1352 3997 1608 4070 Cmoifericam.

62 4116 151 4189 Nam
180 4124 217 4189 et
243 4116 320 4190 Rex
348 4116 514 4188 Poloniae
542 4137 621 4188 cum
649 4117 723 4189 suis
751 4139 820 4189 non
847 4118 952 4190 aliter
978 4137 1097 4208 pacem
1124 4121 1328 4209 perpetuam
1355 4117 1497 4190 volebat
1528 4137 1608 4189 con-

63 4237 173 4326 cludi,
202 4235 273 4308 nisi
300 4240 341 4307 ut
367 4234 536 4327 Magister
562 4241 597 4309 ot
625 4236 715 4308 Ordo
744 4237 975 4310 Grucifericus
1002 4238 1040 4308 in
1059 4237 1160 4310 terris
1179 4237 1345 4310 Prussiae
1362 4242 1529 4329 perpetuo
1549 4238 1607 4310 fie-

63 4360 139 4428 rent
169 4355 261 4447 Regi
289 4359 324 4426 et
351 4354 471 4447 Regno
495 4355 663 4428 Poloniae
685 4356 899 4449 homagiales
932 4364 967 4430 ct
994 4356 1160 4444 subiecti,
1193 4377 1369 4444 asserens,
1402 4377 1471 4428 non
1504 4356 1609 4428 aliter

63 4495 181 4566 pacem
208 4494 311 4565 posse
337 4478 450 4546 ratam
482 4475 673 4548 consistere
706 4477 871 4549 futuram.
905 4478 951 4548 Et
978 4477 1147 4569 Magister
1178 4479 1212 4548 et
1240 4475 1330 4548 Ordo
1362 4475 1607 4567 deposcebant,

63 4599 102 4666 ut
127 4593 331 4668 Kanimirue
358 4594 525 4668 Poloniae
551 4596 630 4670 Rex
657 4596 818 4668 omnibus
845 4596 917 4685 bis,
949 4597 1009 4688 qui
1037 4596 1130 4687 apud
1149 4595 1313 4670 Ordinem
1333 4616 1395 4686 per
1413 4615 1522 4668 annos
1541 4617 1605 4666 un·
1656 4636 1661 4648 ·

44 4713 173 4788 decim
201 4713 457 4802 militauerant,
492 4714 733 4806 stipendiariis
761 4715 812 4787 eis
839 4715 1029 4802 duntaxat,
1064 4715 1126 4806 qui
1158 4715 1333 4807 praesidia
1359 4714 1606 4801 munitionum,

64 4855 149 4925 quae
176 4835 214 4907 in
241 4839 376 4926 partem
403 4833 513 4926 Regia
540 4835 717 4924 cederent,
747 4835 994 4923 observabant,
1024 4833 1238 4926 stipendium
1266 4835 1310 4905 ad
1336 4835 1456 4926 plures
1475 4834 1604 4906 millio-

64 4974 123 5026 nes
150 4973 376 5028 ascensurum
403 4955 633 5045 persolveret,
662 4975 821 5028 assereus
849 4975 887 5027 se
914 4955 957 5026 ad
985 4953 1191 5026 solvendum
1218 4954 1355 5046 inopem
1383 4973 1470 5026 esee.
1500 4953 1605 5027 Utra-

65 5095 129 5167 que
156 5075 275 5167 itaqne
301 5078 401 5166 parte
429 5076 575 5148 alterius
602 5075 783 5168 postulata
801 5075 1025 5162 abhorrente,
1054 5073 1278 5166 Principibus
1297 5073 1442 5166 iusuper
1460 5074 1604 5146 Alman-

66 5195 141 5268 niae
160 5195 467 5288 impedimentum,
497 5195 588 5287 qood
607 5194 732 5283 retati,
757 5194 1015 5282 iniicientibus,
1034 5216 1072 5268 re
1091 5194 1222 5268 iniecta
1239 5200 1320 5286 post
1338 5193 1469 5266 multoe
1488 5215 1606 5285 sump-

170 5452 192 5533 ¹)
207 5454 270 5514 Rex
284 5453 424 5513 Poloniae
440 5458 471 5513 at
484 5448 547 5513 Ed.
563 5447 654 5534 Lipe.
679 5449 704 5530 ²)
720 5469 773 5528 por
787 5451 979 5512 Lubnoenaea
994 5447 1056 5511 Ed.
1072 5446 1162 5533 Lipe.
1188 5445 1214 5532 ³)
1229 5449 1420 5510 Lubuaenees
1435 5444 1498 5509 Ed.
1515 5444 1606 5530 Lipa.

91 5601 112 5641 r.
126 5599 218 5652 nima.
232 5601 319 5643 mm.
333 5601 413 5644 norm.
426 5601 452 5642 r.
466 5601 493 5642 v.
1398 5581 1435 5635 ⁶⁰
