4052 6286
370 538 445 622 ccl
880 571 993 624 arnan
1019 569 1264 624 nuonconrus
1291 551 1407 640 (xm).
1641 547 1709 647 (Α.
1728 547 1775 621 D.
1796 545 1925 644 1488.)

370 763 489 848 tepere
517 757 725 844 attulerant,
755 755 823 828 fnit
850 755 1055 829 discessum.
1085 754 1154 846 Qui
1181 755 1386 847 priusquam
1405 755 1637 828 Wratielaric
1656 756 1698 826 cd
1717 757 1924 828 Thorunen·

371 897 443 949 sem
471 876 622 949 diaetam
651 875 888 968 egrederetur,
918 877 1057 948 oraculo
1085 876 1231 948 devotae
1258 881 1293 948 ct
1320 876 1505 968 religiosae
1533 875 1722 949 Veronicae
1759 875 1925 969 virginis,

370 997 413 1069 de
441 996 605 1070 Oracoria
632 1001 744 1084 ortae,
774 995 835 1070 sed
863 996 955 1068 circa
981 996 1309 1068 Wratislaviensem
1337 995 1462 1068 multis
1489 996 1558 1067 iarn
1587 996 1687 1068 annis
1706 996 1926 1068 demorantis

371 1117 569 1204 adelasiam,
599 1121 634 1188 et
661 1117 859 1207 frequentes
887 1115 1049 1188 habentis
1077 1117 1325 1202 revelationes,
1355 1116 1399 1187 ad
1417 1115 1591 1206 liquidum
1611 1116 1774 1204 edoctus,
1806 1137 1927 1208 pacem

372 1237 619 1310 Pruthenicam
646 1257 667 1307 a
694 1257 730 1308 ee
759 1236 949 1308 conlectam
977 1235 1037 1308 iri:
1068 1236 1356 1327 quemadmodum
1384 1236 1496 1308 eidem
1525 1235 1715 1310 Veronicae
1734 1257 1801 1328 per
1819 1237 1926 1308 risio-

372 1379 467 1446 nem,
496 1357 628 1448 quain
656 1360 844 1448 conspectu
872 1355 1052 1428 Altiesimi
1078 1357 1232 1448 Legatue
1260 1357 1335 1448 ipse
1363 1356 1405 1429 ab
1438 1377 1478 1428 aa
1505 1357 1714 1446 consistere,
1744 1363 1782 1430 et
1810 1357 1926 1430 acina

374 1498 446 1550 cem
466 1482 603 1569 aparte
630 1480 778 1568 utraque
805 1483 944 1548 acutum
973 1477 1072 1549 risus
1092 1483 1146 1549 est
1164 1476 1396 1569 confringere,
1421 1477 1673 1550 Pruthenicam
1690 1479 1828 1551 bellum
1848 1498 1927 1550 con·

373 1597 595 1691 fringendum
623 1597 665 1668 ab
695 1617 751 1682 eo,
784 1598 908 1688 angelo
935 1597 1203 1689 interpretante,
1232 1604 1463 1670 monstratum
1492 1601 1557 1669 est.
1590 1597 1637 1669 let
1664 1597 1831 1689 quamvis
1859 1619 1928 1689 pax

375 1719 547 1811 praefata,
577 1721 612 1788 et
639 1717 717 1808 ipsa
745 1717 800 1788 sni
829 1721 956 1789 natura
979 1723 1014 1789 et
1032 1718 1174 1809 optimis
1202 1717 1393 1809 aequisque
1421 1717 1698 1805 conditionibus,
1730 1718 1808 1790 suis
1836 1719 1928 1790 laeta

375 1840 464 1911 foret
483 1839 522 1927 ¹),
560 1836 803 1910 desiderabilis
840 1837 976 1909 cunctis
1005 1843 1040 1910 et
1066 1838 1235 1925 iucunda,
1269 1837 1425 1910 uniuersi
1459 1859 1596 1930 quoque
1624 1838 1694 1910 riri
1726 1837 1871 1930 pacifici
1897 1843 1929 1910 at

375 1957 532 2031 timorati
563 1957 782 2030 Karimirum
810 1957 976 2030 Poloniae
1012 1959 1159 2050 Regem,
1193 1958 1412 2030 consiliarios
1441 1979 1539 2044 euos,
1568 1959 1800 2050 Rudolphnm
1819 1959 1928 2050 Lega-

375 2085 450 2154 tum
482 2078 731 2169 apoetolicum,
764 2081 918 2150 caeteros
951 2084 1110 2150 auctores
1144 2078 1261 2166 illine,
1300 2077 1446 2150 summis
1479 2079 1644 2151 laudibus
1677 2080 1886 2151 coelotenus
1900 2077 1929 2164 ²)

377 2197 555 2272 efferrent:
585 2197 756 2290 Georgius
775 2203 891 2270 lamen
910 2198 1097 2270 Bohemiae
1124 2199 1201 2271 Rex
1230 2199 1348 2270 dolore
1374 2198 1510 2290 ingenti
1538 2199 1696 2272 cadentis
1715 2220 1803 2271 snae
1823 2199 1868 2269 ad
1886 2201 1929 2270 ir-

375 2318 483 2391 ritum
512 2318 586 2410 spei
613 2318 822 2411 angebatur,
853 2318 983 2410 quippe
1010 2318 1071 2410 qui
1098 2319 1249 2390 Polonos
1278 2319 1490 2394 Pruthenico
1523 2319 1616 2390 bello
1644 2318 1682 2390 in
1709 2320 1827 2391 multo
1856 2319 1929 2390 lon·

375 2440 456 2532 gius
484 2444 623 2530 tempus
659 2437 822 2510 distineri
863 2442 968 2529 atque
1001 2439 1210 2510 exhaustum
1243 2439 1288 2510 iri
1316 2442 1514 2530 optaverat,
1548 2445 1584 2510 et
1610 2460 1672 2530 per
1698 2438 1931 2510 dissidentiae

375 2581 454 2634 cum
474 2559 676 2648 cruciferis,
706 2564 896 2650 mutuaque
915 2559 1024 2647 bella,
1054 2560 1214 2651 Regnum
1243 2558 1430 2632 Bohemiae
1454 2558 1576 2631 sibiet
1596 2557 1682 2631 filiis
1707 2559 1804 2631 male
1824 2580 1929 2650 quae·

377 2680 484 2752 situm
512 2684 547 2752 et
574 2679 822 2770 quaerendum,
852 2679 1057 2751 diuturnum
1081 2681 1152 2752 lore
1177 2679 1381 2752 crediderat.
1411 2679 1493 2771 Qui,
1523 2699 1602 2751 cnm
1629 2679 1699 2751 iam
1715 2677 1747 2768 ³)
1774 2680 1932 2771 primum

377 2821 420 2875 ex
441 2820 577 2872 mmore
605 2821 728 2872 sonoro
748 2804 783 2872 et
801 2799 981 2890 precipiti,
1010 2801 1200 2872 conlectam
1229 2800 1402 2888 audisset,
1431 2800 1562 2871 dudum
1577 2801 1608 2888 ⁴)
1637 2799 1776 2872 credere
1797 2799 1928 2886 renuit,

377 2940 420 2992 ne
447 2919 672 2992 indolendum
701 2918 769 2991 sibi
796 2919 1037 2992 vehementius
1067 2921 1170 3009 foret,
1205 2919 1235 2991 si
1263 2919 1433 3008 crederet,
1462 2939 1637 2992 asserens:
1666 2919 1826 3012 ingeniis
1855 2920 1929 2992 suis

378 3039 514 3114 abunde
540 3039 753 3132 prouidisse,
787 3061 830 3112 ne
857 3061 976 3131 pacem
1003 3040 1253 3114 Pruthenicam
1281 3041 1476 3114 coniectum
1504 3039 1565 3128 iri,
1598 3043 1634 3112 et
1661 3039 1795 3112 irarum
1825 3045 1930 3132 atque

377 3160 549 3234 bellorum
577 3161 748 3248 flammas,
778 3160 875 3253 largo
898 3161 1067 3234 hacteuus
1087 3160 1220 3233 cruoris
1239 3160 1353 3233 mutui
1371 3160 1482 3233 imbre
1500 3159 1705 3251 productas,
1734 3161 1930 3233 lentescere

378 3280 605 3374 contingeret.
639 3281 729 3352 Dum
757 3301 838 3352 vero
867 3285 988 3353 contra
1019 3302 1059 3353 ac
1086 3282 1162 3372 ipse
1188 3286 1303 3369 ratus,
1340 3280 1437 3373 pacis
1468 3279 1702 3353 Pruthenioae
1736 3281 1929 3352 multorum

378 3401 609 3475 relationibus
641 3405 746 3492 atque
774 3401 888 3473 literis
915 3401 1104 3493 gloriosius
1131 3401 1393 3475 confirmaretur
1416 3400 1550 3486 exitus,
1579 3401 1804 3473 stomachans
1824 3401 1928 3473 etin·

379 3521 544 3614 dignane,
574 3525 609 3593 et
636 3519 747 3593 livore
775 3541 851 3593 seso
879 3521 1100 3610 excrucians,
1129 3521 1292 3594 stabilem
1320 3527 1354 3593 et
1381 3521 1583 3593 diuturnam
1615 3521 1691 3593 fieri
1718 3541 1787 3592 non
1816 3543 1928 3612 posse,

380 3641 473 3734 apud
500 3663 641 3713 snorum
669 3661 787 3729 aures,
825 3646 860 3713 et
887 3661 930 3713 er
959 3641 1206 3733 impedimento
1237 3663 1298 3733 per
1325 3641 1504 3715 Gaesarem
1536 3646 1572 3714 et
1602 3641 1781 3714 Electores
1815 3642 1927 3733 Impe-

378 3761 438 3850 rii,
468 3761 745 3853 Almanniaeque
772 3760 955 3853 Principes
983 3763 1110 3850 dando,
1140 3764 1197 3836 rel
1226 3783 1269 3834 ex
1297 3783 1336 3835 eo
1364 3763 1454 3850 solo,
1484 3761 1576 3854 quod
1603 3762 1812 3834 mercenarii
1836 3762 1927 3834 mili·

380 3888 434 3953 tce
466 3881 502 3953 in
530 3886 629 3972 parte
656 3887 820 3973 utraque,
858 3881 895 3953 in
927 3883 1072 3954 emerito
1101 3883 1275 3974 stipendio
1307 3881 1523 3974 negligendi,
1556 3882 1656 3953 illam
1684 3881 1853 3954 insectari
1881 3885 1928 3952 lo·

381 4005 476 4089 rent,
505 4001 712 4089 deducebat;
745 4021 853 4092 eoque
884 4022 953 4072 uno
986 4007 1146 4094 respectu
1174 4023 1210 4074 se
1239 4007 1274 4076 ct
1301 4023 1418 4075 secum
1451 4002 1657 4087 sentientes,
1688 4001 1724 4072 in
1754 4003 1931 4074 communi

382 4121 561 4194 anxietate
594 4125 629 4193 et
660 4121 771 4194 lirore
805 4143 908 4212 quam
941 4122 1092 4194 maxime
1125 4123 1315 4195 solabatur.
1349 4122 1537 4196 Lithuanie
1570 4142 1709 4214 quoqne
1746 4122 1827 4214 ipsa
1862 4144 1930 4213 par

381 4241 557 4315 sciebatur
583 4262 705 4332 parum
733 4245 849 4333 grata
878 4241 1062 4315 molestius
1090 4243 1298 4331 ferentibus,
1328 4243 1419 4334 quod
1443 4243 1594 4315 Polonos
1612 4242 1719 4315 bellis
1738 4242 1928 4315 Prutheni-

380 4361 430 4434 cis
459 4367 644 4452 occupatos
673 4363 877 4433 facultatem
909 4361 1055 4434 nocendi
1087 4363 1198 4450 nacti,
1231 4363 1324 4435 bello
1357 4363 1514 4454 pulsare,
1546 4383 1609 4454 pro
1641 4363 1856 4435 conferenda
1882 4363 1930 4436 eis

378 4481 541 4569 Podolia,
571 4487 605 4553 et
632 4481 707 4554 iure
734 4503 774 4554 ac
801 4481 1014 4574 proprietate
1033 4488 1145 4556 terrae
1167 4483 1373 4571 Locrensis,
1403 4505 1491 4574 quae
1511 4482 1756 4557 Wolbinensis
1776 4485 1929 4576 antiqui·

380 4607 439 4672 tus
458 4600 653 4688 dicebatur,
675 4601 882 4688 abdicanda,
904 4601 1101 4689 omiserint,
1123 4623 1226 4694 quam
1246 4603 1337 4695 quod
1356 4607 1494 4693 tempus
1514 4605 1796 4694 expectaverint,
1818 4625 1886 4696 quo
1901 4603 1929 4693 5)

381 4723 532 4794 Polonos
561 4727 595 4794 et
622 4723 787 4794 Pruseiae
823 4724 1020 4796 accessione
1052 4728 1157 4815 atque
1184 4725 1342 4816 potentia
1369 4729 1490 4796 auctos
1518 4729 1553 4796 et
1580 4729 1798 4798 caeterorum
1824 4725 1929 4816 impe·

381 4842 660 4932 dimanarunt)
689 4863 833 4930 vacuos,
862 4849 933 4915 tarn
962 4849 1154 4935 opportune
1182 4844 1324 4936 aggredi
1350 4865 1420 4916 non
1442 4843 1622 4934 potuerint
1637 4845 1679 4933 7).
1709 4845 1858 4918 Torsere
1874 4846 1928 4916 de·

382 4961 490 5053 nique
518 4983 555 5034 se
582 4963 745 5035 nonnulli
773 4963 938 5036 Proceres
966 4963 1134 5038 Poloniae
1160 4984 1203 5036 ex
1230 4963 1327 5054 pacis
1359 4965 1535 5055 praefatae
1562 4985 1729 5057 prospero
1758 4971 1793 5038 ot
1821 4964 1929 5056 inopi·

489 5254 513 5336 ¹)
537 5261 618 5317 esset
640 5251 703 5318 Ed.
727 5253 821 5338 Lipr.
846 5254 869 5335 ²)
893 5255 931 5316 ad
954 5255 1069 5316 coelum
1090 5251 1156 5316 Ee.
1178 5252 1270 5338 Lipe.
1298 5254 1325 5333 ³)
1348 5272 1414 5316 cum
1436 5255 1517 5316 illam
1539 5251 1603 5317 Ed.
1628 5251 1720 5336 Lipc.
1744 5253 1773 5332 ⁴)
1795 5255 1848 5316 diu
1868 5252 1928 5317 Ed.

383 5355 476 5442 Εὗρε.
502 5356 529 5438 ⁵)
553 5364 583 5420 et
604 5359 685 5436 quod
705 5364 822 5436 tempus
845 5363 1031 5435 expectatum
1052 5359 1217 5438 amiserint,
1248 5376 1324 5434 quae
1347 5355 1410 5420 Ed.
1434 5355 1527 5441 Lipe.
1559 5355 1585 5437 ⁸)
1609 5363 1639 5420 et
1661 5359 1788 5420 caeter-m
1810 5359 1928 5436 impedi-

382 5464 489 5526 mentis
513 5459 576 5524 Ed.
599 5459 691 5548 Dipo.
717 5459 744 5544 ¹¹)
766 5467 897 5542 possent.
919 5458 982 5525 Ed.
1005 5458 1097 5546 Lipc.
