4052 6286
53 567 117 667 (Α.
137 566 183 642 D.
204 563 331 665 rdet.)
564 589 679 643 aman
704 587 951 642 nuonnonrus
978 570 1092 660 (xum).
1525 571 1599 642 447

53 779 163 848 torem
181 793 304 868 agens,
332 772 461 866 praeda
479 771 811 847 Gaanstoohoriensi
833 774 967 848 laetum
986 772 1264 847 Thowaenowski
1284 777 1319 848 et
1337 773 1440 849 iaeile
1458 774 1495 848 in
1514 774 1603 848 villa

52 893 315 987 Dornyowi'eae,
344 893 437 986 apud
457 914 578 985 qnam,
607 914 768 987 egressus
786 895 829 969 de
847 895 1132 984 dranstoohowa,
1160 895 1409 985 noetumabat,
1429 894 1526 968 faoili
1543 916 1602 969 ne·

54 1015 149 1108 gotio
177 1013 284 1088 etiam
309 1013 433 1088 robore
460 1018 599 1088 eentum
624 1013 783 1106 equitum
802 1013 1068 1108 oppreseibilem
1095 1014 1267 1106 (soporati
1289 1014 1381 1089 enim
1401 1035 1445 1088 ex
1464 1014 1602 1104 itinere,

51 1136 158 1228 fatiga
177 1138 213 1208 et
230 1135 367 1208 Baeeho
387 1155 506 1209 omnes
525 1134 597 1225 sni,
630 1135 729 1208 velut
755 1134 859 1228 ligati
885 1135 1163 1224 aeoumbebant)‚
1192 1133 1224 1206 si
1252 1134 1332 1227 quis
1360 1130 1511 1226 fuisset,
1540 1135 1602 1229 qui
1726 1156 1731 1166 ·

52 1255 248 1343 invaderet,
276 1254 441 1328 invadere
468 1253 621 1328 distulit.
649 1255 799 1348 Propter
826 1255 918 1346 quod
947 1254 1123 1328 Stiborius
1150 1253 1227 1346 ipse
1253 1256 1389 1328 nullam
1412 1256 1602 1348 repressio·

52 1396 128 1449 nem
155 1375 329 1464 sentiens,
357 1374 506 1450 liberius
533 1395 655 1449 uersus
683 1373 940 1449 Namisloviam
967 1396 1046 1448 eum
1073 1375 1203 1466 praeda
1221 1375 1389 1450 Polonioa
1407 1378 1599 1466 contendit,

53 1501 86 1569 et
112 1494 382 1568 wratislaviam
409 1494 569 1570 obsidere
595 1515 759 1588 perosus,
787 1495 1044 1569 Namisloviam
1072 1494 1196 1568 diebus
1224 1495 1423 1588 quindeeim
1452 1497 1601 1571 obsedit.

54 1615 181 1689 Verum
209 1636 289 1688 eum
316 1614 502 1706 sensisset,
531 1637 601 1690 non
628 1614 940 1690 Wratielavienses
968 1616 1224 1702 tantummodo,
1254 1617 1314 1690 sed
1338 1621 1373 1691 et
1390 1617 1603 1691 Polonornm

52 1736 167 1829 eopias
195 1735 397 1829 congregari
425 1739 583 1830 (rogatus
612 1735 705 1809 enim
732 1757 752 1808 a
779 1735 1134 1809 Wratislariensibus
1161 1736 1365 1828 capitaneus
1394 1736 1599 1811 Graoovien·

54 1859 102 1932 sis
130 1857 282 1930 Iaoobus
308 1854 562 1948 Dambpenski‚
591 1877 673 1930 suas
696 1855 772 1928 illis
791 1855 909 1948 eopias
937 1854 1146 1948 coniungere
1174 1857 1288 1929 iuerat
1304 1857 1501 1950 polieitus),
1529 1858 1601 1932 Na-

54 1976 278 2051 misloriensi
304 1975 470 2049 distriotn
499 1977 667 2068 spoliato,
695 1996 919 2069 oongrossum
945 1975 1097 2065 veritus,
1117 1996 1240 2050 vorsus
1258 1977 1418 2052 Weloain
1438 1979 1465 2068 ¹)
1493 1999 1530 2052 se
1548 2000 1601 2053 re·

53 2102 207 2191 oeperat;
240 2095 366 2170 abinde
398 2116 480 2169 vero
512 2117 591 2169 oum
621 2096 751 2188 praeda
780 2100 898 2188 rapta,
934 2104 1097 2188 superato
1124 2097 1217 2188 apud
1245 2097 1411 2190 oppidum
1439 2099 1599 2192 Kraplro·

53 2219 153 2292 wione
168 2217 202 2307 2)
229 2215 336 2290 fluuio
364 2215 472 2306 Odra,
500 2215 537 2289 in
564 2216 756 2290 Morariam
782 2217 904 2307 rediit,
938 2215 1205 2290 wratislaviam
1236 2217 1314 2292 ideo
1341 2217 1500 2293 obsidere
1527 2242 1597 2293 non

58 2359 183 2428 ausus,
206 2337 369 2431 quoniam
386 2336 589 2410 Friderious
608 2337 933 2431 Brandeburgensis
951 2337 1105 2410 Marehio
1124 2337 1162 2410 in
1180 2338 1346 2410 solatium
1361 2335 1391 2428 3)
1410 2337 1481 2428 illi,
1501 2339 1604 2414 iuxta

54 2457 345 2554 pollioitationem
371 2457 461 2550 Regi
488 2457 723 2548 Bohemiae-⁴)
752 2459 896 2548 laetam,
929 2479 999 2530 non
1031 2457 1204 2531 veniebat.
1237 2457 1337 2531 Misit
1368 2457 1465 2532 illieo
1493 2459 1600 2533 Kari-

55 2581 161 2654 mirus
189 2578 358 2652 Poloniae
385 2578 479 2668 Rex,
508 2577 565 2650 his
592 2578 759 2673 eognitis,
788 2578 832 2651 ad
860 2577 1048 2672 Georgium
1075 2577 1265 2652 Bohemiae
1292 2579 1423 2674 Regem
1450 2585 1535 2653 tune
1562 2581 1600 2653 in

55 2701 210 2774 Kloeako
236 2721 298 2792 pro
326 2697 382 2771 die
410 2698 532 2772 Sanoti
557 2698 678 2774 Iaeobi
704 2698 869 2791 Apostoli
887 2702 1097 2772 oonrentum
1114 2703 1291 2792 agentem,
1321 2700 1480 2774 feoialem
1498 2723 1600 2775 suum

56 2822 241 2896 Nieolaum
269 2819 447 2896 Graimala
474 2817 624 2894 iudieem
651 2819 784 2908 ouriae3
820 2818 919 2892 misit
946 2823 981 2892 et
1008 2819 1212 2912 capitaneus
1240 2819 1480 2894 Graooriensis
1503 2821 1601 2894 Iaoo·

56 2943 118 3016 bus
145 2939 386 3033 Dambyeneli
413 2938 538 3030 aliurn,
568 2939 744 3014 Simonem
770 2939 963 3030 notarium3
990 2945 1138 3032 uterque
1160 2939 1208 3030 de
1235 2939 1406 3014 violentia
1424 2945 1459 3015 et
1476 2941 1601 3034 rapina

55 3083 113 3155 per
139 3061 335 3135 Stiborium
363 3060 641 3133 Thowaoaowski
668 3064 789 3134 eontra
816 3060 936 3134 foedus
961 3059 1152 3154 Glogoviae
1170 3059 1299 3134 initum
1316 3060 1486 3154 irrogata,
1516 3083 1598 3154 que·

58 3187 147 3272 stus,
176 3181 313 3273 aooepit
335 3199 557 3272 responsum:
586 3180 689 3254 Nihil
708 3201 771 3254 suo
797 3181 913 3271 iussn,
943 3181 1003 3254 sed
1025 3180 1101 3254 inre
1120 3181 1263 3273 Bmpan
1280 3181 1471 3256 Pulrlioaae
1485 3181 1517 3272 5)
1545 3203 1600 3256 ae·

57 3307 128 3376 tum
153 3323 218 3395 per
245 3301 523 3374 Thowaeaowslri
549 3321 636 3375 esse.
665 3300 816 3375 Proinde
842 3305 905 3374 ant
931 3300 1099 3374 Poloniae
1117 3301 1196 3375 Rex
1214 3301 1392 3392 refundat,
1416 3302 1453 3374 in
1472 3302 1602 3394 quibus

57 3423 218 3516 Buryano
245 3421 434 3495 Pallieaae
462 3425 517 3494 est
543 3421 732 3512 obnoxius,
760 3425 822 3494 aut
849 3421 881 3494 si
908 3421 1168 3496 obnoxietatem
1195 3421 1334 3512 abnuit,
1364 3421 1509 3496 arbitrio
1538 3443 1602 3494 sno

57 3543 263 3617 derisionem
290 3540 524 3634 quaestionis,
558 3546 620 3615 aut
647 3543 772 3616 saltem
804 3543 973 3615 baronum
1004 3541 1241 3616 communium
1267 3541 1460 3634 permittat.
1494 3542 1602 3615 Misso

58 3663 177 3738 deinde
209 3662 413 3736 Kaaiminus
444 3661 613 3735 Poloniae
643 3662 721 3736 Rex
755 3661 906 3756 Sbignao
934 3662 976 3736 de
1003 3662 1095 3737 Gora
1127 3662 1320 3736 castellano
1351 3661 1604 3754 Malogostensi

57 3805 164 3878 usqne
192 3785 231 3857 in
257 3784 423 3876 Pragam,
451 3803 520 3854 non
547 3781 656 3876 Regis
683 3782 887 3872 Bohemiae,
917 3783 978 3856 sed
1005 3781 1241 3856 communium
1267 3783 1452 3872 baronum,
1482 3802 1601 3875 aeoep·

57 3909 107 3977 tat
133 3903 335 3992 arbitrium,
369 3902 513 3996 diesque
541 3903 584 3977 ob
612 3923 687 3976 earn
713 3923 803 3993 rem,
836 3924 899 3995 pro
927 3903 1017 3976 festo
1032 3903 1064 3993 6)
1097 3901 1219 3977 Sanoti
1251 3901 1411 3976 Andreae
1438 3901 1603 3995 Apostoli

58 4029 218 4115 venturo,
246 4023 284 4098 in
311 4023 454 4097 Bithom
482 4023 576 4096 diota
603 4027 673 4113 est,
702 4023 745 4096 ob
762 4026 981 4116 grassantem
998 4026 1134 4116 pestem
1153 4022 1321 4116 usquein
1340 4022 1433 4096 diem
1452 4022 1601 4096 Sanotae

58 4145 256 4235 Trinitatis,
289 4144 373 4218 anni
405 4143 653 4236 subsequentis
685 4148 812 4235 expost
828 4143 858 4233 7)
886 4148 1087 4236 prorogata:
1122 4165 1210 4238 quae
1243 4143 1350 4218 etiam
1380 4147 1462 4236 post
1492 4162 1602 4216 novos

58 4269 186 4355 motus,
216 4265 310 4338 iusto
337 4265 404 4338 Dei
430 4264 576 4354 iudioio,
611 4268 731 4338 eontra
764 4263 951 4358 Georgium
985 4264 1173 4338 Bohemiae
1200 4264 1348 4357 Regem,
1381 4283 1444 4356 per
1470 4263 1603 4336 bellum

59 4384 160 4459 oirile
187 4407 208 4458 a
234 4385 418 4460 eatholieis
445 4385 611 4460 Bohemis
638 4388 816 4475 exortum,
845 4385 914 4458 fuit
940 4385 1090 4478 abrupta
1103 4385 1148 4476 8).

164 4676 187 4759 ¹)
211 4679 337 4740 Wielzin
369 4672 445 4740 eoa.
479 4674 590 4742 Perea.
623 4673 650 4759 ²)
681 4675 887 4754 (thrapkouiee
916 4671 981 4742 Ed.
1013 4672 1106 4758 Dipo.
1139 4673 1164 4754 ³)
1195 4675 1226 4736 in
1252 4674 1394 4736 auxilium
1420 4669 1484 4736 Ed.
1511 4671 1602 4757 Mpe.

61 4777 86 4859 ⁴)
109 4781 237 4860 Georgio
259 4781 418 4846 Bohemiae
446 4782 522 4858 Regi
551 4777 615 4843 Ed.
637 4777 729 4862 Dipo.
760 4777 786 4860 ὃ)
809 4779 937 4840 Buraian
958 4780 1077 4856 publiea
1104 4773 1181 4842 Oea.
1206 4773 1294 4842 Calo.
1326 4774 1355 4862 ⁰)
1377 4796 1431 4856 pro
1453 4777 1502 4839 die
1526 4772 1603 4840 Ood.

60 4880 164 4950 Praea.
189 4884 215 4964 7)
237 4891 341 4964 postea
362 4881 426 4948 Ed
449 4881 543 4968 Lipa
567 4882 593 4963 ⁸)
616 4884 743 4962 abrupta
763 4886 818 4946 est.
840 4878 904 4945 Ed.
927 4878 1017 4965 Lipa.
