4264 6280
194 557 261 659 (Α.
281 559 326 632 D.
347 557 473 656 1446.)
707 581 820 632 mnan
846 581 1092 634 nnonacnrns
1122 563 1237 652 (xm).
1697 564 1745 635 29

194 765 346 838 mieitias
378 766 470 838 inter
501 767 689 858 Hnngaros
722 769 757 838 et
789 765 1007 839 Rriderienm
1040 768 1171 860 Regem
1192 767 1219 856 ¹)
1252 767 1433 856 oontlavit,
1469 767 1576 840 armis
1609 787 1746 859 qnoque

193 885 301 977 Regis
328 885 492 978 repetitio
520 890 655 960 tentata
683 890 748 958 ost.
778 886 952 959 Iohannes
980 889 1022 960 de
1041 887 1184 959 Hnniad
1204 886 1406 979 Hnngariae
1433 887 1656 980 gubernator,
1686 887 1739 960 in·

193 1005 293 1078 festis
320 1006 431 1097 eopiis
459 1006 640 1078 Austriam
669 1006 750 1102 vioe·
772 1006 949 1098 geminata
976 1007 1174 1099 ingressus,
1196 1006 1358 1098 quamuis
1378 1007 1468 1080 ferro
1488 1012 1523 1079 et
1542 1008 1622 1100 igne
1642 1029 1743 1100 agros

192 1126 402 1214 vastaverit,
433 1127 564 1218 Regem
592 1131 709 1198 tamen
738 1131 773 1198 st
801 1147 985 1215 eoronam,
1016 1131 1050 1199 et
1078 1148 1167 1217 qnae
1188 1127 1370 1218 repetebat
1400 1149 1462 1219 pro
1490 1127 1672 1219 Hungaria
1690 1149 1746 1199 oa·

194 1247 315 1335 stella,
346 1247 502 1319 obtinere
530 1267 600 1317 non
626 1245 755 1338 potnit.

193 1600 378 1672 meinrado
400 1599 630 1672 Lithuanorun
648 1601 683 1672 in
699 1599 892 1672 kazimirum
914 1602 1106 1674 litterulae
1129 1602 1259 1688 lunen,
1283 1603 1422 1673 eleotun
1444 1602 1562 1690 llegen
1584 1602 1745 1688 roloniae,

643 1721 835 1792 enuntietur
857 1725 892 1793 et
915 1723 1076 1794 ooniuruti
1099 1724 1298 1812 pleetnntnr.

296 1967 528 2058 Exploratum
561 1971 677 2039 antem
705 1971 740 2039 ot
767 1988 829 2058 pro
858 1973 951 2040 eerto
984 1969 1144 2041 habitum
1177 1973 1267 2056 erat,
1301 1968 1393 2059 qnod
1421 1966 1452 2039 si
1480 1969 1561 2039 Dux
1594 1969 1743 2060 Magnus

191 2085 394 2158 Kanimirus
425 2087 663 2178 gubernacula
690 2087 805 2179 Regni
832 2087 999 2160 Poloniae
1023 2087 1201 2178 suseipere
1219 2088 1502 2175 detreotavisset,
1532 2092 1742 2160 autumaret

193 2207 234 2278 de
262 2227 325 2279 sno
353 2207 468 2298 eapite
495 2211 601 2297 atque
629 2206 714 2278 nita.
744 2207 794 2278 Ro
823 2206 995 2298 siqnidem
1015 2208 1107 2299 apud
1127 2209 1323 2279 Lithuanos
1342 2207 1579 2298 principante,
1607 2208 1742 2298 petitus

192 2333 247 2398 est
274 2326 403 2418 septies
431 2327 691 2399 coniuratorum
719 2326 874 2415 insidiis,
904 2348 1075 2399 eonsensu
1103 2328 1225 2400 deindo
1252 2327 1424 2414 indionm,
1454 2332 1489 2399 et
1517 2347 1652 2414 eornm,
1682 2327 1742 2419 qni

192 2447 476 2533 coniuraverant,
497 2446 622 2518 minori
638 2445 669 2535 2)
689 2446 834 2520 levitate
853 2447 988 2518 feoinus
1008 2448 1276 2536 oooaltantinm,
1298 2468 1400 2537 qnam
1420 2446 1682 2519 admittentium
1697 2447 1741 2534 3),

192 2571 353 2637 seruatus
373 2570 440 2639 est.
469 2568 520 2638 De
540 2567 667 2658 quibus
687 2570 742 2637 sat
761 2566 827 2638 erit
846 2589 953 2637 unum
974 2567 1147 2660 attigisse.
1177 2569 1263 2639 Erat
1281 2567 1373 2639 inter
1391 2567 1590 2640 coniuratos
1610 2567 1740 2640 Snuoh·

192 2686 276 2775 ta⁴)
304 2685 470 2758 Ruteniei
496 2686 633 2778 generis
662 2690 696 2758 et
723 2685 815 2758 ritus
843 2687 941 2775 an,
970 2689 1171 2760 adolescens
1200 2689 1310 2759 forma
1327 2707 1422 2774 rara,
1451 2686 1632 2758 Kaaimiro
1653 2687 1741 2758 Dnoi

193 2806 320 2898 Magno
338 2806 550 2878 Lithuaniae
574 2805 611 2876 in
629 2804 753 2896 primis
778 2810 941 2896 aoeeptns
957 2805 999 2896 ⁵).
1029 2806 1092 2878 Oui
1112 2829 1190 2879 enm
1209 2828 1230 2878 a
1248 2806 1438 2878 ooninratis
1457 2805 1643 2897 primariae
1661 2828 1740 2897 par·

191 2931 245 2998 tes
272 2926 434 3017 parioidii
472 2926 652 3018 (qnoniam
687 2924 789 2998 nnioe
821 2947 841 2998 a
874 2928 968 2998 Duoe
1005 2927 1130 3019 Magno
1163 2927 1374 2999 Lithuaniee
1410 2926 1577 3016 dilectus,
1619 2927 1739 2998 taoiles

191 3044 343 3117 habebat
374 3045 417 3116 ad
443 3045 547 3117 illum
578 3044 774 3136 ingressus)
807 3046 990 3118 mandatae
1023 3047 1187 3134 tuissent,
1223 3045 1402 3119 oeeasione
1435 3047 1575 3137 saepius
1603 3050 1739 3118 tentata

193 3170 228 3238 et
254 3167 394 3238 tandem
422 3165 569 3251 offensa,
598 3165 635 3235 in
662 3165 890 3236 venationum
918 3167 1011 3254 looo,
1040 3167 1214 3239 militibus
1234 3187 1376 3238 munere
1395 3167 1619 3238 venationum
1639 3187 1739 3239 oeen-

191 3285 302 3378 patio,
333 3285 533 3357 solitarium
560 3283 780 3356 Kanimirnm
808 3285 971 3378 Magnum
998 3275 1132 3359 ¹Darem
1159 3286 1387 3374 Lithuaniae‚
1416 3287 1459 3358 ad
1482 3287 1596 3358 toenm
1615 3307 1740 3377 eorpns

192 3411 387 3492 errantem,
416 3404 611 3496 reperiens,
632 3403 783 3476 nobilem
802 3408 952 3493 vestem,
973 3426 1041 3496 qna
1060 3411 1144 3477 tune
1162 3405 1365 3476 Kaaimirns
1384 3405 1532 3497 Magnus
1552 3407 1634 3476 Dux
1654 3405 1740 3477 ami-

193 3526 366 3614 ciebatur,
396 3524 578 3598 sabellinis
601 3523 755 3614 pellibus
776 3529 954 3613 onustam,
983 3526 1025 3597 ab
1045 3546 1085 3597 eo
1103 3525 1209 3616 petit,
1231 3526 1517 3616 strangulatnrus
1532 3525 1638 3600 ,illum
1659 3547 1738 3597 oon-

192 3646 309 3734 tinuo,
339 3643 370 3716 si
396 3645 589 3717 abnuisset.
622 3643 751 3715 Verum
784 3665 861 3716 oum
893 3645 1004 3733 ultro,
1038 3645 1130 3736 qnod
1161 3645 1360 3735 petebatur,
1394 3645 1476 3715 Dux
1503 3645 1651 3738 Magnos
1679 3643 1738 3716 Li·

192 3765 358 3838 thuaniae
385 3763 588 3836 Kanimirns
616 3763 862 3848 oonoessisset,
891 3765 979 3836 dono
1007 3769 1079 3836 tam
1106 3763 1289 3856 magnifiee
1324 3763 1522 3852 annonae)
1549 3764 1737 3852 inescatus,

190 3884 399 3977 patricidium
427 3884 463 3956 in
491 3887 630 3974 tompus
667 3883 809 3980 distulit
842 3883 1023 3972 diffusius,
1053 3885 1119 3956 sub'
1147 3905 1231 3974 qno,
1266 3883 1504 3956 coniuratione
1523 3882 1674 3971 deteeta,
1704 3891 1740 3955 et

193 4005 270 4096 ipse
297 4004 450 4076 Snnohta
465 4003 496 4092 ⁷)
525 4007 560 4074 et
586 4002 715 4075 eaeteri
743 4003 931 4092 coniurati,
959 4009 1097 4095 praeter
1125 4003 1333 4092 indieemss),
1363 4003 1498 4075 intelioi
1525 4025 1645 4077 eruore
1665 4005 1737 4076 fna-

193 4124 277 4212 re⁹)
305 4123 472 4196 damnati.

301 4431 322 4512 ¹)
344 4433 428 4492 Rom.
450 4434 563 4508 Regem
584 4429 647 4493 Ea.
671 4429 762 4513 Lipe.
795 4431 819 4510 ²)
849 4451 907 4491 non
937 4432 1042 4492 minori
1072 4429 1136 4493 Ea.
1167 4429 1257 4512 Lipa.
1290 4428 1317 4506 ³)
1342 4430 1535 4490 adnitentinm
1561 4427 1624 4492 Ed.
1648 4428 1739 4512 Lipe.

191 4533 218 4615 ⁴)
242 4535 354 4597 Snohta
384 4529 460 4596 Coa.
492 4532 559 4596 Lie.
590 4535 721 4596 Sohntha
750 4526 813 4595 Ed.
846 4531 935 4616 Lipa.
968 4532 994 4612 ⁵)
1018 4534 1142 4594 dileetns
1171 4534 1315 4609 imprimis
1338 4537 1367 4593 et
1389 4538 1536 4608 aoooptns.
1559 4530 1622 4593 Ed.
1646 4529 1737 4615 Lipe.

191 4637 218 4717 ο)
250 4639 361 4699 Snehta
389 4635 453 4699 Ed.
485 4635 575 4721 Lipo.
614 4634 638 4722 1)
669 4636 801 4698 Snohtha
829 4633 892 4698 Ed.
923 4635 1014 4718 Lipe.
1047 4635 1073 4714 ⁸)
1103 4641 1220 4713 praeter
1249 4636 1375 4697 indicem
1407 4630 1483 4698 Coa.
1515 4632 1583 4696 Lis.
1615 4633 1641 4715 ⁰)
1671 4641 1740 4696 sunt

190 4738 255 4802 Ea.
280 4737 370 4823 Lipe.
