4126 6280
99 536 222 638 (11.1).
242 531 368 632 1457.)
601 553 714 606 urens
739 551 983 605 nuouncrnus
1012 535 1127 624 (xm).
1559 533 1634 604 255

98 745 211 816 obvios
244 741 399 814 devincit
430 746 466 813 11
497 739 699 832 prosternit.
734 741 981 813 Thartarorum
1014 744 1130 812 tamen
1162 738 1361 811 abundante
1393 735 1635 826 multitudine,

97 871 128 936 ot
153 864 193 934 ab
221 862 296 934 illis
324 867 444 953 septus
472 861 646 953 undique,
675 865 715 931 ui
743 859 831 948 sibi,
860 859 1047 952 generique
1075 880 1138 931 suo
1165 859 1309 951 dignum
1337 861 1428 946 erat,
1458 879 1536 931 cum
1561 857 1635 930 suis

97 982 250 1055 omnibus
278 983 372 1054 cadit
399 981 621 1069 interiectus,
649 979 812 1052 hostibus
840 1001 909 1050 uon
936 979 1153 1052 incruentam
1172 979 1371 1067 victoriam,
1401 978 1483 1049 dum
1510 977 1637 1050 ultima

97 1103 329 1194 desperatione
356 1103 550 1190 confectus,
580 1100 745 1173 acerrime
776 1120 936 1192 pugnans
969 1100 1089 1190 plures
1121 1099 1386 1190 prostravisset,
1420 1097 1634 1190 relinquens.

96 1223 251 1295 Thartari
279 1222 346 1295 etsi
373 1221 556 1294 victoriam
584 1221 652 1293 sibi
680 1219 829 1292 cessisse
857 1219 1031 1291 viderent:
1066 1219 1178 1290 multa
1205 1223 1322 1290 tamon
1350 1239 1492 1291 suorum
1520 1221 1637 1310 strage

95 1343 259 1434 persulsi,
288 1342 392 1415 veriti
422 1343 543 1429 etiam,
573 1363 615 1414 ne
643 1341 725 1413 illos
750 1339 915 1431 fatigatos
939 1359 1050 1410 novus
1071 1337 1633 1426 1111111111111111111111111),

95 1463 248 1536 celeriori
277 1484 344 1553 quo
372 1467 521 1553 possunt
547 1483 654 1552 passu
682 1459 887 1552 diffugiunt,
917 1461 959 1531 ab
987 1459 1081 1530 omni
1108 1459 1236 1549 praeda
1261 1463 1296 1531 et
1315 1459 1428 1549 spolio
1456 1458 1634 1530 abstinen-

95 1587 160 1670 tes,
194 1584 281 1654 satis
314 1582 504 1674 spoliorum
533 1602 570 1654 se
597 1582 722 1653 habere
754 1579 839 1668 rati,
874 1569 909 1651 si
937 1579 1128 1652 incolumes
1159 1579 1196 1650 in
1225 1579 1365 1670 propria
1392 1578 1634 1651 revertissent.

96 1703 291 1793 Spectatum
318 1703 500 1792 usquead
528 1701 806 1773 crudelissimam
835 1705 980 1772 mortem
1009 1699 1268 1771 Bartholomasi
1297 1699 1492 1771 Buonacnki
1520 1703 1555 1771 et
1577 1699 1634 1771 Io·

94 1822 216 1893 barinis
245 1823 353 1893 Lasos
381 1822 457 1893 ideo
485 1821 591 1893 retuli
620 1821 720 1892 iidem
750 1826 785 1892 et
812 1819 996 1908 virtutem,
1025 1825 1065 1890 ut
1092 1818 1290 1891 constantia
1316 1819 1458 1891 illorum
1486 1819 1636 1891 inomni

95 1942 201 2013 futuri
231 1941 397 2032 temporis
425 1941 660 2031 perennitate,
690 1940 861 2032 singulari
886 1940 1004 2026 laude,
1033 1959 1110 2010 ovum
1130 1939 1277 2011 aliorum
1297 1939 1539 2026 incitamento,
1567 1959 1636 2009 non

94 2068 218 2134 careat.

93 2416 251 2486 Karimiro
273 2415 359 2504 tege
383 2433 425 2486 ax
446 2415 647 2504 baumburg
668 2415 702 2486 in
724 2415 886 2486 Poloniam
908 2415 1079 2500 redeunte,
1104 2417 1222 2503 gentes
1244 2432 1324 2486 suae
1347 2414 1386 2486 ab
1402 2414 1568 2486 obsidione
1582 2433 1636 2504 op·

94 2537 157 2625 pidi
181 2536 305 2624 durau
329 2535 513 2621 discedunt
544 2535 782 2624 propterquod
805 2535 964 2606 lohannes
993 2535 1147 2605 utronno
1170 2535 1210 2605 do
1233 2535 1413 2620 1111111111,
1434 2537 1555 2612 ,111111
1576 2533 1637 2604 sol·

521 2655 647 2725 vendre
671 2655 863 2741 obsidionis,
885 2656 994 2744 sapito
1017 2656 1202 2726 1111111111.

194 2902 264 2974 Sed
292 2922 403 2993 noque
430 2901 467 2972 in
494 2902 640 2973 Prussia
667 2901 903 2994 benigniorem
938 2923 974 2974 se
1005 2901 1094 2994 Regi
1110 2901 1141 2991 ²)
1170 2906 1204 2973 et
1230 2901 1328 2994 genti
1361 2922 1443 2973 suae
1474 2901 1636 2992 praebuit

94 3025 243 3094 fortuna.
272 3021 362 3092 Nam
390 3021 472 3093 lieet
500 3022 578 3093 Rex
605 3021 771 3113 oppidum
800 3022 940 3113 (inpos,
970 3023 1061 3113 quod
1088 3021 1229 3094 unicum
1257 3022 1350 3094 iuter
1374 3023 1517 3114 oppida,
1546 3041 1635 3113 quae

92 3144 227 3215 Wislae
243 3141 274 3230 ³)
301 3141 501 3226 imminent,
530 3141 567 3212 in
593 3141 747 3213 hostium
776 3147 950 3232 potestate
978 3147 1206 3230 remanserat,
1235 3142 1327 3214 circa
1354 3144 1483 3215 festum
1503 3141 1634 3214 Visite-

93 3263 197 3334 tionis
228 3263 375 3334 Sanetus
404 3261 591 3350 Maria04),
620 3283 683 3352 por
710 3261 886 3334 cunienses
902 3262 932 3351 5)
962 3284 1043 3334 suos
1072 3262 1250 3335 obsidione
1275 3261 1433 3335 terrestri
1453 3262 1635 3350 cinxisset,

93 3383 296 3456 Gdanonses
324 3382 464 3454 navalia
492 3383 663 3471 solatia‘l)
691 3383 950 3474 praebuissent,
980 3404 1022 3454 ex
1051 3381 1274 3474 Marionburg
1298 3361 1530 3474 quoque‘Rox
1550 3382 1636 3454 feria

92 3504 195 3576 tertia
223 3509 304 3574 11111
331 3504 459 3574 festum
487 3501 695 3574 Natiuitatis
725 3503 872 3575 Sanctae
900 3503 1076 3590 11111117)
1110 3501 1290 3575 discedens
1322 3506 1535 3574 oleastrum
1563 3501 1635 3573 Ma·

91 3625 260 3715 rieuburg
291 3623 412 3694 Ulrioo
446 3621 680 3694 Cuirwoncaae
713 3623 799 3694 dans
827 3623 863 3694 in
892 3629 1064 3711 tenutam,
1098 3622 1135 3694 in
1168 3624 1448 3713 supplementum
1480 3621 1636 3693 militum

93 3751 125 3816 et
152 3743 366 3816 curiensium
382 3742 413 3833 ⁸)
442 3742 571 3833 Gnyew
598 3743 848 3830 obsidentium,
877 3765 955 3815 cum
980 3743 1107 3834 quibus
1126 3744 1163 3814 in
1181 3742 1364 3814 Poloniam
1382 3741 1534 3830 redibat,
1564 3741 1635 3812 suf·

92 3863 266 3936 ficientem
293 3863 467 3955 gentium,
497 3883 585 3953 quae
613 3867 646 3935 11
672 3863 820 3954 pecunia
847 3863 1051 3951 conductae,
1082 3868 1116 3935 et
1144 3884 1187 3934 ex
1215 3862 1339 3934 Maiori
1357 3859 1503 3933 Polonia
1521 3865 1635 3933 trans-

92 3984 221 4055 missae
255 3987 368 4070 orant,
407 3982 599 4054 exercitum
626 4004 688 4073 pro
716 3983 951 4054 continuanda
978 3983 1158 4056 obsidione
1189 3981 1408 4074 reliquisset,
1434 3981 1637 4072 obsessique

91 4103 335 4176 deficientibus
367 4101 597 4190 victualibus,
633 4103 721 4174 fame
753 4101 874 4174 dietim
906 4107 1122 4174 morerentur
1159 4123 1238 4193 spos
1275 4101 1428 4192 etiami)
1462 4102 1556 4173 haud
1582 4100 1635 4172 in·

92 4231 185 4296 certa
211 4223 385 4310 restabat,
414 4220 506 4292 inira
533 4221 607 4293 dies
636 4226 768 4312 septem
796 4221 976 4293 civitatem
1004 4221 1082 4293 dedi
1111 4227 1282 4312 oportere:
1316 4221 1492 4295 exercitus
1519 4225 1637 4294 tamen

90 4344 207 4436 regius
238 4343 398 4434 propriae
426 4340 602 4412 voluntati
630 4341 791 4430 studens,
820 4346 855 4413 et
882 4361 994 4432 neque
1013 4341 1261 4430 obedientiam,
1282 4363 1394 4433 neque
1413 4340 1636 4432 disciplinam

91 4464 282 4536 militarem
315 4463 517 4549 observans,
552 4461 748 4534 Prandotae
780 4461 1097 4552 Lpubpesobovvslri
1125 4462 1299 4552 capitanei
1326 4462 1558 4554 nequicquam
1585 4462 1636 4532 la·
1748 4450 1752 4458 ’

92 4582 252 4654 1111111111
281 4582 442 4673 precibus
470 4581 659 4670 inhibitus,
688 4581 851 4653 discessit
875 4585 910 4654 ot
929 4581 1144 4654 obsidionem
1172 4582 1294 4670 solvit,
1323 4583 1513 4674 pluresque
1540 4581 1635 4654 labo·

91 4726 145 4777 res
174 4708 210 4776 et
239 4703 430 4793 impensas,
460 4706 602 4793 propter
629 4707 761 4793 septem
781 4702 916 4773 dierum
934 4702 1177 4791 intervallum,
1208 4703 1299 4793 quod
1317 4704 1469 4794 perferre
1487 4724 1557 4773 non
1575 4723 1636 4793 po-

93 4828 199 4910 terat,
221 4822 373 4894 recidere
392 4821 505 4913 coegit
524 4821 560 4892 in
579 4821 730 4893 irritum.
752 4822 988 4895 secessionem
1007 4827 1122 4894 autern
1142 4821 1254 4913 ipsam
1273 4822 1447 4894 Iohannes
1466 4821 1636 4894 Chromno

201 5130 226 5210 ¹)
250 5131 366 5192 hostilis
389 5131 543 5192 invaderet
564 5131 709 5191 exercitus
731 5126 795 5192 Ea.
820 5126 910 5212 Lips.
942 5127 967 5210 ⁹)
993 5129 1136 5190 Oasimiro
1157 5129 1233 5205 Regi
1255 5126 1318 5190 Ed.
1341 5123 1432 5211 Lips.
1457 5127 1483 5208 ³)
1505 5129 1639 5190 Vistulae

94 5231 155 5297 Ed.
179 5231 271 5316 Isips.
304 5232 329 5311 ⁴)
354 5235 480 5295 Sanctae
509 5235 620 5293 Mariae
642 5233 774 5309 Virginis
797 5229 860 5296 Ed.
884 5229 974 5314 Lips.
1006 5229 1449 5314 ὅ)1111111111111111,[1111.
1481 5229 1507 5311 ⁰)
1530 5233 1641 5292 auxilia

95 5335 157 5398 Ed.
188 5335 281 5420 [ripe.
313 5335 337 5416 ⁷)
362 5337 487 5398 Sanctae
517 5337 629 5396 Mariae
650 5335 783 5411 Virginis
807 5331 869 5395 Ed.
894 5333 986 5417 Lips.
1018 5333 1236 5410 Β11111111111111
1264 5331 1327 5397 Ed.
1351 5331 1441 5417 Lips.
1473 5333 1499 5414 ⁰)
1523 5353 1640 5410 quoque

97 5436 170 5504 Coo.
194 5437 304 5502 Przez.
