4040 6290
76 565 151 670 (Α.
170 567 217 648 Ι).
239 563 367 666 tero.)
599 587 713 648 nmnu
738 585 984 643 nuoosormus
1012 568 1125 660 (xum).
1560 567 1637 646 541,

77 777 237 850 Mattius
265 774 468 870 Hungariae
494 775 572 848 Rex
592 777 627 848 et
645 773 715 848 eibi
733 778 768 848 et
786 773 874 856 suis
889 779 1065 864 metuens,
1095 774 1327 856 tumultuario
1354 773 1481 848 itinere
1499 777 1536 849 et
1553 791 1632 850 eon·

78 897 158 970 olto
172 897 295 990 'gradu
323 917 366 970 ex
395 894 565 970 Bobenia
593 916 630 968 se
657 896 840 984 euoluens,
868 897 988 987 plures
1007 896 1049 970 de
1068 897 1159 985 suis,
1188 895 1250 989 qui
1267 913 1392 990 agmen
1413 895 1514 970 fessis
1534 896 1634 988 equis

76 1017 186 1110 sequi
203 1038 273 1090 non
291 1021 470 1110 poterent,
503 1016 599 1090 hosti
625 1015 850 1090 trueidaudos
877 1016 1038 1109 reliquit,
1072 1016 1117 1090 ad
1144 1037 1296 1110 suosque
1310 1093 1311 1098 Ν
1327 1035 1506 1106 reuersus,
1536 1037 1634 1091 erer-

75 1139 193 1212 eitum
217 1144 252 1212 et
271 1160 431 1231 eampum
458 1139 615 1227 soluens,
644 1136 776 1210 milites
794 1137 832 1210 in
850 1138 1025 1230 praesidia
1043 1139 1198 1214 lotorum
1216 1137 1367 1230 remisit,
1387 1158 1451 1211 nee
1469 1158 1509 1211 eo
1528 1159 1632 1227 anne,

75 1259 212 1332 aerarii
238 1261 400 1334 obstante
426 1259 579 1356 defeetu,
609 1257 802 1332 exereitum
830 1276 1028 1352 temperare
1053 1257 1182 1352 potuit.

97 1555 101 1558 -
124 1617 260 1690 Stantem
281 1618 322 1690 ob
345 1617 542 1690 emortum
563 1617 721 1690 aetrnum
743 1617 968 1706 stipentirriis
990 1633 1126 1692 rmum
1148 1617 1303 1707 deornm
1324 1615 1596 1690 rossemanum

799 1741 924 1812 uastat.

188 1986 495 2062 wratislaviensis
522 1987 666 2080 insuper
692 1987 835 2076 oiuitos,
864 1993 1089 2081 eaetereeque
1114 1987 1249 2064 Sleeiae
1267 1992 1303 2062 et
1320 1987 1486 2062 Lusatiae
1504 1987 1627 2066 eivita-

78 2111 156 2197 tes,
185 2107 350 2181 diuturno
378 2109 571 2182 exhaustae
598 2107 708 2198 bello,
736 2129 800 2182 nee
827 2108 1013 2197 habentes,
1042 2109 1134 2182 unde
1161 2108 1324 2201 deinceps
1343 2108 1548 2182 donatiuum
1567 2108 1631 2184 mi-

79 2228 211 2303 litibus
230 2230 420 2316 solverent,
442 2227 690 2321 stipendiarios
709 2251 730 2301 a
749 2249 785 2302 se
804 2229 1001 2309 remittunt.
1030 2229 1129 2322 Quod
1147 2229 1318 2322 Georgius
1338 2229 1633 2306 Posuduebraotlui

78 2349 317 2441 perpendens,
347 2353 498 2441 quatuor
520 2349 634 2422 millia
662 2349 821 2440 equitum
849 2353 884 2422 et
911 2349 1085 2440 peditum,
1114 2370 1262 2442 querum
1289 2351 1413 2424 dueter
1439 2355 1514 2424 erat
1541 2351 1631 2426 Wil-

79 2471 169 2544 euek
196 2469 370 2562 Wanyelu,
400 2470 437 2542 in
464 2469 614 2544 Sleeiam
643 2469 806 2559 immisit,
836 2471 897 2562 qui
925 2471 1052 2562 oppida
1075 2471 1264 2546 Lesanieua
1282 2473 1310 2560 ¹)
1346 2472 1384 2545 in
1407 2473 1545 2546 Dueetu
1564 2471 1632 2565 Op-

79 2590 251 2682 poliensi,
281 2597 317 2664 et
335 2591 506 2664 fortalitio
533 2592 791 2683 Imbpeeeukou
806 2590 837 2682 2)
866 2591 1116 2681 incastellatis,
1145 2597 1243 2666 trene
1262 2595 1398 2666 amnem
1417 2592 1523 2666 etlam
1542 2591 1635 2670 oua

80 2712 156 2784 alio
183 2713 329 2786 rastello
352 2712 529 2806 eregione
556 2713 814 2806 Lubyeeeukow
828 2711 859 2800 3)
888 2716 1017 2803 ereoto,
1045 2718 1151 2805 pente
1170 2734 1306 2788 amnem
1324 2713 1532 2803 iunxerunt,
1562 2727 1641 2793 0111-¹

79 2853 165 2906 nem
193 2832 358 2922 Sleeiam,
387 2834 525 2908 nemine
553 2833 791 2907 defensionem
818 2837 1030 2926 opponente,
1058 2837 1119 2908 aut
1145 2834 1313 2928 grauibus
1341 2834 1487 2910 tributis
1510 2835 1633 2928 depas-

80 2953 223 3041 tabont,
244 2958 306 3026 aut
324 2954 473 3027 flammis
491 2955 650 3029 urebant.
679 2955 879 3030 Fumabant
896 2955 1022 3045 uillae,
1051 2955 1233 3030 fumabant
1251 2955 1380 3049 oppida
1398 2955 1545 3031 moeniis
1564 2976 1635 3031 nou

80 3072 232 3146 munita.
261 3073 329 3148 Sed
357 3079 392 3148 et
419 3075 619 3148 suburbana
645 3074 861 3150 munitorum
888 3075 969 3168 igne
988 3076 1228 3150 torrebantur*
1250 3077 1343 3150 Dum
1362 3081 1480 3150 autem
1498 3097 1561 3169 pro
1578 3097 1632 3152 re·

79 3194 247 3284 pellendo
275 3198 373 3267 tanto
401 3196 492 3268 malo
520 3216 632 3287 neque
660 3195 862 3285 eonsilium,
891 3217 1003 3289 neque
1030 3217 1111 3290 spes
1138 3197 1315 3271 subesset:
1345 3197 1445 3272 missi
1469 3197 1513 3271 ad
1531 3198 1631 3272 Hun-

79 3313 202 3407 gariae
219 3315 351 3408 Regem
362 3317 393 3406 ⁴)
421 3317 557 3390 Duorum
575 3323 610 3390 et
628 3316 814 3390 eivitatum
833 3317 968 3394 Stesiae
986 3317 1118 3408 nuntii,
1139 3339 1286 3411 quorum
1304 3319 1479 3392 Iohannes
1497 3319 1631 3394 Lautlo

80 3435 177 3508 slaer
208 3435 401 3510 Canonieus
434 3436 741 3512 Wratislauieneis
773 3441 848 3512 erat
879 3438 1057 3532 puteosne,
1092 3439 1155 3532 qui
1180 3439 1305 3532 grandi
1328 3440 1438 3528 malo,
1467 3459 1536 3531 quo
1555 3438 1631 3516 Sle-

81 3555 139 3628 sia
157 3561 192 3629 et
210 3557 358 3630 Lusatio
376 3579 396 3630 a
415 3558 601 3634 Gmnikone
616 3558 647 3650 5)
675 3562 901 3648 attereretur,
922 3564 1077 3650 ostenso,
1097 3560 1352 3650 defensionem,
1372 3564 1435 3633 aut
1453 3559 1633 3636 licentiam

82 3677 249 3768 poetandi
278 3699 355 3750 eum
384 3679 571 3756 strattone
587 3681 618 3770 6)
655 3681 697 3754 de
732 3701 818 3773 paee
859 3687 922 3754 aut
952 3682 1155 3756 sufferentia
1182 3682 1419 3776 deposuerant.
1452 3682 1586 3758 Neutro
1602 3681 1633 3771 7)

82 3797 241 3886 obtento,
272 3803 463 3872 extremam
491 3804 526 3873 et
552 3801 793 3874 imminentem
820 3801 1081 3876 internitionem
1110 3825 1226 3894 suam,
1255 3825 1333 3877 eum
1348 3802 1380 3894 8)
1409 3801 1477 3879 sibi
1504 3806 1630 3876 uteun-

83 3937 154 4009 que
180 3917 420 4010 prouiderant,
449 3922 584 3994 laturos
612 3944 681 3995 uon
708 3943 785 3996 esse
811 3923 1029 3996 nuntiarunt.

164 4274 344 4348 [ramirus
364 4275 435 4346 lex
457 4229 655 4365 Stephanum
678 4277 906 4365 vaporalem
928 4278 1099 4352 lrlretire
1121 4279 1295 4355 trebeta
1315 4284 1569 4358 marturian-

405 4471 408 4476 Α
502 4397 734 4486 pereuntum
755 4397 878 4473 numa
901 4399 1029 4489 boemii
1052 4403 1219 4490 enodet

189 4640 359 4715 Undeoim
386 4642 612 4717 hebdomadis
638 4643 841 4722 Kauimirue
868 4647 1035 4722 Poloniee
1063 4649 1141 4722 Rex
1169 4650 1262 4741 apud
1289 4649 1426 4724 Novam
1444 4649 1631 4725 Civitatem

84 4761 298 4853 absumptis,
336 4761 392 4835 die
428 4762 573 4838 Veneris
610 4766 798 4840 tredeeima
824 4768 911 4842 Iulii
926 4769 958 4858 9)
986 4769 1111 4843 exinde
1137 4783 1333 4862 egressus,
1355 4791 1417 4862 per
1448 4772 1629 4861 Tharnen,

84 4882 244 4972 Pilsuno,
272 4883 480 4975 Ropeuieue,
514 4885 702 4976 Pruemisl,
735 4886 772 4959 in
799 4889 965 4962 Ruseiam
993 4889 1175 4982 prooessit.
1208 4891 1254 4964 ldt
1281 4891 1319 4964 in
1345 4891 1527 4984 Leopolim
1552 4912 1630 4984 per·

194 5193 217 5274 ¹)
240 5195 396 5258 Oleaniena
421 5191 496 5260 Coe.
521 5192 629 5260 Perea.
651 5197 835 5274 Lyeeasieas
856 5196 918 5260 Ed.
941 5197 1031 5283 Lipe.
1050 5199 1077 5280 ²)
1091 5201 1318 5278 Liubyaaolromi
1334 5197 1398 5266 Ed.
1412 5199 1504 5284 Lipe.
1521 5201 1546 5280 ¹⁸)
1561 5203 1631 5270 Idu·

83 5299 244 5360 biesehowi
265 5295 328 5362 Ed.
350 5297 442 5382 Lipa.
474 5296 502 5382 ⁴)
524 5301 637 5376 Regem
659 5301 800 5365 Matutam
822 5299 886 5368 Ed.
911 5300 1000 5385 laps.
1033 5301 1060 5387 ⁵)
1083 5325 1103 5366 a
1124 5305 1261 5372 heitone
1287 5305 1544 5382 Pondayabraerlui
1565 5303 1631 5372 Ed.

85 5399 176 5483 Dipo.
199 5399 226 5480 ὃ)
249 5419 314 5462 eum
335 5403 471 5466 nermo
494 5405 751 5482 Pozdryubraeeki
772 5402 835 5472 Ea.
859 5403 950 5488 Lipe.
976 5405 1001 5487 ⁷)
1023 5409 1064 5470 Et
1084 5387 1188 5474 nanae
1207 5405 1275 5474 Ed
1298 5405 1396 5491 Lipa·
1422 5407 1447 5488 ⁸)
1469 5409 1541 5486 quin
1561 5391 1629 5478 Ed.

86 5501 177 5587 Lapa.
201 5499 227 5583 ο)
249 5505 358 5566 mensis
379 5506 447 5567 Iulii
469 5502 533 5571 Ed.
562 5503 653 5590 Dipr.
