4052 6286
383 560 456 632 522
893 579 1006 632 61666
1031 579 1275 632 6666661666
1303 561 1418 650 (xm).
1654 558 1724 659 (Α.
1745 559 1792 632 D.
1813 558 1937 656 1469.)

380 765 513 858 uirique
542 764 624 837 illos
653 765 788 838 exitum
816 785 932 838 rorum
959 765 1201 838 hortabantur.
1231 766 1300 839 Sed
1327 767 1409 838 dum
1438 767 1615 839 conclusio
1643 767 1744 858 pacis
1773 767 1939 839 61111116-

382 885 470 958 stria
497 885 618 959 dolosa
644 887 907 977 protraheretur
933 885 971 958 in
998 887 1156 978 longum,
1186 891 1340 960 oratores
1368 886 1528 959 Polonici
1547 887 1657 979 Regis
1677 889 1705 974 ¹)
1735 887 1781 958 ab
1802 893 1939 977 aposto

380 1007 461 1080 licis
488 1006 648 1100 Legatis,
678 1028 721 1080 ne
739 1012 811 1078 tam
830 1005 1046 1098 perniciosae
1074 1007 1290 1082 cunctationi
1317 1007 1543 1095 interessent,
1572 1007 1764 1094 admoniti,
1795 1007 1941 1078 Romam

381 1128 526 1218 petiere.
555 1127 688 1200 Civitas
716 1127 808 1200 iuter
834 1128 919 1200 haec
947 1127 1232 1200 Olomuncrensis
1261 1128 1422 1215 fortuito,
1456 1127 1646 1200 insolentie
1674 1126 1883 1200 ludentium
1911 1126 1942 1196 in

382 1249 459 1321 alea
483 1247 737 1341 inpraesentia
764 1247 889 1340 Regis,
919 1250 1020 1320 nocto
1047 1246 1205 1335 incensa,
1234 1247 1272 1320 in
1300 1247 1357 1319 sui
1383 1247 1571 1320 medietato
1598 1268 1706 1339 61616
1726 1246 1941 1333 incendium,

305 1349 306 1353 ¹
383 1368 528 1460 gravius
545 1366 577 1459 2)
607 1368 776 1461 spolium,
805 1368 887 1439 dum
906 1388 975 1439 non
995 1367 1108 1439 solum
1127 1368 1289 1440 incensae
1317 1368 1457 1456 16666,
1493 1367 1554 1440 661
1581 1367 1687 1440 61166
1716 1367 1862 1458 integre
1887 1387 1944 1456 per

382 1491 455 1562 vim
484 1511 504 1562 6
530 1489 695 1582 gentibus
722 1487 830 1580 regiis
858 1487 1114 1578 depilarentur,
1149 1487 1315 1578 pertulit:
1348 1487 1543 1558 iufaustum
1576 1488 1689 1560 fatum
1723 1508 1791 1558 suo
1826 1487 1942 1558 ardore

382 1611 446 1683 illo
474 1610 685 1702 portendens
713 1615 748 1681 et
776 1608 900 1700 spolio.
934 1609 1021 1680 Post
1048 1607 1164 1680 varios
1184 1607 1308 1681 deinde
1332 1611 1522 1696 tractatus,
1551 1607 1722 1678 nonnisi
1752 1612 1886 1698 treuga
1911 1608 1942 1678 16

383 1731 475 1805 diem
491 1729 521 1820 ³)
549 1728 834 1804 circumcisionis
861 1729 1047 1818 duratura,
1078 1728 1243 1800 conclusa
1270 1731 1324 1800 est
1351 1731 1386 1801 et
1404 1727 1520 1800 literis
1547 1727 1748 1818 firmata4).
1778 1728 1871 1798 Tum
1890 1728 1942 1799 de-

383 1875 478 1924 mum
506 1851 658 1924 11611166
685 1852 764 1924 Rex
787 1847 1007 1941 Hungariae,
1036 1848 1212 1920 aduobus
1231 1846 1422 1939 episcopis,
1443 1847 1630 1938 Rudolpho
1649 1847 1827 1920 videlicet
1846 1847 1942 1919 Wra-

382 1972 599 2061 tielaviensi,
628 1975 663 2044 et
690 1969 873 2044 Protbasio
903 1967 1189 2056 Olomunczensi‚
1220 1972 1254 2040 et
1282 1967 1420 2059 aliquot
1438 1968 1628 2040 baronibus
1648 1967 1866 2054 Bohemiae,
1896 1969 1943 2039 ri-

383 2093 511 2168 delicet
542 2093 699 2167 Iohanne
730 2089 1015 2177 Rosuembereki,
1048 2088 1233 2160 Zdenkone
1264 2087 1525 2180 Konopniozlri,
1564 2089 1725 2160 Iohanne
1759 2094 1798 2161 et
1828 2089 1944 2160 Ulriro

384 2215 513 2306 Zayecu
537 2215 579 2287 dc
597 2212 705 2285 Kosti
719 2211 762 2302 5),
793 2210 1008 2283 Suantoslao
1029 2208 1293 2300 Schwambergo
1310 2208 1354 2296 6),
1383 2208 1536 2281 Η6111166
1556 2208 1597 2280 16
1616 2209 1782 2281 Η161666
1804 2214 1843 2281 61
1861 2207 1945 2280 Β61-

385 2335 500 2424 aiano,
529 2335 566 2406 in
585 2333 774 2406 Bobemiae
793 2333 941 2424 Regem,
970 2330 1026 2402 die
1054 2328 1232 2418 Mercurii,
1264 2329 1369 2402 tertia
1386 2329 1471 2400 Maii
1489 2329 1519 2416 7)
1550 2329 1701 2416 6166166,
1736 2328 1946 2402 electionem

384 2456 427 2528 de
446 2477 483 2529 se
503 2456 645 2544 iactam,
675 2452 769 2525 omni
797 2451 1048 2525 deliberatione
1068 2449 1350 2540 circumscripta,
1381 2453 1583 2541 acceptans,
1614 2447 1814 2521 Olomuucz
1836 2471 1945 2542 egres

386 2597 461 2665 666,
490 2577 528 2648 16
555 2573 837 2660 Wratislavlam,
866 2593 887 2644 6
915 2571 1052 2644 civibus
1081 2575 1117 2642 et
1143 2571 1300 2642 Ducibus
1330 2569 1464 2642 Slesiae
1492 2573 1698 2660 sumpturus
1725 2571 1946 2662 homagium,

385 2697 441 2769 116
468 2695 615 2768 Veneris
643 2693 811 2767 vicesima
838 2697 939 2766 sexta
966 2690 1109 2779 Maiifl),
1139 2690 1293 2763 aduenit.
1323 2690 1394 2763 Ubi
1423 2712 1500 2762 cnm
1522 2711 1648 2782 magna
1666 2691 1899 2782 gratitudine
1916 2699 1947 2762 et

385 2838 512 2909 pompa
540 2822 576 2888 et
602 2815 865 2908 processionum
891 2814 1023 2884 bonore
1051 2815 1237 2902 susceptus
1266 2815 1338 2899 est,
1367 2831 1407 2884 ac
1434 2810 1540 2893 tertia
1568 2810 1694 2883 deinde
1722 2811 1784 2883 die
1815 2833 1838 2883 6
1866 2812 1946 2884 ciri·

386 2938 453 3009 bus
480 2937 641 3029 homagio
668 2935 810 3028 publico
838 2937 995 3024 accepto,
1024 2931 1129 3004 etiam
1157 2933 1228 3003 fere
1256 2951 1375 3003 omnes
1399 2932 1514 3002 Duces
1538 2931 1690 3019 Slesiae,
1719 2931 1796 3003 iam
1823 2953 1944 3004 censu-

386 3059 452 3145 ris,
487 3058 557 3130 iam
588 3056 788 3149 promissis,
822 3053 892 3126 iam
925 3052 1133 3138 terroribus,
1167 3051 1210 3122 61
1241 3051 1491 3142 praestandum
1524 3051 1593 3156 sibi
1625 3052 1838 3144 homagium
1869 3073 1945 3124 con·

387 3179 501 3250 duxit.
536 3178 776 3251 0661161616
807 3174 970 3263 antemi)
998 3194 1078 3246 enm
1109 3172 1197 3243 illuc
1224 3171 1438 3244 Laurentius
1470 3171 1707 3244 Ferrarieusis
1744 3173 1946 3264 episcopus.

387 3297 603 3390 apostolicus
635 3297 805 3388 Legatos,
839 3293 1073 3366 comitabatur
1091 3295 1126 3364 et
1144 3291 1318 3364 lohannes
1351 3290 1568 3363 Larentinue
1589 3292 1635 3381 ¹⁰)
1663 3293 1880 3384 episcopus,
1908 3295 1948 3364 ab

386 3420 603 3511 Imperatore
630 3416 809 3489 Iriderico
837 3436 915 3488 cum
942 3435 1011 3484 uno
1040 3412 1165 3485 comite
1197 3411 1412 3499 destinatns;
1446 3411 1731 3504 archiepiscopus
1766 3421 1947 3504 praeterea

389 3539 641 3633 Strigoniensis
669 3538 844 3610 Iohannes
872 3555 950 3608 cum
977 3532 1144 3642 ¹llgriensi
1175 3533 1336 3625 episcopo
1365 3538 1400 3605 61
1427 3533 1607 3605 nonnullis
1631 3533 1847 3625 Hungariae
1866 3535 1946 3607 Pro·

388 3661 525 3734 ceribus
553 3660 712 3732 aderant:
742 3677 888 3748 quorum
920 3655 1119 3746 praesentia
1147 3655 1262 3726 Duces
1290 3653 1425 3727 Slesiae
1453 3652 1496 3724 61
1523 3655 1723 3746 homagium
1759 3655 1820 3726 illi
1851 3677 1947 3746 prac-

390 3782 553 3854 standum
573 3782 617 3870 ¹¹)
655 3778 879 3852 conducebat.
914 3775 1115 3848 Fridoricus
1148 3775 1273 3848 deinde
1300 3773 1454 3847 hlarchio
1487 3773 1839 3867 Braudeburgcnsis,
1870 3777 1947 3847 166

389 3903 562 3974 inritatus
589 3898 857 3974 Wratislaviam
889 3895 1106 3984 aduenisset,
1140 3896 1181 3968 16
1209 3896 1344 3968 duobus
1373 3915 1393 3966 6
1420 3895 1517 3986 Rege
1544 3895 1749 3986 Hungariae
1772 3894 1822 3984 12)
1851 3919 1948 3989 roga-

389 4029 464 4112 tus,
492 4027 534 4094 ut
560 4021 725 4095 videlicet
753 4019 809 4091 illi
836 4039 954 4091 rocem
982 4038 1045 4108 pro
1073 4016 1218 4108 imperio
1247 4016 1360 4090 daret:
1391 4014 1483 4106 quod
1510 4035 1547 4086 se
1567 4014 1668 4087 facilc
1696 4015 1900 4088 biarchioi
1936 4059 1947 4070 ·

390 4149 508 4216 16166
535 4141 732 4234 respondit;
761 4139 862 4228 item,
891 4143 932 4210 ut
960 4157 1077 4210 secum
1107 4137 1227 4210 166166
1255 4141 1376 4209 666116
1404 4135 1596 4226 quemlibet
1623 4135 1805 4208 hominem
1829 4137 1947 4229 iunge·

389 4270 458 4337 ret:
488 4263 580 4356 quod
606 4263 669 4335 ille
695 4263 800 4353 plane
831 4258 990 4351 negarit,
1023 4278 1199 4330 asserens:
1233 4257 1313 4329 Non
1341 4255 1525 4329 conuenire
1554 4276 1637 4328 suae
1664 4257 1890 4344 conditioni,
1916 4260 1946 4331 iu

390 4385 557 4456 Poloniae
583 4383 731 4475 Regem,
762 4382 805 4454 ob
824 4381 924 4452 cuius
943 4379 1129 4470 praecipue
1147 4382 1345 4469 respectum
1363 4377 1455 4448 illud
1474 4376 1596 4448 foedus
1615 4377 1825 4467 petebatur,
1859 4401 1947 4451 arma

391 4505 498 4578 sumi:
528 4526 606 4577 cum
634 4501 859 4592 Principatus
887 4500 943 4572 sui
965 4499 1087 4591 Regno
1108 4498 1276 4571 Poloniae
1295 4498 1536 4586 cohaerentes,
1566 4497 1631 4568 sub
1660 4497 1764 4569 brevi
1793 4504 1948 4591 tempore

391 4631 426 4698 61
452 4625 565 4716 prius,
595 4644 699 4715 quam
726 4621 784 4693 illi
811 4643 832 4692 6
859 4621 954 4712 Rege
987 4619 1190 4712 Hungariae
1223 4623 1343 4710 posset
1371 4618 1543 4707 succurri,
1574 4617 1719 4690 totalem
1750 4618 1946 4693 inciderem

561 4841 589 4845 -.
601 4835 807 4846 —.-..—.....-·-

500 4965 524 5052 ¹)
547 4969 689 5028 Poloniae
710 4967 802 5043 Regis
826 4965 962 5026 06616111
983 4961 1047 5024 Ed.
1070 4959 1162 5045 Lipa.
1187 4961 1215 5042 ¹)
1237 4981 1387 5039 graveque
1409 4959 1473 5024 Ea.
1497 4958 1587 5045 Lo'pa.
1610 4959 1637 5041 ³)
1660 4961 1803 5024 induciae
1818 4965 1860 5025 ad
1877 4967 1944 5026 diem

391 5068 569 5154 666166.
593 5069 621 5151 ⁴)
644 5073 800 5132 conclusae
824 5073 893 5129 sunt
913 5067 1050 5128 611116116
1073 5070 1213 5126 firmatae.
1237 5062 1300 5126 Ea.
1321 5065 1412 5149 Lipa.
1446 5064 1471 5146 5)
1495 5067 1595 5126 Ulrico
1620 5067 1737 5144 Zayaou
1763 5068 1803 5128 de
1826 5069 1945 5129 Kosztbi

391 5172 455 5236 Ed.
480 5173 571 5256 Lipa.
596 5167 1128 5254 θ)16661661661666161661Ἶά.
1160 5166 1253 5252 Lipa.
1278 5169 1439 5248 (Bobuslao
1462 5170 1499 5229 de
1522 5169 1755 5248 Schwamberg).
1792 5169 1818 5248 7)
1843 5175 1945 5232 menda

391 5279 461 5337 Maii
484 5276 548 5341 Ed.
571 5275 662 5361 Lipa.
687 5271 1025 5358 8)66661611611Ε11.
1049 5271 1139 5355 Lipa.
1169 5269 1196 5354 ⁹)
1221 5275 1298 5333 enim
1321 5270 1384 5335 Ed.
1408 5270 1497 5354 Lipa.
1534 5271 1572 5349 ¹⁰)
1595 5274 1725 5333 Ioannes
1746 5273 1945 5336 Laurentium

397 5379 473 5444 cod.
497 5379 606 5444 Poura.
631 5382 770 5460 (loannes
791 5379 870 5439 Roth
893 5379 1049 5454 episcopus
1072 5377 1278 5455 horuntinus).
1306 5375 1345 5456 ¹¹)
1365 5378 1409 5435 illi
1424 5396 1442 5436 a
1457 5377 1590 5436 Ducibus
1606 5378 1722 5438 Slesiae
1736 5381 1944 5453 praestandum

392 5482 456 5546 Ed.
480 5481 571 5569 Lipo.
600 5483 639 5562 ¹²)
663 5505 682 5544 a
703 5485 816 5545 Mathia
838 5483 1008 5559 Hungariae
1030 5482 1112 5557 Rege
1135 5477 1199 5541 Ed.
1222 5476 1313 5563 Lipa.
