4090 6290
387 519 463 592 614
895 540 1009 594 crana
1034 540 1279 594 nuonncmrns
1307 522 1422 612 (x111).
1658 515 1727 616 (Α.
1748 515 1798 589 D.
1819 511 1947 610 1478.)

382 725 544 820 Regnum
572 725 763 801 Behemiae
791 725 859 800 erit
885 725 1035 800 liberum
1063 747 1084 800 o
1111 724 1443 820 quadringentorum
1472 724 1625 798 millium
1653 723 1873 798 florenorum
1893 741 1945 794 so

384 847 532 922 lotione.

283 1193 286 1201 ’
380 1199 417 1272 ln
441 1201 658 1272 consentione
681 1201 824 1290 generali
839 1201 1088 1290 ipotrhcsiensi
1104 1201 1301 1274 contributio
1317 1201 1478 1273 lortonum
1493 1201 1653 1273 llozimiro
1669 1199 1749 1290 licgi
1765 1215 1943 1271 coneum

381 1321 428 1392 lo
451 1321 636 1392 lontidccm
659 1320 834 1393 domenum
857 1323 993 1394 nuntius
1015 1322 1173 1408 mittitur,
1197 1325 1409 1393 accusaturus
1426 1322 1639 1411 apostolicum
1654 1321 1833 1410 togatum,
1857 1319 1944 1409 quoi

382 1440 576 1512 ilonimirum
599 1444 637 1514 ut
659 1442 805 1514 haeresis
827 1442 1001 1528 lautorum,
1025 1442 1233 1513 wladislaum
1256 1460 1332 1514 soro
1355 1442 1525 1514 Behemiae
1547 1442 1665 1530 liogcrn
1680 1445 1720 1513 ui
1734 1441 1944 1512 hoereticum

894 1561 1204 1634 excommunicatum
1226 1562 1418 1634 declararit.

485 1808 529 1881 In
548 1809 636 1882 leste
657 1789 896 1899 Pentecostes,
927 1831 1015 1902 quae
1034 1809 1102 1882 luit
1121 1809 1253 1884 decima
1280 1809 1365 1883 Maii
1384 1811 1423 1899 ¹),
1452 1813 1530 1882 acta
1548 1813 1603 1882 est
1622 1809 1813 1882 conventio
1833 1827 1940 1902 gene·

380 1928 468 2002 ralis
495 1930 587 2021 apud
615 1929 874 2022 Pyotrkoviam.
902 1931 957 2002 Ad
986 1953 1090 2022 quarn
1118 1952 1195 2004 eum
1215 1930 1409 2003 consiliarii
1428 1929 1668 2016 aduenissent,
1698 1933 1782 2021 pest
1805 1929 1941 1999 multos

382 2055 417 2123 et
444 2048 560 2122 uarios
588 2054 776 2138 tractatus,
806 2050 1006 2123 Kanimirns
1033 2051 1201 2124 Polonioe
1227 2051 1306 2123 Rex
1335 2052 1486 2123 fertones
1515 2050 1583 2122 sibi
1609 2049 1652 2122 ab
1677 2049 1851 2121 uniuerso
1871 2047 1939 2121 Re-

380 2191 465 2263 gno,
495 2170 538 2241 ed
566 2170 793 2244 necessitates
820 2170 1059 2262 impendentes
1091 2171 1341 2263 expediendae,
1370 2170 1462 2243 solui
1489 2191 1591 2262 aegre
1618 2169 1654 2241 in
1686 2190 1767 2243 eum
1807 2189 1941 2240 annum

381 2289 551 2367 obtinuit.
580 2289 617 2362 in
645 2311 712 2382 quo
739 2291 853 2364 adhuc
880 2312 1035 2365 annonae
1063 2291 1185 2364 uilitas
1213 2291 1378 2364 continuo
1406 2290 1625 2365 ascendebat.
1655 2290 1746 2362 Item
1778 2289 1826 2360 ad
1847 2289 1938 2360 mul·

380 2409 538 2501 tiplieem
565 2410 771 2482 instantiam
798 2411 966 2484 baronum
993 2411 1136 2484 llaioris
1163 2411 1331 2485 Poloniae
1358 2412 1535 2484 decretum
1564 2415 1635 2498 est,
1663 2415 1704 2481 ut
1725 2410 1856 2500 Zuppa
1883 2429 1938 2480 sa·

380 2529 426 2602 lis
442 2527 485 2618 ²),
513 2529 557 2601 ad
585 2530 815 2604 cohibendum
842 2529 1124 2622 importationem
1152 2531 1238 2604 solis
1257 2527 1465 2604 Misenensis
1488 2531 1563 2603 sive
1587 2529 1770 2616 Santonici,
1806 2529 1846 2600 in
1865 2529 1939 2600 hta·

379 2648 446 2723 iori
472 2649 618 2723 Polcnia
645 2650 737 2742 apud
765 2651 887 2723 uillam
915 2650 990 2724 siue
1017 2651 1147 2740 locum,
1177 2651 1238 2742 qni
1264 2651 1378 2724 Pinka
1404 2650 1550 2740 dicitnr,
1571 2649 1792 2741 aperiretur,
1825 2653 1863 2722 et
1882 2669 1934 2720 ro·

380 2771 497 2863 gimen
524 2769 624 2843 illius
652 2771 717 2843 sub
745 2793 814 2844 uno
841 2770 1020 2863 perpetuis
1039 2771 1255 2862 temporibus
1274 2771 1447 2864 Zuppurio
1467 2769 1689 2844 cracoviensi
1708 2769 1937 2858 consisteret,

380 2912 424 2964 no
450 2912 521 2962 nne
548 2891 694 2964 alteram
721 2892 933 2965 absorberet.
962 2891 1158 2966 Wladislao
1187 2891 1374 2966 Behemiae
1401 2892 1508 2985 Regi,
1536 2891 1673 2964 nuntiis
1693 2890 1751 2963 sui
1770 2889 1936 2983 dagitan-

381 3011 493 3101 tibus,
527 3011 644 3084 decem
677 3011 791 3085 millia
822 3011 1029 3090 florenorum
1061 3013 1099 3085 in
1131 3011 1336 3107 suffragium
1368 3017 1490 3086 contra
1526 3013 1654 3085 hostes·
1677 3009 1789 3084 misso
1809 3008 1856 3100 ³),
1894 3009 1938 3083 nd

381 3131 562 3205 Summum
594 3131 800 3208 Pontificem
838 3132 980 3206 Sixtum
1017 3136 1180 3226 quartum
1216 3133 1390 3208 Iohannes
1423 3131 1615 3225 Goslupshi
1634 3131 1666 3221 ⁴)
1704 3132 1937 3204 Decretorum

380 3251 523 3342 Ductor,
553 3252 745 3326 Oanonieus
773 3253 1039 3343 Posnanionsis,
1069 3254 1111 3326 de
1130 3252 1268 3327 insania
1287 3259 1322 3326 et
1341 3253 1531 3327 insolentia
1549 3253 1775 3325 Bolthasaris
1793 3252 1838 3324 de
1857 3252 1935 3324 Pis·

380 3371 450 3462 cia,
478 3371 606 3446 Nuntii
634 3373 690 3445 sni
722 3373 814 3465 apud
844 3373 1107 3447 Wratislouiam
1134 3374 1337 3464 residentis,
1367 3375 1458 3466 quod
1485 3373 1721 3447 Wladislaum
1742 3371 1935 3444 Behemiae

380 3492 510 3586 Regem
541 3497 582 3566 ut
609 3493 836 3584 haereticum,
864 3493 1084 3567 Kanimirum
1110 3515 1192 3568 uero
1219 3494 1387 3568 Poloniue
1415 3495 1545 3588 Regem
1577 3497 1619 3566 ut
1646 3493 1823 3565 fautorem
1851 3493 1931 3564 hae·

379 3614 484 3701 resis,
513 3617 549 3686 et
575 3634 693 3687 omnes
722 3615 874 3688 lautores
894 3635 1029 3704 eornm,
1059 3614 1377 3688 excommunicatos
1405 3619 1441 3688 et
1464 3613 1686 3703 interdictos,
1716 3613 1875 3705 publicis
1899 3616 1933 3684 ct

379 3733 501 3806 stultis
529 3733 603 3806 suis
632 3734 855 3807 denuntiaret
877 3734 1115 3826 processibus,
1145 3740 1352 3826 questurus,
1380 3739 1416 3808 et
1433 3735 1604 3808 ultionem
1623 3733 1929 3825 expostulaturus,

379 3859 566 3946 rogaturus
593 3873 731 3946 qnoque
758 3851 900 3928 Sistum
927 3854 1076 3946 Papam,
1106 3858 1279 3946 quatenus
1302 3855 1519 3947 provisiones
1544 3859 1579 3927 ot
1597 3852 1808 3927 collationes
1827 3851 1928 3925 beno·

380 3972 553 4063 liciorum,
582 3977 618 4048 et
645 3973 898 4048 cathedralium
930 3973 1247 4048 ecclesiasticorum
1263 3973 1305 4065 5),
1341 3974 1499 4048 adinstar
1525 3977 1560 4048 ot
1588 3975 1736 4046 formam
1776 3971 1928 4045 decreto·

378 4114 455 4166 rum
475 4093 622 4168 Concilii
640 4093 849 4170 Besiliensio
867 4093 1104 4189 restringeret.
1133 4095 1234 4170 Iusta
1254 4094 1394 4190 quidem
1412 4094 1555 4189 petitio,
1580 4093 1641 4169 sed
1660 4093 1927 4186 intempestiua:

379 4219 503 4289 tenues
530 4213 694 4290 habitura
719 4215 908 4308 proiectus.

721 4567 881 4646 Rosimiro
903 4569 1053 4647 roloniae
1074 4568 1152 4664 degi
1175 4569 1242 4648 dlis
1263 4569 1402 4648 inhers
1424 4570 1581 4648 nacitur.

483 4822 538 4896 Ex
565 4816 778 4916 Ppotrlrovie
805 4815 1008 4897 Kanimirus
1035 4818 1202 4896 Poloniee
1229 4821 1307 4896 Ros
1335 4821 1533 4912 discedens,
1562 4821 1599 4894 in
1623 4820 1777 4912 Radom,
1807 4821 1868 4897 ubi
1884 4821 1921 4896 il·

377 4947 451 5019 lum
479 4946 661 5019 Elisabeth
688 4944 824 5038 Regina
851 4945 1113 5038 opperiebatur,
1141 4943 1323 5036 processit.
1361 4944 1408 5016 Ei
1434 4943 1570 5036 aliquot
1596 4942 1673 5016 illic
1700 4943 1921 5017 hebdomadis

377 5071 626 5156 commoratus,
657 5065 695 5138 in
723 5064 978 5139 Sandomiriam
1005 5064 1117 5138 uenit:
1146 5061 1207 5138 ubi
1234 5063 1299 5138 illo
1322 5061 1545 5155 immorante,
1572 5061 1759 5136 Elisabeth
1780 5063 1919 5156 Regina,

486 5341 509 5418 ¹)
535 5341 614 5419 quod
637 5343 841 5404 celebrabatur
863 5341 977 5402 decima
999 5341 1047 5402 die
1068 5341 1178 5402 mensis
1200 5338 1272 5402 hlaii
1295 5337 1357 5403 Ed.
1379 5337 1473 5423 Lips.
1499 5339 1524 5421 Ι)
1547 5339 1649 5401 fodina
1668 5339 1740 5400 salis
1756 5333 1820 5402 Ed.
1835 5335 1914 5421 lips

378 5443 404 5528 ³)
427 5445 519 5508 missa
541 5449 610 5507 sont
632 5441 695 5509 Ed.
723 5442 814 5529 Lips.
838 5442 865 5525 4)
889 5445 1034 5506 Golubski
1056 5441 1119 5506 Ed.
1143 5442 1236 5528 Lips.
1262 5442 1288 5524 ὓ)
1310 5445 1511 5506 Ecclesisrum
1532 5439 1595 5506 Ed.
1620 5440 1713 5527 Lipa.
