4046 6278
44 553 103 656 (Α.
121 553 163 628 D.
182 551 309 652 1465.)
546 569 659 629 bruun
685 573 931 632 euoeneurus
958 562 1072 650 (κω).
1505 547 1579 633 42'1

43 767 78 835 ut
94 771 242 839 castrum
260 762 486 856 llarienburg
504 763 672 855 potestati
692 767 727 836 et
744 763 909 856 regimini
926 760 1171 858 gubernatoris
1191 769 1226 840 et
1244 762 1453 840 militarium
1473 767 1581 840 Prus·'

44 888 109 962 siae
125 883 335 974 committat,
363 883 625 977 plenioremque
644 884 905 972 confidentiam,
935 907 1038 978 quam
1065 887 1236 960 hacteuus
1263 887 1306 960 de
1333 886 1422 980 ipsis
1441 888 1582 962 babeat.

42 1007 104 1081 His
128 1027 331 1098 responsum
359 1012 429 1079 est:
458 1026 527 1078 non
554 1025 658 1098 pesse
684 1005 833 1099 Regem,
862 1005 933 1078 nisi
960 1005 998 1078 in
1025 1005 1255 1081 conuentione
1273 1007 1448 1102 generali,
1478 1029 1582 1100 quam

42 1128 182 1221 primum
222 1129 321 1218 peste
339 1126 368 1216 ¹)
401 1125 439 1198 in
466 1125 628 1218 pluribus
661 1125 748 1199 leeis
780 1130 980 1219 grassante,
1013 1127 1171 1219 quietata
1186 1125 1229 1218 ²),
1261 1127 1486 1220 respondere;
1520 1149 1585 1201 nec

41 1249 230 1335 eenreuire,
258 1251 300 1320 ut
326 1247 458 1338 absque
485 1245 633 1320 sensilia
661 1245 847 1320 civitatum
873 1247 1057 1336 Prussiae,
1085 1248 1128 1321 de
1147 1251 1261 1321 castre
1279 1248 1581 1342 llarieuburgenei

40 1370 153 1444 debeat
179 1367 366 1460 quicquam
393 1366 550 1459 disponi,
579 1389 727 1460 querum
755 1389 859 1460 epora
885 1367 1009 1442 maiori
1027 1389 1071 1442 ex
1089 1373 1189 1462 parte
1208 1369 1314 1442 sasiri
1334 1369 1483 1461 praeisti
1501 1391 1580 1462 pre·

41 1489 130 1564 venit
156 1488 340 1581 coemptio.
367 1489 422 1561 Ex
448 1487 626 1562 Poeuania
652 1493 769 1562 autem
788 1489 867 1564 Rex
882 1487 913 1579 3)
941 1489 997 1562 die
1015 1488 1181 1579 Veneris,
1211 1489 1432 1582 quindecima
1450 1483 1582 1564 mensis

41 1609 242 1684 Nouembris
260 1630 439 1703 egressus,
467 1631 530 1702 pre
549 1609 605 1682 die
624 1610 774 1684 Sadame
789 1609 821 1701 ⁴)
850 1610 1035 1686 Elisabeth
1053 1609 1091 1684 in
1109 1611 1202 1683 Kale
1225 1609 1380 1685 aduenit.
1409 1610 1482 1684 Ubi
1500 1629 1581 1684 cen-

39 1735 139 1806 rentu
165 1753 228 1823 per
253 1731 328 1805 dies
356 1730 511 1824 quinque
539 1730 717 1820 absolute,
745 1731 804 1805 ,die
832 1730 926 1805 Solis
949 1731 986 1804 in
1005 1735 1122 1819 nocte,
1151 1731 1236 1804 luna
1262 1732 1402 1805 lucente
1417 1730 1460 1821 5),
1489 1731 1580 1805 Lan·

39 1852 154 1927 eiciam
181 1851 340 1940 aduenit,
370 1857 404 1925 et
431 1850 558 1925 exinde
585 1871 647 1944 per
675 1851 810 1924 Radom
838 1857 873 1926 et
900 1851 1121 1946 Keeyeuieae
1139 1851 1176 1925 in
1195 1849 1424 1924 Lithuaniam
1442 1871 1579 1944 preces·

39 1973 97 2062 sit,
124 1971 267 2064 illicque
293 1977 433 2065 tempus
459 1971 587 2056 hiemis
615 1973 745 2066 exegit.

76 2326 183 2400 toloni
207 2326 397 2400 obsidentes
419 2326 575 2416 surgam
596 2344 662 2398 nen
684 2328 791 2400 minue
813 2327 1004 2400 obsidentur
1025 2328 1089 2416 ipsi
1112 2328 1153 2399 ab
1175 2328 1326 2401 lesbius
1347 2326 1382 2400 in
1404 2345 1538 2400 rumare

426 2447 660 2538 superioribus,
690 2451 726 2520 et
747 2451 879 2539 strages
899 2449 1052 2540 utrinque
1075 2448 1193 2522 editur.

133 2696 201 2771 Die
228 2697 365 2787 Lunae,
394 2697 567 2771 sedecima
594 2696 795 2770 Decembris
812 2698 856 2787 ⁶),
885 2699 1005 2771 hostes
1033 2698 1126 2791 apud
1145 2697 1313 2790 Storgard
1340 2695 1491 2786 obsessi,
1521 2697 1580 2770 iti-

35 2840 114 2893 nera
140 2817 274 2907 emnia,
302 2839 346 2891 ne
374 2817 459 2910 quid
486 2839 506 2891 a
532 2819 685 2891 Pelenes
716 2817 899 2910 importari
930 2819 1059 2912 pessit,
1092 2819 1317 2892 infestabant.
1346 2819 1401 2891 Ex
1427 2819 1494 2892 bec
1521 2819 1580 2892 eb·

36 2939 223 3014 sidentium
256 2938 375 3012 durior
405 2938 534 3031 magis,
572 2959 676 3032 quam
708 2939 930 3013 obsessorum
962 2939 1116 3013 conditio
1142 2939 1369 3029 reddebatur,
1403 2939 1581 3032 famesque

34 3058 261 3134 hauddubie
292 3059 330 3131 in
361 3059 488 3133 caetris
519 3061 730 3133 Pelenerum
762 3060 978 3134 imminebat.
1013 3060 1122 3153 Quam
1155 3081 1343 3134 aversurus
1380 3059 1581 3135 (tethardus

34 3181 254 3274 capitaneus,
282 3200 326 3253 ne
352 3200 408 3253 res
436 3180 479 3253 ed
507 3180 618 3274 magis
647 3185 822 3254 extremas
849 3180 1078 3254 difficultates
1106 3185 1141 3254 et
1168 3181 1352 3274 angustius
1370 3181 1579 3274 perueniret,

34 3301 108 3376 cum
134 3297 453 3394 praestantioribus
480 3300 655 3374 militibus
684 3301 720 3374 in
748 3302 887 3374 leenow
906 3303 949 3374 ad
968 3301 1223 3394 expediendum
1246 3305 1459 3375 cemmectus
1478 3301 1579 3375 abiit.

33 3425 80 3496 At
97 3421 274 3509 cumillis
293 3440 374 3514 spes
393 3425 427 3495 et
445 3421 553 3494 animi
572 3441 616 3494 ex
635 3421 842 3514 captivitate
859 3421 964 3495 Pauli
982 3421 1201 3516 Iassyeuslri,
1221 3422 1404 3497 Laurentii
1423 3423 1582 3497 Sohraulr

32 3550 65 3619 et
91 3544 191 3618 Petri
220 3543 368 3618 Schercn
395 3543 604 3632 crevissent,
632 3543 874 3636 intelligentes
902 3564 939 3616 se
965 3545 1101 3636 plures,
1140 3565 1244 3636 quam
1273 3543 1333 3636 qui
1362 3542 1580 3633 obsidebant,

33 3685 122 3754 esse,
152 3670 190 3738 et
208 3663 344 3736 viribus
363 3665 447 3738 adeo
467 3663 680 3756 superiores,
709 3668 751 3736 ut
768 3685 962 3757 repugnare
981 3669 1016 3738 et
1034 3665 1174 3738 vincere
1193 3665 1267 3756 apti
1286 3664 1446 3754 forent')
1474 3663 1580 3738 etiam

31 3785 67 3859 iu
93 3785 287 3878 campestri
318 3785 524 3872 certamine,
559 3785 720 3858 omnibus
747 3775 948 3859 auxiliariis
975 3806 1019 3858 ex
1046 3785 1223 3858 uniuersis
1251 3784 1438 3877 praesidiis
1466 3804 1580 3858 accer-

31 3907 127 3996 sitis,
157 3906 325 3979 invadere
352 3905 422 3997 ipsi
450 3905 650 3980 obsidentes
678 3906 911 3979 constituunt.
940 3907 1122 3999 comperte
1140 3906 1264 3980 deinde
1283 3927 1346 3998 per
1364 3907 1581 3999 transfugam

31 4027 289 4114 Gdaneusium,
323 4027 415 4118 qued
443 4026 644 4100 (lethardus
675 4027 879 4120 capitaneus
906 4027 1064 4120 gentium
1091 4027 1265 4121 regiarum
1293 4047 1371 4100 cum
1399 4031 1580 4118 praestan-

30 4148 186 4222 tioribus
220 4146 401 4239 armigeris
432 4167 556 4220 sersus
588 4149 738 4237 leonem,
772 4148 816 4220 ad
842 4147 1102 4222 conducendum
1138 4152 1350 4221 commeatus
1386 4167 1448 4239 pre
1484 4166 1582 4220 exer·

30 4269 121 4357 citu,
155 4267 396 4357 discessisset,
430 4268 597 4340 trecentis
629 4268 868 4359 equestribus,
902 4269 1113 4360 campestria
1144 4267 1426 4351 obseruantibus,
1459 4271 1583 4359 gentes
1712 4289 1715 4294 ·

27 4389 145 4483 regias
174 4387 214 4461 in
240 4387 375 4460 duabus
403 4387 515 4460 bastis
542 4388 791 4478 consistentes,
821 4390 1003 4481 eruptione
1032 4391 1138 4477 factu,
1168 4389 1205 4461 in
1233 4388 1405 4480 frequenti
1425 4387 1583 4479 peditum

28 4507 264 4583 multitudine
290 4506 475 4600 glomerati
502 4507 690 4597 inuadunt,
719 4507 951 4601 pluribusque
976 4509 1073 4582 heris
1096 4509 1178 4581 illes
1197 4509 1405 4602 impugnant
1423 4530 1492 4580 nen
1511 4508 1585 4582 levi

30 4629 91 4704 sed
119 4631 282 4702 extrema
307 4627 587 4721 impugnatione,
615 4628 686 4702 rati
713 4649 777 4702 sua
804 4629 1032 4703 multitudine
1059 4629 1272 4722 paucitatem
1300 4629 1512 4702 Pelenerum
1533 4631 1582 4700 fc-

28 4751 97 4825 cile
131 4749 307 4837 uicturos,
344 4769 422 4821 cum
455 4769 498 4822 ex
530 4753 663 4841 septam
696 4749 899 4840 praesidiis,
937 4749 1104 4824 uidelicet
1135 4749 1345 4841 (theyuieua,
1384 4749 1583 4838 Fridlautb,

29 4871 262 4956 Hemersten,
291 4869 441 4958 Bitbeu,
469 4869 656 4962 Lemberg,
685 4869 821 4963 Ossyelr
840 4877 876 4945 et
893 4871 1070 4960 Kischeu,
1100 4871 1144 4944 ad
1162 4869 1443 4943 contendendum
1461 4875 1584 4962 gentes

26 4991 148 5084 regias
177 4988 438 5078 conuenissent,
467 4989 576 5063 denae
602 4988 726 5062 multis
754 4989 882 5080 caesis,
912 4991 972 5064 sed
1000 4991 1111 5063 multe
1138 4989 1301 5082 pluribus
1330 4988 1485 5064 letaliter
1504 4990 1583 5061 vul·

141 5280 169 5358 ¹)
191 5282 285 5358 pestis
305 5277 370 5343 Ed.
393 5277 484 5364 Lipe.
517 5280 543 5360 ³)
565 5299 707 5358 grassans
736 5283 882 5358 quieverit
911 5280 974 5346 Ed.
998 5281 1091 5367 La'pe.
1122 5283 1235 5363 ³)Rex
1257 5284 1399 5345 Peleniae
1424 5283 1586 5344 casimirus

27 5383 92 5447 Ed.
116 5383 213 5467 Dipo.
236 5381 263 5463 ⁴)
285 5386 392 5448 beatum
414 5381 478 5446 Ed.
505 5381 596 5468 Lupa.
620 5382 647 5464 ⁵)
670 5387 837 5450 lucescente
858 5383 921 5449 Ed.
944 5384 1036 5470 Lips.
1053 5386 1079 5466 ⁶)
1096 5389 1206 5450 mensis
1222 5388 1394 5449 Decembris
1410 5383 1472 5448 Ec.
1491 5383 1585 5468 Lipa.

30 5485 56 5570 ⁷)
80 5495 189 5552 essent
209 5485 273 5550 Ed
297 5485 390 5572 Lipe.
