4052 6286
113 528 187 632 (A.
206 531 252 608 D.
272 531 399 630 1467.)
633 556 746 610 umus
771 555 1017 610 nuonneurus
1044 538 1160 630 (1111).
1594 534 1670 609 483

110 739 206 834 orgii
234 740 525 814 Posadnsbracnhi
554 741 729 814 exercitus
757 741 914 816 advenit:
945 762 1048 833 quem
1076 739 1388 816 Wretislavieuses
1414 739 1515 815 facile
1543 746 1661 834 (supe-

112 860 228 934 riores
255 860 348 934 enim
375 866 412 934 et
437 862 559 934 roboro
586 866 621 935 st
647 882 791 935 numero
818 865 932 946 erant)
961 861 991 934 si
1019 863 1202 936 decernere
1224 883 1294 935 non
1318 866 1559 950 cunctessent,
1588 883 1668 935 oon·

114 980 296 1056 dixissent
315 982 359 1070 ¹);
388 1003 509 1055 verum
536 987 679 1074 propter
709 982 832 1056 literas
865 973 1108 1056 indemnitatis
1140 983 1325 1075 confligere
1358 982 1531 1071 cunctati,
1560 981 1672 1054 erevit

113 1101 273 1176 hostium
301 1102 418 1175 robur.
457 1101 547 1174 Nam
581 1108 615 1176 et
638 1103 851 1176 Wilhelmus
888 1102 1112 1192 Misenensis,
1146 1107 1181 1178 et
1214 1103 1426 1196 Thuringiae
1462 1104 1544 1175 Dux
1572 1101 1670 1174 mille

113 1223 270 1315 equites,
303 1222 472 1297 hibertus
498 1243 580 1296 sero
609 1223 933 1316 Brandeburgensis
962 1223 1115 1298 Marehio
1144 1224 1353 1318 quingentos
1382 1229 1546 1316 (uterque
1575 1211 1668 1295 eninr

114 1349 264 1435 propter
292 1344 517 1432 affinitatem,
546 1365 631 1435 qna,
661 1345 803 1418 Summo
822 1344 992 1417 Pontifice
1011 1365 1072 1436 per
1090 1344 1213 1418 literas
1232 1351 1267 1416 et
1288 1343 1432 1416 nuntios
1451 1343 1669 1435 prohibente,

111 1463 209 1536 filias
228 1462 387 1552 coronel)
416 1464 500 1537 liliis
518 1463 693 1537 Irnihouis
713 1463 1018 1538 matrimonialiter
1044 1464 1315 1553 coniunxerant,
1345 1467 1575 1553 contractam)
1603 1482 1665 1555 pro

114 1583 256 1657 solatiis
272 1582 303 1672 3)
337 1585 594 1658 transmiserat:
628 1590 770 1676 propter
798 1585 890 1676 quod
918 1584 1231 1658 Wratislavienses
1259 1585 1444 1678 confligere
1477 1605 1546 1656 non
1577 1584 1668 1672 ausi,

112 1725 225 1797 prope
252 1705 380 1778 iustam
409 1705 625 1779 obsidionem
653 1706 745 1797 apud
773 1706 996 1779 Franhsthen
1023 1705 1236 1793 tolerabant,
1265 1705 1309 1776 ad
1337 1727 1441 1797 quem
1465 1705 1667 1778 solvendam

112 1825 423 1900 Wratisleviensis
446 1825 573 1898 civitas
592 1847 721 1898 novum
740 1827 967 1918 comparabat
982 1825 1186 1900 exercitum.
1208 1824 1338 1899 Verum
1357 1825 1422 1899 sub
1441 1825 1565 1899 iisdem
1582 1831 1667 1898 tem·

112 1946 260 2038 poribus
294 1946 420 2020 seditio
448 1947 655 2020 subnectis
687 1946 816 2035 medio,
855 1945 1078 2038 quindecima
1106 1945 1203 2020 Iunii
1218 1946 1262 2035 ⁴),
1291 1946 1385 2020 inter
1412 1946 1546 2020 milites
1567 1946 1667 2020 Wra-

112 2066 342 2140 tislavienses
370 2067 462 2159 apud
480 2067 705 2140 Franhsthen
725 2067 940 2140 ferocissima
959 2071 1076 2140 coorta
1094 2075 1163 2141 est:
1195 2089 1263 2160 qua
1281 2068 1400 2141 hostes
1420 2066 1583 2154 excitati,
1608 2088 1667 2159 op·

111 2186 238 2279 pidum
264 2208 327 2280 per
355 2189 468 2262 scalas
496 2193 531 2261 et
558 2208 676 2260 muros
704 2188 956 2280 irrumpentes,
990 2188 1027 2260 in
1055 2187 1176 2262 obvios
1209 2208 1366 2280 quosque
1397 2187 1665 2275 dementantur,

111 2311 156 2380 et
181 2307 349 2381 evadente
376 2307 471 2380 omni
498 2309 568 2382 loro
594 2307 882 2382 Wratislaviensi
910 2307 1088 2401 equitatu,
1117 2307 1254 2402 pedites
1274 2327 1408 2396 omnes,
1437 2306 1499 2401 qui
1518 2313 1668 2400 quatuor

112 2427 233 2502 millia
259 2434 493 2521 pugnatorum
520 2428 710 2517 faciebant,
739 2449 801 2522 per
819 2430 992 2502 Bohemos
1011 2428 1120 2518 caesi,
1149 2433 1211 2502 eut
1239 2428 1349 2521 capti,
1378 2433 1413 2501 ot
1432 2434 1504 2501 tam
1523 2427 1668 2502 civitate

112 2571 223 2642 qnam
251 2568 344 2638 arce,
374 2553 409 2622 et
435 2549 597 2622 omnibus
626 2549 767 2642 spoliis,
795 2556 831 2624 ot
857 2548 1064 2642 praesertim
1092 2549 1313 2641 sexingentis
1341 2548 1512 2622 machinis
1532 2553 1568 2622 et
1586 2547 1665 2642 ope.-

110 2669 231 2757 ribus,
261 2689 408 2761 quorum
435 2691 505 2742 una
532 2669 680 2743 caeteris
707 2671 924 2762 praestabat,
953 2669 1100 2744 Bohemi
1127 2668 1232 2764 potiti
1249 2668 1292 2759 ⁵).

109 3026 262 3098 sumnus
283 3024 434 3098 l’ontllox
456 3024 571 3098 tantm
601 3024 763 3100 socundus
792 3042 905 3115 pacem
934 3027 1124 3116 perpetuom
1154 3023 1408 3098 intertolonos
1432 3025 1666 3100 attractiones
1779 3024 1788 3035 ‘

193 3146 380 3220 condrusto
403 3145 543 3218 distulit.
567 3145 757 3220 decentius
779 3145 961 3236 hrottaum
982 3145 1017 3217 in
1041 3145 1225 3237 episcopan
1249 3145 1448 3218 balneum
1470 3145 1587 3219 honae

784 3269 1004 3340 consecratur.
1576 3293 1580 3300 ·

221 3513 345 3588 Stante
372 3519 488 3588 autem
517 3514 697 3588 Kenimiro
722 3515 817 3608 Rege
832 3515 863 3602 θ)
891 3515 928 3587 iu
946 3513 1232 3607 Nyepolomicae,
1261 3515 1350 3608 regii
1370 3514 1425 3587 sui
1443 3516 1561 3588 nuntii
1580 3515 1665 3588 Vin·

110 3635 253 3712 centius
285 3636 483 3728 erlbassa
510 3639 545 3709 et
572 3635 747 3709 Iohannes
779 3635 960 3729 Ostrorog,
998 3636 1098 3708 nulla
1130 3656 1183 3722 re,
1218 3657 1280 3728 pro
1313 3657 1382 3728 qua
1414 3632 1664 3729 fatigabantur,

110 3758 235 3831 votive
264 3755 450 3848 disposito,
479 3754 674 3828 redierunt:
704 3756 868 3829 Summus
897 3756 989 3829 enim
1016 3755 1183 3830 Pontifex
1210 3758 1344 3829 Paulus
1368 3755 1557 3845 secundus,
1587 3778 1663 3828 sus·

109 3878 263 3972 pensiva
293 3875 518 3968 responsione
550 3881 668 3964 utens,
703 3881 737 3950 et
764 3877 861 3968 pacis
893 3876 1126 3949 Pruthenicao
1158 3876 1471 3964 confirmationem,
1504 3897 1566 3968 pro
1595 3898 1664 3969 qua

109 3999 316 4093 petebatur,
346 4002 381 4069 et
408 3995 638 4069 Censurarum
666 4002 787 4069 contra
814 3996 986 4068 militares
1014 4001 1050 4068 et
1076 3996 1171 4070 cives
1199 3996 1364 4069 Prassiae
1398 3997 1549 4068 letarum
1578 3995 1659 4070 sub-

110 4119 299 4205 lationem,
319 4117 356 4190 in
376 4137 479 4208 quam
497 4116 527 4201 7)
556 4115 646 4188 Ordo
669 4115 901 4189 Ornoilenicus
921 4123 1158 4202 consenserat,
1189 4117 1375 4208 Rudolpho
1405 4115 1567 4208 episcopo
1595 4117 1661 4190 La·

109 4238 261 4313 vantino
293 4259 329 4310 se
357 4213 623 4309 commissatum
654 4237 896 4328 respondebat.
934 4238 1120 4309 Promotus
1147 4241 1265 4310 tannen
1293 4236 1361 4308 fuit
1379 4238 1558 4328 praelatus
1576 4236 1662 4310 Vin-

110 4359 254 4435 centius
281 4357 496 4450 Kyelbassa,
529 4357 610 4429 dnm
638 4358 769 4430 Romae
792 4363 926 4450 ageret,
960 4357 1016 4432 die
1043 4357 1222 4445 Mercurii,
1252 4363 1375 4430 octava
1402 4357 1538 4448 Aprilis
1553 4357 1597 4446 8),
1627 4359 1664 4430 in

109 4480 316 4572 episcopum
344 4477 563 4550 culmensem
591 4477 680 4549 olias
708 4478 983 4567 Thorunensem,
1013 4485 1048 4550 et
1067 4477 1215 4552 ecclesia
1234 4477 1430 4551 dulmensis
1450 4477 1492 4550 de
1510 4479 1665 4569 regulari

108 4602 154 4675 in
181 4599 294 4691 capite
322 4603 357 4670 et
384 4597 421 4669 iu
449 4597 613 4670 membris
632 4597 669 4669 in
689 4599 917 4686 saecularem,
947 4599 1048 4672 iuxta
1075 4599 1231 4691 capitula
1258 4598 1355 4690 pacis
1374 4603 1580 4690 perpetuae,
1601 4619 1664 4689 per

108 4722 248 4811 Papam
265 4719 453 4804 translata,
475 4717 710 4810 ecclesiaeque
730 4719 1018 4811 metropolitanae
1034 4719 1064 4808 9)
1094 4719 1289 4792 Gnosnensi
1308 4719 1454 4790 reddita.
1475 4720 1557 4808 Ipse
1577 4739 1659 4810 quo-

109 4861 184 4934 que
211 4837 416 4912 Vincentius
444 4838 641 4930 erlbassa
668 4838 705 4910 in
733 4839 933 4932 episcopum
961 4839 1216 4928 Chelmensem,
1250 4839 1381 4912 Romae
1409 4838 1447 4910 in
1469 4837 1662 4929 parochiali

109 4960 263 5036 ecclesia
282 4959 430 5031 Sanctae
448 4958 597 5048 Lusias,
613 4980 675 5050 per
693 4960 884 5033 Iohannem
904 4961 1107 5052 episcopum
1127 4959 1365 5046 Brixiensem,
1397 4958 1575 5030 Vicerium
1594 4957 1661 5031 Ur·

225 5251 246 5329 1)
269 5251 478 5328 profligassent
499 5248 561 5312 Ed.
590 5248 680 5333 Lipe.
705 5250 730 5326 ²)
755 5269 824 5310 suas
848 5247 910 5310 Ed.
934 5247 1024 5332 Lips.
1049 5248 1075 5322 ³)
1098 5250 1216 5310 auxiliis
1240 5245 1303 5310 Eol.
1325 5246 1418 5330 Lips.
1436 5245 1462 5326 ⁴)
1478 5248 1665 5324 quindecima

108 5358 163 5419 die
179 5355 289 5417 mensis
306 5355 384 5414 lunii
407 5350 470 5417 Ed.
495 5352 584 5436 Le'pe.
610 5352 635 5430 ὓ)
658 5353 743 5430 potiti
767 5358 843 5414 sunt.
867 5349 929 5414 Ed.
955 5350 1046 5434 Lipe.
1072 5349 1098 5430 6)
1122 5351 1205 5428 Rege
1227 5353 1369 5413 Poloniee
1392 5348 1453 5412 Ed.
1478 5349 1572 5433 Lips.
1591 5348 1616 5430 ⁷)
1633 5354 1663 5412 in

108 5479 204 5538 quam
225 5461 285 5520 iam
305 5454 369 5520 Ed.
392 5454 484 5542 Lipe.
509 5456 535 5536 Β)
557 5458 668 5518 mensis
689 5455 802 5533 Aprilis
817 5453 880 5518 Ed.
906 5452 995 5538 Lepi.
1021 5453 1048 5534 ο·)
1063 5448 1306 5532 metropolitanae
1320 5451 1408 5517 deest
1422 5453 1459 5517 ic
1479 5451 1555 5516 de.
1573 5445 1662 5516 Calc.
