4090 6290
347 559 421 632 686
855 587 969 645 amun
994 590 1240 648 nnonnornrus
1268 575 1382 666 (ιιιιι).
1618 575 1685 678 (Α.
1706 575 1754 653 D.
1774 575 1903 678 1479.)

349 773 485 866 quondo
517 773 719 850 huiusmodi
749 777 982 853 Posncniensi
1013 779 1232 873 episcopatu,
1267 785 1348 858 ante
1376 805 1485 858 annos
1513 785 1649 879 aliquot
1676 787 1904 862 asserebatur

345 897 571 972 concessisse.
599 899 665 972 Vir
690 901 849 994 gracilis,
877 901 988 994 nigris
1017 903 1145 992 oeulis,
1175 908 1311 976 statura
1338 905 1520 996 mediocri,
1550 907 1739 1001 crispatam
1765 910 1902 983 habens

345 1020 550 1110 caesariem,
583 1022 621 1095 in
653 1023 988 1116 consanguineorum
1020 1023 1272 1114 promotionem
1303 1025 1499 1116 proclivus,
1534 1029 1725 1121 epilepsiae
1754 1033 1791 1102 et
1819 1029 1903 1103 aliis

345 1142 625 1234 aegritudinibus
654 1143 843 1217 subiectus.
871 1144 937 1236 Qui
965 1144 1071 1217 misso
1100 1145 1144 1217 ad
1172 1145 1314 1218 Sintum
1332 1146 1464 1238 Papam
1484 1155 1646 1240 quartum
1665 1151 1818 1224 Nicolao
1838 1151 1900 1225 Se

344 1261 498 1336 bastiani
516 1264 687 1338 Canonioo
707 1264 955 1353 Posnaniensi,
985 1269 1020 1338 et
1047 1265 1144 1354 aliis,
1174 1266 1377 1340 electionem
1406 1289 1505 1340 suam
1532 1271 1588 1343 elie
1607 1270 1775 1344 vicesima
1795 1283 1902 1346 sexta

345 1384 476 1458 mensis
503 1385 589 1458 Maii
616 1387 812 1460 confirmari
840 1387 1009 1478 obtinuit,
1043 1410 1133 1464 anno
1162 1389 1280 1466 eodem
1307 1410 1370 1489 per
1397 1391 1562 1471 Iacobum
1595 1391 1903 1494 arehiepiscopum

347 1505 584 1586 Guesnenseru
612 1514 834 1586 consecratus
855 1509 893 1606 ¹).

248 1921 252 1941 .
345 1877 498 1969 flagleter
519 1875 667 1949 Prnssiae
691 1891 761 1949 eun
784 1873 913 1947 liioolao
935 1873 1066 1966 tunger
1089 1875 1305 1966 personaliter
1327 1875 1521 1952 tarinirun
1547 1872 1666 1969 legen
1687 1878 1844 1953 Poloniae
1866 1879 1903 1953 in

344 1998 519 2088 lpotrlrou
549 2001 686 2074 adeunt:
718 2003 753 2072 et
775 2002 851 2090 posi
873 2000 981 2072 nerim
1005 1999 1045 2072 de
1068 2016 1148 2090 pace
1170 2003 1352 2088 tractatus,
1382 2000 1536 2092 lagirter
1565 1999 1733 2091 promissis
1755 1999 1902 2074 lattiee

344 2121 442 2211 liegii
464 2121 644 2211 liuugerlae
667 2121 838 2211 deceptus,
861 2139 896 2192 re
918 2121 1042 2194 inlecta
1065 2121 1160 2209 eliit;
1188 2122 1336 2196 liieolaus
1358 2140 1436 2194 roro
1459 2122 1589 2212 Tungen
1612 2123 1842 2196 humiliatione
1866 2126 1903 2198 et

344 2242 525 2320 iuramento
540 2242 712 2319 fidelitatis
727 2242 806 2339 Regi
822 2241 925 2332 tacto,
947 2243 1191 2322 restitutionem
1206 2244 1240 2320 iu
1257 2245 1478 2340 episcopatum
1500 2243 1716 2320 leruienuen
1740 2245 1902 2319 obtinuit

450 2495 613 2570 Oratores
644 2493 733 2588 regii
749 2492 792 2584 2),
826 2494 987 2588 Raphael
1019 2493 1243 2568 Iuroslauslri
1275 2495 1484 2586 marseleus,
1517 2495 1653 2569 Paulus
1690 2495 1902 2589 Iasspenski

345 2617 680 2706 uicethesaurarius,
710 2621 744 2690 et
771 2615 930 2690 Andreas
958 2617 1073 2690 Rosnu
1099 2615 1338 2690 Lancieiensis
1357 2617 1601 2710 Praepositae,
1622 2618 1704 2691 dnm
1723 2616 1899 2691 Mathiam

345 2741 548 2835 Hungariae
580 2740 712 2833 Regem
744 2738 837 2829 apud
869 2737 1005 2810 Budam
1040 2737 1284 2829 offendissent,
1318 2739 1424 2813 uerba
1455 2739 1643 2834 legationis
1670 2739 1765 2832 apud
1794 2738 1901 2813 illum

346 2860 491 2936 iaciunt.
520 2861 711 2936 deserunt:
739 2879 809 2932 non
836 2858 1021 2934 conuenire
1049 2879 1112 2931 sno
1136 2859 1247 2933 statui
1266 2865 1301 2935 et
1319 2859 1527 2951 conditioni,
1555 2865 1597 2934 ut
1622 2861 1758 2936 bellum
1776 2865 1901 2935 eontra

346 2983 497 3057 amicum
524 2985 559 3057 et
585 2981 740 3055 uicinum
767 2981 916 3077 Regem,
944 3001 1007 3074 pro
1035 2979 1289 3056 Crucilerornm
1316 2981 1485 3076 Magistro
1509 2987 1545 3056 et
1563 2981 1704 3057 subdito
1723 2987 1761 3057 et
1778 2983 1899 3056 horna·

345 3103 432 3199 giuli
459 3103 583 3199 Regis,
614 3107 737 3197 cipro
765 3101 912 3177 Nicolao
931 3104 1076 3197 'lungen
1095 3102 1235 3193 rebelli,
1265 3109 1433 3177 assumat.
1461 3103 1659 3198 Expetunt:
1684 3107 1726 3177 ut
1745 3109 1898 3196 utroque

345 3225 499 3315 deserto,
527 3227 670 3299 uetusto
696 3225 773 3298 iura
796 3229 831 3300 et
850 3225 987 3299 foedera
1009 3225 1103 3300 inter
1121 3227 1243 3319 Regna
1258 3222 1289 3315 3)
1317 3225 1504 3299 custodiat.
1532 3225 1738 3317 Hungariae
1757 3227 1838 3301 Rex
1854 3228 1897 3315 ⁴),

344 3346 583 3440 respondendo
614 3346 800 3439 legationi,
834 3347 947 3419 multa
973 3347 1015 3420 de
1041 3369 1111 3419 non
1144 3345 1386 3420 observatione
1418 3352 1620 3440 treugarum
1635 3346 1679 3437 5),
1715 3353 1752 3420 et
1783 3347 1895 3420 riola-

344 3469 440 3542 tione
466 3469 611 3560 Tungen
643 3467 798 3557 Nicolai,
832 3473 867 3541 et
894 3467 970 3540 eius
1003 3469 1224 3560 episcopatus
1261 3467 1493 3558 Vermiensis,
1532 3474 1678 3561 questus
1707 3473 1774 3542 est.
1813 3469 1901 3541 Post

348 3590 480 3662 multos
512 3590 652 3663 tandem
685 3594 856 3662 tractatus
889 3588 925 3662 in
957 3610 994 3663 re
1026 3589 1105 3682 ipsa
1136 3589 1291 3679 habitos,
1331 3591 1533 3663 conclusum
1563 3595 1632 3680 est,
1669 3594 1712 3662 ut
1742 3611 1807 3682 pro
1844 3590 1900 3664 die

346 3711 572 3784 Pentecostes
605 3711 697 3803 apud
731 3710 903 3784 Siradiem
936 3714 1098 3785 teneatur
1128 3711 1302 3804 generalis
1335 3711 1465 3784 diaeta:
1495 3712 1538 3784 ed
1567 3732 1671 3803 quam
1699 3709 1899 3785 consiliarii
2042 3737 2043 3750 ι

345 3831 531 3924 utriusque
559 3831 672 3925 Regni
700 3831 925 3920 conueniant,
953 3831 1103 3905 iniurias
1126 3836 1161 3905 et
1180 3831 1341 3925 llagistri
1368 3832 1549 3922 Prnssiae‚
1579 3836 1614 3905 st
1642 3832 1785 3905 Nicolci
1804 3833 1897 3905 'lun-

345 3973 428 4047 gen,
463 3975 549 4045 quas
583 3973 690 4045 supra
720 3973 857 4040 uerum,
892 3973 1067 4044 supraque
1084 3952 1232 4026 ‚iustum
1262 3953 1470 4042 extollebat,
1504 3958 1566 4026 aut
1593 3951 1808 4042 discussuri,
1839 3958 1899 4026 ant

346 4073 468 4165 aequis
496 4073 755 4147 conditionibus
783 4073 992 4147 extincturi:
1022 4075 1065 4146 ad
1093 4096 1195 4167 qnam
1216 4078 1251 4147 et
1269 4075 1434 4148 Prnssiae
1461 4073 1644 4166 Magister,
1669 4078 1705 4148 et
1725 4074 1898 4148 Nicolans
2042 4171 2043 4192 ἰ

346 4195 506 4288 Tunger,
535 4198 721 4267 teneantur
738 4195 970 4286 personaliter
988 4196 1168 4285 aduenire,
1193 4195 1362 4268 iudicium
1381 4196 1550 4268 baronum
1569 4197 1809 4268 communium
1830 4197 1896 4269 Re·

345 4336 492 4409 gnornm
520 4315 689 4403 subituri,
718 4321 753 4387 et
771 4320 812 4388 ut
830 4316 971 4388 interim
994 4316 1212 4390 recederetur
1234 4316 1420 4408 utrobique
1439 4316 1481 4388 ab
1500 4317 1619 4388 armis.
1649 4317 1793 4389 Terruit
1811 4317 1896 4390 haec
2040 4349 2042 4352 ·

346 4436 499 4510 conditio
527 4437 692 4510 Prnssiae
710 4437 916 4529 Magistrum
936 4443 971 4510 et
990 4437 1175 4509 Nicolaum
1204 4437 1366 4530 Tungen,
1395 4442 1430 4510 et
1448 4436 1518 4509 nisi
1538 4437 1710 4510 militares
1729 4437 1896 4510 Prnssiae
2040 4469 2041 4472 ¹

345 4562 533 4649 utrumqne
564 4557 805 4650 impulissent,
838 4557 974 4631 diaetae
1010 4559 1119 4650 Regis
1155 4557 1403 4650 Hungariaell)
1439 4537 1643 4630 nullatenus
1680 4558 1894 4649 paruissent.

346 4678 526 4753 Venerunt
553 4679 693 4752 tandem
721 4679 821 4752 ambo
851 4678 1039 4765 streniam,
1069 4679 1134 4751 sub
1163 4679 1261 4750 selvo
1289 4684 1407 4752 temen'
1434 4679 1530 4770 regio
1554 4677 1746 4768 conductu,
1767 4701 1831 4771 pro
1850 4681 1894 4751 ie·
2040 4659 2042 4694 ³

348 4804 402 4872 sto
430 4800 673 4872 Pentecostes:
706 4798 767 4871 ubi
796 4799 902 4872 etiam
930 4799 1124 4873 consiliarii
1156 4799 1270 4892 Regni
1301 4799 1468 4874 Poloniae
1494 4799 1670 4892 plerique,
1705 4800 1805 4894 Rege
1832 4801 1894 4874 Po·

347 4919 464 4994 leniae
491 4919 671 4992 Kanimiro
700 4941 778 4992 eum
805 4919 886 4992 aliis
906 4920 998 5011 apud
1016 4920 1265 5012 Pyotrloouiam
1288 4920 1515 5009 consistente,
1544 4926 1793 4996 conuenerant.
1822 4923 1895 4996 Rex

345 5062 428 5116 uero
456 5041 658 5134 Hungariae
685 5038 853 5129 Mathias,
882 5041 964 5113 dnm
983 5063 1047 5115 nee
1065 5040 1141 5133 ipse
1160 5039 1312 5130 reniret,
1341 5041 1538 5115 valitudine
1557 5061 1594 5115 se
1613 5063 1806 5130 excusans,
1835 5063 1894 5116 nec

453 5334 476 5415 ¹)
499 5341 696 5396 consecratur.
727 5331 790 5396 Ed.
822 5331 912 5415 Lipe.
944 5333 970 5412 α)
995 5335 1084 5410 Regis
1113 5335 1254 5395 Poloniae
1277 5333 1412 5396 Casimiri
1435 5329 1498 5396 Ed.
1521 5329 1612 5415 Lipe.
1644 5331 1668 5412 8)
1693 5334 1775 5395 inter
1795 5336 1892 5411 Regno

345 5440 425 5501 lacta
446 5435 509 5500 Ed.
531 5434 621 5519 Lips.
653 5435 680 5517 ⁴)
709 5439 881 5514 Hungariae
909 5457 980 5497 vero
1010 5439 1073 5498 Rex
1095 5439 1223 5498 Mathias
1246 5434 1309 5500 Ed.
1336 5435 1426 5520 Lips.
1458 5435 1484 5516 ὁ)
1507 5437 1693 5498 induciarum
1716 5435 1783 5500 Ed.
1807 5436 1890 5520 Le'pe.

347 5539 374 5622 ο)
398 5542 528 5603 Mathiae
550 5542 720 5618 Hungariae
741 5543 832 5618 Regis
854 5538 919 5603 Ed.
943 5538 1033 5624 Lipe.
