4052 6286
366 564 442 642 boo
873 581 988 636 nrsnn
1013 579 1260 635 nuonncnrns
1286 561 1401 651 (nin).
1596 652 1599 657 Ι
1635 558 1704 658 (Α.
1724 557 1771 634 D.
1791 555 1919 656 lddss.)

414 887 596 960 Iarinirur
617 885 688 958 llex
711 901 783 958 orn
805 886 958 958 consorte
980 901 1042 956 sua
1063 883 1232 956 Elisabeth
1255 901 1298 955 ex
1321 883 1494 956 llthrrnia
1516 883 1701 956 maronam
1724 882 1875 956 advenit.

471 1135 650 1228 Linquens
669 1117 874 1208 Karimirus
892 1131 1061 1207 Poloniae
1079 1135 1158 1207 Rex
1177 1132 1426 1240 Lithulanicam
1445 1153 1557 1222 oram,
1582 1133 1619 1205 in
1638 1133 1804 1226 Regnum
1824 1153 1925 1204 sunm

367 1257 536 1332 Polonice
566 1255 843 1350 regrediebatur,
878 1259 912 1329 et
940 1255 977 1328 in
1010 1255 1266 1329 Sardemiriam
1298 1255 1439 1347 quidem
1472 1274 1534 1346 pro
1566 1253 1753 1328 Dominica
1788 1253 1925 1341 Iudice,

370 1399 459 1471 quae
486 1378 554 1451 luit
581 1377 656 1452 dies
684 1376 795 1464 Solis,
824 1376 931 1450 tortia
958 1376 1090 1450 mensis
1113 1375 1266 1468 Aprilis,
1294 1375 1518 1468 perveniens,
1547 1374 1685 1467 aliquot
1703 1374 1834 1448 diebus
1853 1373 1928 1446 illic

371 1498 548 1588 substitit,
577 1501 612 1571 et
639 1519 718 1571 cum
745 1496 958 1570 consiliariis
992 1497 1083 1586 suis,
1118 1497 1180 1590 qui
1210 1496 1287 1570 illic
1314 1497 1359 1570 ad
1386 1517 1485 1568 snam
1517 1495 1768 1570 excellentiam
1796 1495 1928 1568 cendu-

371 1624 512 1706 xerant,
540 1618 703 1712 pluribus
729 1618 834 1692 rebus
861 1617 1015 1712 publicis
1042 1617 1302 1710 expeditionem
1328 1617 1445 1690 dabat.
1475 1616 1662 1691 Divertens
1689 1616 1865 1708 posthaec
1887 1637 1931 1689 ex

372 1741 608 1830 Sandomiria,
636 1739 825 1814 itineribus
844 1738 977 1828 solitis,
1007 1738 1189 1812 Dominice
1217 1737 1537 1831 Ramispalmarnm
1562 1737 1657 1830 apud
1674 1737 1818 1811 Noram
1837 1735 1929 1810 Giri-

371 1866 482 1936 tatom
509 1860 664 1935 Korczin
692 1865 832 1950 exacto,
861 1859 949 1934 feria
976 1863 1102 1952 quarta
1129 1864 1210 1933 ante
1236 1859 1468 1948 Pascham1),
1497 1879 1586 1950 quae
1609 1859 1679 1931 luit
1697 1858 1776 1931 dies
1795 1857 1930 1931 Mercu-

372 1983 435 2072 rii,
463 1981 653 2056 tredecima
680 1980 817 2074 Aprilis
831 1979 876 2071 2),
906 1980 1107 2054 Oraooriam
1135 1972 1214 2053 'anm
1241 1985 1400 2054 consorte
1425 2001 1489 2052 sna
1506 1979 1692 2052 Elisabeth
1711 1978 1856 2072 Regius
1873 1978 1932 2050 ad-

374 2103 488 2194 venit,
518 2108 553 2176 ot
578 2103 684 2177 rebus
711 2101 951 2175 tantummode
980 2100 1196 2176 salutaribus
1229 2102 1356 2192 (altera
1383 2099 1476 2173 enirn
1503 2099 1559 2174 die
1586 2099 1773 2173 duodecIm
1800 2119 1933 2191 paupe·

376 2247 473 2314 rum,
508 2244 595 2316 quos
627 2244 717 2296 noro
749 2223 880 2297 amictu
911 2222 1089 2312 induerat,
1127 2223 1233 2314 pedes
1259 2221 1366 2310 lavit,
1403 2222 1515 2294 altera
1546 2219 1726 2293 Viatioum
1763 2218 1936 2312 sumpsit)

375 2365 499 2420 vacam
526 2345 656 2438 coepit,
686 2349 721 2419 et
748 2345 824 2419 dies
851 2344 1008 2417 Paschae
1035 2343 1073 2416 in
1100 2364 1179 2418 arce
1206 2342 1426 2418 cracoviensi
1454 2341 1648 2416 solenniter
1674 2340 1762 2436 egit.

375 2699 564 2773 mamarius
586 2699 848 2772 blonnuerenris
871 2699 1042 2790 opiscopus
1065 2698 1226 2770 llarlnire
1248 2697 1398 2771 lelonlaa
1413 2698 1507 2787 liegi,
1531 2700 1567 2769 et
1581 2697 1736 2770 lathian
1752 2699 1938 2788 lluganm

377 2821 496 2912 llcgcm
518 2824 633 2895 cerba
655 2821 823 2912 Georgium
845 2821 887 2892 da
908 2821 1149 2892 rorzrrobmtn
1171 2820 1333 2892 halestam
1355 2819 1474 2892 habere
1490 2819 1670 2892 exereitum
1685 2823 1818 2906 ramat,
1845 2823 1882 2891 at
1896 2820 1938 2892 sl

486 2943 650 3015 intutam
672 2959 743 3015 ern
766 2943 888 3015 lathia
909 2942 997 3032 haga
1021 2944 1056 3014 et
1077 2941 1235 3014 Interius
1256 2941 1453 3032 Imperatore
1475 2941 1672 3031 iungendam
1694 2941 1831 3014 sumet.

484 3190 549 3264 Die
578 3189 702 3264 Martis
730 3193 853 3265 octaua
867 3187 899 3282 ³)
926 3189 1062 3284 Aprilis
1077 3191 1121 3282 ⁴),
1149 3189 1357 3265 Prothasius
1386 3189 1671 3265 Olemuncrensis
1691 3188 1939 3282 episcopusin

382 3311 583 3386 Gracoriam
601 3310 756 3386 advenit.
787 3311 855 3404 Qui
881 3311 938 3387 die
965 3310 1086 3401 tertia,
1107 3311 1288 3385 audientia
1310 3312 1469 3400 obtenta,
1497 3310 1637 3405 privato
1660 3309 1776 3384 officio
1802 3311 1849 3382 ad
1867 3310 1938 3382 Ka

383 3431 545 3506 nimirum
573 3432 705 3526 Regem
720 3431 751 3522 5)
780 3453 817 3506 se
844 3431 984 3507 venisse
1010 3431 1178 3525 primurn,
1207 3437 1243 3506 et
1269 3453 1290 3505 a
1313 3432 1448 3505 Mathia
1465 3431 1669 3526 Hungariae
1689 3432 1789 3525 Rege
1808 3452 1855 3506 ex
1873 3431 1939 3504 Po-

383 3553 481 3627 sonio
500 3573 680 3646 egressum
699 3573 791 3643 esso,
826 3574 1114 3642 commemorem,
1149 3553 1345 3646 praelatum
1376 3553 1546 3626 linthium
1573 3553 1780 3646 Hungariae
1807 3553 1940 3646 Regem

382 3673 466 3748 fidei
486 3693 635 3748 ⁴cansam
661 3694 724 3766 pro
752 3673 943 3748 GathoIIcis
975 3673 1141 3748 Behemis
1174 3677 1295 3747 contra
1326 3674 1514 3766 Georgium
1545 3674 1587 3747 de
1614 3673 1882 3747 Posadnobrath
1908 3679 1940 3748 et

384 3794 455 3868 sibi
481 3795 709 3869 adhaerentes
736 3795 948 3884 haereticos,
976 3794 1141 3869 mandato
1169 3795 1308 3888 quidem
1335 3775 1544 3889 apostolico,
1579 3816 1644 3867 sua
1670 3815 1755 3869 rere
1784 3795 1938 3867 admoni-

384 3914 481 3988 tione
509 3919 544 3988 et
569 3915 812 4007 persuasione,
845 3915 1045 4006 inductum,
1079 3916 1292 4008 suscepisse,
1326 3921 1362 3991 et
1389 3916 1536 4008 speciali
1568 3937 1606 3990 se
1632 3915 1756 4005 litera,
1790 3917 1940 4008 quaml)

387 4035 607 4130 originaliter
632 4037 863 4129 producebat,
891 4037 929 4110 in
955 4037 1088 4111 bellurn
1115 4035 1317 4110 huiusmodi
1344 4037 1544 4128 devovisse,
1573 4042 1608 4110 ot
1635 4037 1706 4110 iam
1729 4057 1814 4110 cnm
1834 4037 1940 4130 copiis

386 4155 601 4250 insignibus,
631 4178 675 4230 ex
703 4157 820 4250 equite
848 4163 883 4232 et
910 4157 1028 4250 pedite
1055 4158 1230 4247 collectis,
1249 4157 1412 4231 inarmis
1431 4178 1518 4232 esse.
1548 4160 1741 4231 Turdorum
1761 4158 1940 4232 Gaesarem

387 4276 531 4351 nuntios
559 4278 603 4351 ad
629 4277 733 4352 illum
760 4299 839 4353 curn
866 4278 968 4352 donis
995 4277 1225 4370 amplissimis
1248 4299 1360 4372 usqne
1378 4278 1523 4373 Agrium
1547 4279 1705 4367 misisse,
1734 4285 1773 4353 et
1799 4279 1939 4352 nuntios

387 4399 581 4472 reuersales
609 4398 812 4493 Hungariae
839 4401 988 4494 Regem,
1018 4420 1164 4491 quornm
1191 4400 1367 4473 Iohannes
1395 4400 1523 4474 illelmo
1548 4400 1715 4492 princeps
1744 4405 1839 4489 erat,
1868 4421 1940 4473 ann

389 4519 703 4593 vicissitudinariis
735 4519 852 4610 donis,
886 4521 931 4594 ad
962 4519 1214 4594 conficiendum
1245 4520 1454 4595 triennalem
1488 4527 1663 4615 treugam,
1698 4522 1814 4595 lurco
1843 4521 1937 4596 remi·

391 4639 491 4713 sisse.
524 4638 742 4713 Fridsricum
774 4640 899 4716 deinde
926 4643 1161 4716 Romanorum
1189 4643 1455 4734 Imperatorem,
1496 4643 1713 4736 singularem
1749 4642 1938 4716 exercitum

390 4764 512 4833 contra
539 4759 762 4835 Girnilronem
780 4761 1014 4852 instaurasse,
1044 4762 1171 4837 solatia
1186 4764 1217 4854 7)
1245 4763 1447 4857 Hungariae
1464 4764 1555 4857 Regi
1572 4763 1846 4856 praestiturum.
1873 4764 1937 4836 lla-

390 4901 495 4974 gnam
523 4880 646 4955 deinde
673 4879 937 4958 multitudinem
963 4905 1007 4959 ex
1035 4883 1143 4958 variis
1169 4883 1372 4976 regionibus
1400 4884 1560 4974 (trucem,
1589 4904 1679 4976 quac
1697 4889 1824 4958 conha
1843 4884 1936 4959 Geor-

501 5191 524 5268 ¹)
547 5197 616 5255 enta
639 5193 746 5256 festum
768 5193 902 5256 Paschae
923 5187 988 5256 Ed.
1012 5190 1103 5277 Lipa.
1128 5192 1156 5272 ς)
1178 5196 1289 5258 mensis
1311 5195 1423 5273 Aprilis
1445 5193 1509 5260 Ed.
1532 5192 1624 5280 Dipo.
1649 5193 1674 5277 ⁸)
1698 5197 1757 5258 Die
1778 5196 1883 5258 lIsrtis
1896 5215 1936 5258 oc

392 5295 591 5360 avaricia
614 5291 691 5360 dod.
717 5292 806 5360 Cale.
829 5305 859 5360 et
880 5295 945 5359 Ed.
969 5295 1060 5380 Lipa.
1091 5298 1203 5382 utiquc
1232 5317 1378 5379 erronee;
1407 5301 1465 5361 Die
1491 5301 1596 5362 Ilcrtis
1625 5301 1698 5361 XIII
1727 5300 1841 5378 Aprilis
1868 5295 1937 5362 oud

394 5398 625 5464 Peucetiam
646 5398 736 5464 baad
758 5409 848 5464 reete.
882 5398 908 5481 ⁴)
930 5402 1040 5463 mensis
1061 5402 1174 5479 Aprilis
1197 5390 1261 5464 Ed.
1286 5400 1379 5486 [ripa.
1411 5401 1438 5484 ὅ)
1460 5405 1602 5466 Poloniaa
1631 5403 1748 5482 Regem
1769 5400 1834 5466 Ed.
1855 5401 1938 5487 Lipa.

398 5499 427 5587 ⁸)
451 5509 481 5566 et
503 5504 681 5582 specialibus
704 5523 737 5567 se
758 5506 866 5585 liberis,
890 5521 964 5582 quas
985 5502 1049 5568 Ed.
1080 5503 1171 5589 Lipc.
1196 5503 1221 5584 7)
1244 5507 1355 5568 auxilia
1376 5503 1440 5570 Ed.
1463 5504 1552 5592 Lipa.
