4126 6280
423 533 500 604 230
933 552 1045 604 nunna
1072 553 1316 604 oecumenius
1344 536 1458 622 (xrrr).
1694 529 1760 629 (Α.
1780 530 1826 604 D.
1848 529 1970 630 1450.)

423 760 561 831 quoque
588 737 761 828 capitanei
790 743 825 810 et
853 737 1020 810 tenutarii
1053 743 1248 810 castrorum
1280 737 1462 826 Prassiae,
1496 739 1694 814 deserturos
1727 759 1764 810 ee
1797 742 1914 812 castra
1939 749 1971 812 et

422 860 578 932 abituros
607 859 702 946 inde,
724 858 760 930 ai
779 858 934 949 provisio
954 859 1165 950 tempestiva
1184 859 1259 931 illis
1278 860 1392 947 fieret,
1414 859 1684 946 denuntiabant3
1714 859 1870 932 omnium
1889 883 1968 951 quo·

423 1001 490 1072 que
518 1002 587 1051 una
615 986 690 1051 erat
717 979 882 1068 intentio,
913 979 1015 1051 factis
1043 979 1080 1051 in
1109 980 1229 1071 Regno
1258 980 1425 1053 Poloniae
1444 981 1545 1052 novis
1565 979 1767 1071 praesidiis,
1798 981 1930 1072 Regem
1949 982 1971 1068 ¹)

422 1100 621 1172 vastatione
649 1106 684 1172 et
712 1099 988 1173 concrematione
1016 1099 1130 1192 Regni
1158 1101 1201 1172 ad
1229 1101 1438 1173 solutionem
1471 1102 1718 1193 impulsurum.
1753 1101 1971 1174 Accedebant

422 1221 607 1295 civitatum
634 1221 801 1293 Prussiae
828 1222 924 1293 fluxa
953 1221 1158 1313 fragilisque
1186 1221 1288 1309 fides,
1323 1244 1469 1314 quarum
1498 1222 1637 1314 aliquae
1671 1221 1895 1294 evidentibus
1923 1245 1971 1294 ar·

422 1343 615 1435 gementis,
654 1364 693 1416 eo
726 1343 818 1434 quod
851 1363 913 1434 per
940 1342 1099 1434 proprios
1128 1342 1376 1434 stipendiarios
1404 1343 1594 1435 exquisitis
1625 1343 1891 1436 gravaminibus
1919 1365 1971 1416 ve-

424 1464 614 1552 xabantur,
644 1463 743 1536 etin
772 1463 915 1537 Gdansk
948 1462 1171 1554 stipendiarii
1207 1463 1310 1554 regii,
1345 1465 1387 1536 ob
1415 1465 1610 1556 neglectam
1638 1463 1868 1550 solutionem,
1897 1465 1971 1536 sub-

424 1583 526 1656 urbia
555 1589 776 1670 exusserant,
807 1589 842 1656 et
869 1584 913 1656 ad
941 1583 1148 1656 seditionem
1177 1589 1211 1656 et
1230 1583 1273 1655 ad
1292 1584 1519 1658 rebellionem
1548 1585 1769 1675 spectabant,
1800 1585 1972 1675 expleturi

425 1705 541 1792 illam,
571 1705 601 1776 si
629 1725 698 1796 pax
727 1706 892 1776 conclusa
919 1728 988 1776 non
1015 1705 1227 1796 procederet.
1258 1705 1348 1776 llum
1376 1705 1496 1797 itaque
1523 1707 1588 1779 hae
1616 1705 1847 1780 difficultates
1868 1705 1973 1777 oculis

427 1824 581 1898 omnium
611 1826 879 1898 obversarentur
894 1825 937 1915 ²),
968 1831 1002 1899 et
1030 1848 1165 1899 moeror
1196 1831 1339 1918 pectora
1372 1825 1608 1919 singulorum,
1642 1826 1743 1917 quasi
1775 1826 1847 1898 iam
1875 1827 1918 1898 de
1942 1848 1974 1898 rs

424 1946 566 2038 publica
594 1951 711 2019 actum
739 1952 847 2035 esset,
877 1947 1115 2039 perfunderet,
1146 1969 1256 2040 neque
1280 1947 1317 2020 in
1336 1947 1575 2039 providentia,
1606 1948 1874 2038 factivitateque
1901 1969 1971 2038 pro·

425 2067 495 2159 prii
524 2067 631 2160 Regis
659 2077 694 2140 et
722 2068 898 2160 Principis
930 2068 1065 2160 aliquid
1099 2069 1173 2160 spei
1205 2068 1367 2142 relictum
1396 2069 1570 2156 viderent,
1605 2068 1705 2142 cuius
1733 2067 1842 2140 etiam
1870 2066 1972 2160 negli-

425 2188 545 2280 gentia
572 2195 607 2261 et
636 2193 774 2280 torpore
800 2189 954 2280 plurima
981 2189 1194 2262 labefactata
1221 2211 1290 2261 non
1314 2189 1538 2262 dubitabant:
1566 2189 1749 2280 pontifices
1774 2188 1974 2280 opportuni·

427 2315 536 2382 tatem
564 2309 730 2402 loquendi
749 2310 859 2397 nacti,
880 2310 1049 2383 accidisse
1069 2311 1268 2402 praesentia
1287 2317 1321 2383 et
1341 2310 1521 2402 superiora
1540 2311 1633 2382 mala
1650 2315 1795 2401 propter
1812 2309 1974 2399 iniquita-

427 2435 480 2503 tes
501 2435 537 2502 et
556 2431 703 2518 scelera,
733 2437 768 2502 ot
796 2431 977 2524 signanter
1000 2437 1142 2523 propter
1166 2431 1350 2504 avaritiam
1375 2437 1410 2506 et
1434 2431 1648 2522 superbiam,
1669 2429 1975 2522 oppresionemque

427 2573 635 2643 pauperum,
670 2552 911 2625 efficacissime
943 2553 1176 2642 deducebant,
1214 2557 1248 2626 et
1281 2553 1363 2625 dum
1392 2552 1428 2624 iu
1457 2552 1631 2625 mandatis
1663 2551 1875 2643 legibusque
1908 2549 1975 2622 suis
2050 2567 2051 2632 ξ

427 2671 663 2745 contemnitur
690 2674 802 2761 Deus,
831 2673 1030 2766 prosperari
1057 2674 1213 2746 hostium
1241 2696 1352 2762 arma,
1385 2695 1441 2746 res
1470 2694 1607 2764 quoque
1635 2671 1822 2746 Polonices
1853 2670 1977 2744 sensim
2049 2655 2051 2746 l

428 2793 594 2880 defluere,
625 2793 871 2882 ostendebant,
906 2795 1185 2886 suadebantque,
1219 2793 1432 2868 abiiciendas
1463 2793 1781 2886 praevaricationes
1810 2791 1975 2885 singulas,
2050 2785 2051 2800 ¹

430 2918 465 2986 et
493 2913 530 2985 in
557 2913 760 2987 humilitate
792 2915 1001 3006 placendum
1034 2916 1163 3002 Deum,
1197 2919 1232 2988 et
1259 2915 1393 3007 priores
1426 2913 1614 2988 felicitates
1643 2913 1809 2988 correctis
1839 2919 1875 2986 et
1902 2933 1974 2986 con·

426 3033 524 3106 tritis
552 3033 695 3108 indubie
722 3036 983 3108 restituturum.
1012 3037 1058 3108 Et
1086 3035 1251 3128 quoniam
1278 3036 1427 3108 Thomas
1447 3035 1688 3108 cracoviensis
1709 3035 1915 3126 episcopus,
1942 3039 1977 3106 ut

428 3154 484 3226 vir
511 3176 656 3247 magnae
684 3156 890 3247 prudentiae
922 3163 956 3230 et
988 3157 1209 3245 literaturae,
1245 3157 1504 3249 scrupulosius,
1538 3157 1773 3248 diffusiusque
1801 3155 1977 3228 materiam
2049 3153 2051 3262 l

432 3276 544 3367 ipsam
572 3282 807 3368 pertractans,
837 3277 1108 3370 acceptationem
1128 3278 1278 3370 primum
1298 3277 1503 3367 Bohemiae,
1531 3277 1656 3351 deinde
1683 3276 1890 3370 Hungariue
1915 3277 1976 3349 Re-
2049 3265 2051 3338 l

428 3417 593 3490 gnorum,
623 3399 815 3471 contrarios
843 3398 1002 3488 effectus,
1037 3419 1115 3471 cum
1147 3399 1378 3473 exhaustione
1410 3399 1544 3491 publici
1572 3403 1607 3472 et
1634 3397 1765 3489 privati
1794 3397 1922 3470 aerarii
1947 3407 1976 3470 st
2049 3403 2051 3450 l

428 3517 575 3591 interitu
603 3520 793 3592 multarum
820 3519 1013 3612 insignium
1040 3540 1268 3611 personarum
1286 3521 1488 3612 pervenisse
1504 3518 1547 3609 ³),
1577 3519 1645 3592 sibi
1666 3539 1805 3610 quoque
1825 3523 1975 3609 accepta·

429 3639 559 3713 tionem
587 3644 758 3713 terrarum
787 3640 952 3713 Prussiae
980 3661 1157 3732 nunquam
1185 3641 1377 3732 placuisse,
1408 3639 1578 3728 veritum,
1603 3661 1646 3713 ne
1665 3641 1701 3712 in
1721 3639 1863 3712 irritum
1883 3661 1975 3712 cona·

430 3765 488 3832 tus
517 3766 551 3832 et
578 3759 737 3852 impensa
764 3762 937 3849 recidant,
967 3760 1149 3834 disseruit:
1179 3763 1370 3834 multorum
1397 3763 1559 3854 perculsa
1587 3765 1686 3833 erant
1714 3760 1835 3847 corda,
1856 3761 1974 3856 dolon·
2049 3747 2051 3820 l

429 3881 535 3969 tium,
573 3881 743 3954 iniustum
770 3883 904 3954 bellum
940 3883 1110 3955 hactenus
1145 3883 1308 3975 gessisse.
1347 3882 1515 3974 Magister
1551 3903 1633 3954 vero
1671 3881 1909 3973 Sandivogius
1938 3881 1974 3952 de
2049 3823 2051 3920 1

429 4002 591 4090 Gzechel,
629 4003 811 4076 Professor
846 4002 1072 4095 Theologiae,
1109 4002 1568 4091 Canonicusdnesnensis,
1610 4023 1735 4095 genere
1772 4002 1905 4075 nobilis
1940 4001 1974 4072 de
2049 4061 2051 4068 Α

430 4123 541 4215 stirpe
574 4128 609 4195 et
641 4123 777 4196 familia
809 4124 944 4212 Korab,
980 4123 1034 4196 vir
1065 4123 1248 4196 literarum
1279 4125 1509 4196 humanarum
1538 4145 1577 4196 ao
1606 4124 1806 4196 divinarum
1834 4123 1973 4216 peritus,

429 4249 465 4318 et
492 4243 682 4317 modestiae
710 4251 814 4336 atque
842 4244 1023 4337 religionis
1052 4244 1261 4338 singularis,
1282 4245 1413 4337 Regem
1434 4251 1468 4318 et
1488 4246 1658 4336 pupulum
1677 4244 1905 4331 Poloniuum,
1929 4244 1973 4315 iu·
2050 4289 2051 4296 κ

430 4364 626 4437 stissimum
653 4365 785 4438 bellum
814 4365 1000 4438 cruciferis
1029 4365 1194 4438 intulisse
1223 4370 1257 4438 et
1284 4365 1412 4438 inferre
1440 4365 1648 4454 deducebat,
1683 4387 1867 4438 asserens:
1900 4366 1972 4438 Oru-

430 4485 554 4558 ciferos
582 4491 753 4559 terrarum
780 4487 945 4560 Pvussiae
973 4509 1151 4579 nunquam
1176 4486 1286 4558 fuisso
1305 4507 1405 4559 veros
1425 4487 1608 4574 Dominus,
1629 4486 1690 4559 sed
1709 4485 1885 4558 violentes
1904 4507 1972 4577 pos-

431 4627 600 4694 sessores,
630 4612 665 4679 et
692 4629 712 4678 a
740 4606 965 4698 Principibus
993 4606 1160 4679 Poloniae
1187 4607 1224 4680 in
1253 4606 1459 4700 suffragium
1488 4613 1608 4679 contra
1634 4607 1802 4680 barbaras
1823 4607 1971 4678 nationes

431 4733 609 4816 evocatos,
639 4727 798 4819 proprios
827 4729 1028 4800 fundatores
1053 4735 1087 4801 et
1106 4731 1271 4820 patronos
1299 4727 1429 4800 crebris
1456 4728 1562 4801 bellis
1590 4727 1778 4814 afflixisse,
1809 4733 1846 4799 et
1865 4749 1907 4800 eu
1925 4749 1970 4798 eo-

428 4871 506 4920 rum
524 4848 768 4923 haereditariis
796 4849 916 4937 terrie,
945 4849 1074 4941 partim
1093 4849 1184 4921 dolis
1204 4853 1239 4922 et
1258 4849 1456 4935 fraudibus,
1485 4847 1613 4940 partim
1632 4849 1725 4921 bello
1745 4869 1803 4921 cos
1825 4848 1967 4932 eiecisse,

429 4970 630 5062 Regemque
648 4970 859 5062 acceptando
879 4971 1090 5044 deditionem
1108 4977 1280 5043 terrarum
1300 4969 1481 5058 Prassiae‚
1511 4973 1631 5042 sancte
1650 4974 1686 5042 et
1705 4968 1837 5059 optime
1857 4969 1966 5060 egisse,

430 5095 464 5164 et
491 5091 603 5163 denuo
631 5090 877 5182 acceptandam
905 5091 1133 5179 deditionem,
1164 5091 1194 5163 si
1222 5091 1314 5164 facta
1345 5113 1414 5162 non
1447 5089 1588 5178 fuisset,
1626 5090 1810 5162 consulere
1839 5095 1872 5161 et
1899 5109 1965 5159 sua-

430 5213 510 5284 dere
538 5211 713 5284 universis
742 5212 876 5285 debere.
906 5213 979 5286 Nec
1007 5213 1124 5286 clades
1152 5216 1235 5285 ante
1263 5211 1493 5305 Ohopnicaam
1521 5216 1679 5302 accepta,
1710 5231 1754 5282 ex
1773 5209 1904 5281 iniusta
1920 5227 1964 5278 ac·

700 5387 845 5394 --—-.---

540 5471 563 5552 ¹)
585 5473 697 5552 Regem
713 5472 887 5534 (iasimirum
903 5467 965 5532 Ed.
983 5469 1075 5554 Lipe.
1094 5470 1119 5550 ²)
1136 5474 1362 5534 observarentur
1378 5457 1442 5531 Ed.
1461 5467 1552 5553 Lipe.
1577 5467 1604 5548 ³)
1618 5468 1794 5546 provenisse
1809 5463 1870 5530 Ed.
1885 5461 1963 5546 Lipa.
