4126 6280
292 558 298 572 ⁶
413 453 487 532 210
913 476 1024 532 ureae
1049 476 1291 531 nuonuuurus
1318 458 1430 547 (131).
1663 451 1947 558 (1111155.)

411 666 543 740 otorum
571 661 644 734 eius
671 661 855 754 largitione
882 662 1196 752 11311331133113,
1225 663 1374 740 nudatae
1394 668 1492 742 sunt:
1522 663 1681 756 quamuis
1700 667 1866 738 extarent
1884 663 1947 736 ad-

411 784 477 856 huc
506 783 785 875 frequentissima
812 788 846 856 et
872 783 989 859 valida
1015 784 1181 872 remedia,
1219 806 1282 858 neo
1317 806 1355 856 eo
1383 785 1613 878 malignitatis
1651 787 1756 861 luerit
1786 791 1948 868 rentum,

410 910 450 976 ut
478 905 585 978 sacris
613 905 770 978 debuerit
796 905 851 980 ris
878 905 1014 994 inferri,
1046 910 1087 977 ut
1117 907 1248 998 templa
1275 911 1310 980 et
1334 907 1503 998 Superum
1531 929 1609 980 3333
1641 907 1783 994 331311,
1816 911 1859 980 31
1886 906 1949 979 do-

410 1025 508 1100 33113
535 1027 686 1119 Regum,
715 1025 922 1105 Pontificum
941 1031 975 1099 et
993 1027 1211 1119 Principum,
1240 1032 1521 1120 caeterorumque
1548 1028 1679 1102 Christi
1701 1027 1877 1115 fidelium,
1911 1026 1948 1098 iu

411 1169 513 1220 usum
541 1147 704 1239 stipendii
732 1147 888 1235 3331311,
917 1147 1067 1240 singulis
1094 1148 1276 1240 utriusque
1304 1170 1410 1225 33133
1437 1149 1597 1222 fidelibus
1625 1150 1852 1224 nudationem
1878 1149 1948 1220 hu-

412 1268 562 1345 iusmodi
588 1290 656 1340 uon
683 1273 754 1348 133
782 1267 931 1359 querelis
951 1273 985 1342 et
1002 1269 1161 1356 uocibus,
1182 1291 1284 1360 quam
1303 1270 1457 1347 lacrimis
1476 1270 1783 1362 prosequentibus,
1803 1274 1841 1346 31
1859 1290 1948 1360 pon-

413 1390 522 1462 111333
549 1391 721 1481 praelatos
749 1389 790 1461 de
817 1390 921 1462 celeri
949 1394 983 1464 31
1010 1391 1080 1464 levi
1107 1411 1277 1464 consensu
1302 1391 1441 1482 publice
1461 1390 1712 1467 incusantibus.
1742 1391 1948 1465 11313333-

411 1516 481 1584 tem
509 1516 543 1582 et
570 1510 664 1583 rasis
692 1511 733 1582 ab
762 1510 910 1584 ecclesia
936 1532 997 1603 per
1024 1509 1253 1586 officiales'ad
1271 1513 1307 1584 id
1326 1513 1535 1589 constitutos
1563 1512 1745 1600 detractis,
1776 1513 1859 1602 plus
1878 1533 1945 1602 pu-

411 1631 519 1720 doris,
558 1653 660 1723 quam
696 1633 887 1704 alacritatis
925 1633 1049 1706 311313
1075 1633 1112 1706 13
1141 1633 1267 1706 331313
1301 1633 1408 1726 Regis
1436 1637 1470 1709 31
1497 1634 1772 1708 consiliariorum
1800 1633 1945 1719 insedit,

411 1753 654 1844 reputantibus
687 1753 852 1844 singulm,
886 1759 1050 1845 quantam
1082 1754 1308 1846 ignominiam
1341 1754 1433 1846 apud
1460 1755 1569 1828 Deum
1596 1761 1631 1828 et
1656 1753 1817 1826 homines
1846 1753 1947 1824 tenui

411 1873 474 1946 illo
503 1875 612 1965 spolio
641 1872 783 1964 (quippe
811 1879 991 1966 argentum
1019 1876 1242 1950 ecclesiarum
1269 1897 1338 1947 non
1365 1875 1434 1951 3131
1462 1875 1504 1946 31
1524 1896 1584 1950 331
1603 1875 1717 1951 311113
1735 1876 1949 1948 florenorum

413 1994 632 2066 3331133133
663 1998 731 2082 331)
764 1996 1030 2068 contraxissent.
1068 1997 1150 2068 Sola
1186 1997 1331 2070 ecclesia
1368 1995 1603 2068 Oraoorionsis
1632 2001 1757 2077 31333
1793 1993 1950 2068 11313313

412 2115 502 2186 11131
529 2117 658 2187 33133
686 2115 820 2187 audivit
847 2116 973 2208 magis,
1003 2138 1104 2208 quam
1133 2117 1258 2206 sensit,
1291 2119 1348 2189 rol
1376 2117 1457 2208 quia
1483 2116 1619 2209 longior
1646 2115 1817 2188 distantia
1845 2115 1948 2186 illam

414 2237 564 2327 excepit,
593 2238 649 2310 rel
677 2237 772 2329 quia,
805 2238 895 2328 quod
922 2238 1031 2330 magis
1059 2238 1249 2310 uerisimile
1277 2242 1345 2326 est,
1379 2238 1491 2310 alieno
1525 2237 1634 2330 spolio
1662 2237 1837 2328 inspecto,
1866 2235 1946 2307 331-

412 2358 550 2432 1313333
578 2358 765 2446 sciebatur,
795 2359 962 2449 imperata
989 2361 1137 2431 lactura:
1164 2361 1367 2451 praesertim
1395 2381 1472 2432 oum
1500 2365 1535 2432 31
1561 2358 1719 2450 pontifex
1746 2359 1824 2432 3133
1855 2359 1946 2432 Tho-

413 2500 486 2552 mas
519 2479 773 2570 Straampinslri
804 2501 882 2552 cum
914 2481 1073 2571 capitulo
1108 2485 1142 2552 ot
1173 2483 1265 2556 clero
1302 2503 1365 2553 suo
1393 2503 1413 2554 a
1439 2480 1687 2554 deliberatione
1719 2479 1783 2552 1113
1810 2481 1945 2566 313131,

413 2609 448 2672 31
474 2601 728 2674 conclusionem
757 2607 828 2673 tam
854 2602 1004 2688 foedam,
1033 2602 1292 2676 dedecorantem
1317 2623 1440 2674 nomen
1464 2601 1570 2693 Regis
1590 2605 1625 2674 et
1643 2600 1772 2694 Regni,
1801 2606 1838 2672 et
1856 2601 1945 2672 utri·

414 2743 480 2814 que
507 2729 623 2795 33133
651 2727 836 2814 perpetuae
864 2722 1072 2815 ignominiae
1099 2725 1310 2812 inurentem,
1339 2722 1555 2795 abhorrebat.

415 3080 591 3154 kazimirus
620 3080 689 3153 llox
718 3083 832 3152 contre
860 3079 1038 3152 l’rutbonos
1067 3080 1156 3154 ducit
1187 3080 1377 3166 exercitum,
1406 3097 1443 3152 ac
1465 3079 1565 3152 111313
1587 3083 1754 3168 superata,
1777 3077 1946 3168 promissio

414 3202 603 3276 1313113313
624 3203 916 3291 brandeburgensis
944 3202 1089 3288 illectus,
1119 3201 1159 3272 de
1182 3219 1259 3292 pace
1282 3219 1351 3274 curn
1373 3201 1541 3276 amorreus
1566 3200 1853 3277 1331111133113
1875 3200 1946 3288 agit

1068 3341 1123 3412 per
1145 3323 1288 3396 nuntior.

518 3575 673 3648 Perfecto
693 3573 718 3662 1)
746 3571 945 3644 131333311
977 3569 1103 3662 spolio,
1135 3568 1258 3658 11312)
1285 3569 1321 3642 in
1351 3570 1482 3645 bollum
1514 3590 1592 3644 oum
1624 3569 1837 3642 exercitibus
1870 3571 1944 3642 3313

416 3695 452 3771 13
479 3696 656 3770 Prussiam
682 3693 866 3785 processit,
895 3698 930 3764 et
956 3692 1105 3766 Wislam
1133 3691 1223 3764 ciroa
1250 3691 1404 3778 Thorun,
1435 3693 1539 3779 13313,
1568 3691 1622 3764 311
1641 3691 1812 3782 superiori
1841 3712 1943 3780 anno,

417 3839 460 3890 31
487 3817 634 3890 3311133
661 3819 779 3908 ponte,
809 3814 989 3901 transivit,
1018 3812 1228 3886 conscientia
1254 3812 1383 3904 patrati
1410 3812 1446 3884 in
1473 3811 1631 3887 ecclesiis
1655 3811 1760 3903 spolii
1779 3811 1945 3884 contiuuo

418 3943 583 4025 uexatus,
620 3937 821 4029 intelligens
850 3957 885 4008 so
912 3934 1069 4008 irritasse
1101 3936 1227 4022 Deum,
1265 3935 1364 4008 cuius
1398 3933 1571 4024 praesidio
1609 3939 1682 4008 tum
1714 3933 1752 4006 13
1780 3932 1944 4024 singolis,

416 4067 491 4132 133
518 4059 667 4132 331133
699 4057 735 4130 13
766 4056 851 4130 13111
883 4056 1095 4142 3311331133,
1129 4077 1265 4147 sperare
1297 4056 1462 4131 debuerat
1494 4076 1530 4126 33
1557 4075 1714 4128 usurum.
1742 4053 1946 4126 Fridericus

417 4182 549 4254 interea
580 4177 900 4270 Brandeburgensis
933 4175 1100 4264 diarchia,
1133 4177 1224 4267 apud
1256 4176 1461 4268 Magistrum
1489 4174 1629 4248 Ordinis
1656 4174 1694 4246 13
1720 4173 1947 4265 Marionburg

416 4302 538 4376 diebus
565 4300 724 4392 pluribus
754 4302 997 4386 3333313133,
1025 4297 1162 4372 133133
1190 4297 1232 4368 31
1259 4297 1389 4389 Regem
1408 4297 1445 4368 in
1463 4295 1681 4388 Bidgostiam
1700 4295 1883 4383 accedens,
1913 4301 1947 4368 31

416 4424 518 4515 plura
544 4423 585 4494 do
613 4443 675 4495 sua
702 4420 768 4494 fide
796 4425 830 4492 et
856 4419 1097 4494 benevolentia
1124 4418 1161 4492 13
1188 4419 1345 4510 Regnum
1364 4417 1529 4494 Poloniae
1547 4417 1739 4504 disserens,
1768 4417 1946 4509 supplicat
1994 4427 1998 4432 ’

418 4543 522 4636 Regi,
550 4549 589 4616 ut
616 4542 678 4616 illo
707 4562 743 4614 so
770 4541 932 4632 dignetur
962 4541 1105 4628 133313,
1138 4540 1306 4614 arbitrum
1338 4561 1429 4628 esse,
1463 4539 1531 4612 sibi
1562 4537 1817 4630 componendae
1849 4536 1946 4628 pacis

417 4666 548 4738 liceret.
579 4662 650 4753 Quo
679 4663 834 4750 obtento,
866 4663 908 4734 ad
936 4661 1139 4753 Magistrum
1167 4681 1360 4754 regressus,
1392 4665 1552 4751 precatur
1578 4661 1710 4752 Regem
1736 4681 1797 4751 per
1824 4659 1946 4732 1113133

418 4791 452 4860 31
478 4784 635 4873 3331133,
666 4805 785 4861 secura
813 4781 1008 4868 conuenire,
1038 4802 1195 4856 33331333
1214 4803 1250 4856 33
1269 4781 1388 4855 afferre
1407 4803 1464 4854 333
1483 4779 1698 4855 33311113333
1715 4779 1828 4871 pacis,
1858 4800 1945 4870 quae

416 4909 518 4984 rebus
546 4907 620 4980 eius
654 4905 842 4982 maximum
869 4910 985 4979 essent
1011 4904 1202 4994 profectum
1225 4904 1411 4990 allaturae,
1441 4923 1528 4994 quae
1547 4923 1682 4993 quoque
1707 4903 1797 4978 tanti
1816 4907 1941 4988 essent,

417 5035 457 5101 ut
488 5019 563 5102 Rex
595 5049 771 5120 nunquam
803 5047 839 5098 se
871 5025 961 5116 apud
993 5026 1102 5098 Deum
1134 5025 1214 5096 illas
1245 5024 1386 5096 rebatur
1417 5023 1596 5096 meruisse.
1624 5022 1794 5095 Credulus
1819 5018 1943 5109 Rex³l

526 5307 547 5386 ¹)
576 5306 709 5368 Perfecto
738 5310 834 5368 autem
863 5299 925 5366 Ed.
958 5299 1045 5384 Lapa.
1077 5302 1104 5382 π)
1135 5303 1294 5364 Oasimirus
1322 5302 1385 5362 Rex
1415 5297 1477 5364 Eo.
1507 5297 1596 5381 Lipa.
1632 5294 1660 5380 R)
1691 5301 1755 5363 Rex
1784 5299 1940 5374 Gasimirus

419 5409 483 5475 Ed.
506 5410 598 5497 Lipa.
