4090 6290
109 551 181 659 (Α.
200 548 245 631 a.
265 548 396 654 1470.)
624 574 737 636 usur
763 559 1151 654 nuounonrna(xn1).
1587 560 1664 640 dab

106 879 281 952 ¹lurrocrrnr
301 878 478 968 inperator
508 877 694 956 emanator
716 881 751 954 et
773 883 909 972 rogatur
932 898 951 953 a
974 880 1126 957 Kmtnlrt
1155 881 1253 973 berta
1274 883 1405 971 nudo,
1427 901 1471 966 nr
1493 882 1660 976 tiorum

104 1002 324 1097 Verrucius
341 1000 526 1087 lutetiae,
542 1000 664 1075 laudab
678 1001 829 1076 minatae
842 1003 958 1093 bern,
974 1003 1094 1080 tribu
1106 1004 1241 1092 inruat,
1264 1005 1446 1096 reparat:
1469 1006 1533 1086 iarn
1547 1005 1581 1082 td
1596 1005 1662 1088 atti

450 1123 558 1201 acceo
578 1141 644 1200 nan
666 1122 777 1216 bour,
799 1123 834 1198 tn
856 1124 968 1204 butro
988 1125 1104 1204 hostili
1125 1125 1320 1208 maattrto.

211 1377 303 1450 Dum
329 1374 415 1450 hoec
441 1371 479 1448 in
505 1370 651 1449 Prassia
678 1375 846 1466 aguntur,
874 1371 1079 1450 blahumetb
1105 1373 1295 1450 lurcorum
1322 1373 1448 1452 Caesar
1480 1373 1558 1452 odie
1589 1375 1654 1454 irr-

100 1495 275 1592 placabili
301 1501 421 1570 aontra
444 1493 660 1586 Stephanum
680 1491 921 1588 Woyeuodam
940 1493 1137 1570 Moldariae
1155 1495 1320 1586 tremens,
1349 1495 1443 1590 qnod
1460 1501 1495 1574 et
1513 1497 1570 1572 illi
1589 1498 1652 1574 tri·

101 1620 232 1696 butum
259 1619 481 1711 denegasset,
509 1615 644 1692 Kiliem
672 1636 826 1712 quoque,
855 1620 1113 1710 quamreteres
1132 1615 1444 1710 sustentamine
1472 1639 1658 1712 uocauere,

102 1741 184 1818 auis
210 1739 396 1834 praesidiis
423 1737 583 1826 uniatis,
613 1735 683 1812 eibi
710 1741 932 1830 usurpasset,
962 1741 997 1812 et
1015 1736 1209 1814 exercitum
1233 1759 1336 1814 suum
1354 1759 1445 1814 anna
1462 1743 1652 1832 transacta,

100 1867 246 1938 centum
264 1857 394 1954 uiginti
412 1857 526 1936 millia
545 1857 797 1948 continentem,
817 1859 915 1934 clade
933 1857 1070 1954 ingenti
1089 1857 1181 1934 circa
1199 1859 1365 1952 paludem
1383 1861 1597 1955 Rakeuyaea
1616 1867 1653 1938 ot

99 1984 253 2060 flurium
279 1981 409 2060 Berlad
423 1978 455 2071 ²)
483 1979 688 2069 delevisset,
717 1979 878 2056 omnibus
906 1981 981 2056 suis
1008 1980 1179 2076 potentiis
1205 1981 1298 2075 apud
1326 1981 1492 2075 oppidum
1520 1982 1656 2077 Sophia

100 2105 253 2196 coactis,
281 2108 402 2182 contra
428 2102 533 2178 illum
554 2099 733 2176 hostiliter
750 2100 800 2176 ire
819 2101 950 2195 eoepit,
977 2101 1198 2193 Alexandro,
1225 2101 1364 2182 cuidam
1390 2102 1562 2195 Valaoho,
1591 2103 1653 2198 qui

100 2248 146 2304 se
161 2247 364 2321 germanum
382 2222 560 2300 asserebat
580 2221 767 2316 Stephani,
787 2227 991 2318 expugnata
1007 2222 1177 2298 Valachia
1195 2227 1231 2299 at
1249 2223 1389 2299 arcibus
1402 2221 1434 2318 8)
1462 2224 1553 2316 aius,
1583 2225 1651 2300 Va·

97 2348 256 2424 laebiam
287 2347 353 2422 sub
384 2344 518 2422 tributo
550 2343 813 2420 commissurus.
846 2344 1055 2422 Procedenti
1085 2348 1204 2420 autem
1230 2346 1421 2420 lurcorum
1448 2345 1590 2422 (laeam
1613 2346 1653 2422 in

98 2469 257 2546 maximo
284 2473 320 2544 et
345 2465 447 2562 gravi
473 2468 644 2558 apparatu
680 2468 753 2542 tam
780 2465 977 2556 bominum,
1010 2487 1115 2559 quam
1147 2466 1358 2542 camelorum
1385 2470 1421 2544 et
1445 2466 1649 2544 bombardo-

95 2613 179 2666 rum
207 2589 244 2666 in
270 2589 307 2666 id
333 2589 483 2676 bellum,
515 2585 689 2664 Mortuus
721 2586 928 2662 Oboranaica
956 2587 1000 2663 de
1025 2585 1328 2664 Wrocaimouiore
1363 2587 1467 2664 miles
1497 2593 1533 2665 et
1558 2611 1649 2664 nuu-

95 2711 175 2788 tius
200 2711 319 2807 regius
334 2710 367 2802 4)
393 2709 524 2784 dudum
551 2708 595 2782 ad
623 2708 772 2784 Turnum
799 2707 1010 2804 legationem
1038 2707 1135 2783 obire
1156 2708 1293 2801 iussus,
1322 2709 1384 2786 sed
1401 2708 1512 2786 uariis
1530 2709 1647 2786 obsta·

95 2833 207 2925 culis,
236 2836 271 2909 et
296 2829 504 2927 praesertim
531 2828 696 2923 quoniam
712 2828 742 2920 5)
771 2828 948 2923 Stephano
976 2828 1206 2925 Wopewodae
1230 2827 1419 2908 Valaehiae
1442 2851 1569 2926 parum
1585 2832 1649 2908 hc-

94 2958 217 3045 nesta,
246 2973 440 3048 parumque
467 2954 523 3044 (ut
550 2952 640 3041 eret)
659 2949 760 3024 utilis
779 2950 964 3026 ridebatur
982 2951 1129 3046 legatio,
1157 2950 1365 3046 impeditus,
1385 2952 1478 3046 apud
1495 2951 1648 3030 Varnem

95 3076 266 3170 oppidum
292 3073 483 3169 Balgariae
510 3072 654 3146 fortuito
683 3071 845 3163 obvians,
879 3074 971 3148 taeta
1001 3077 1175 3166 potestate
1203 3072 1358 3164 dicendi,
1391 3073 1559 3149 vicesima
1592 3095 1645 3151 se·

94 3197 212 3272 cunda
237 3195 380 3286 Maiii),
409 3192 576 3268 amicitiis
602 3192 798 3283 ueteribus,
824 3215 914 3287 quas
942 3193 1034 3268 inter
1061 3215 1098 3268 se
1125 3195 1248 3288 Reges
1266 3194 1436 3270 Poloniae
1460 3199 1497 3270 et
1522 3195 1646 3273 caem-

93 3339 154 3393 res
171 3319 371 3418 'lurcorum
397 3315 607 3403 habuerant,
636 3315 930 3404 commemoratis,
958 3315 1104 3408 rogabat
1126 3321 1162 3388 et
1179 3315 1396 3408 requirebat:
1424 3337 1468 3390 ne
1496 3315 1644 3408 Stepha-

92 3461 180 3512 num
207 3437 452 3531 Woyewodam
479 3435 684 3524 Valaebiae,
716 3439 883 3528 unquam
916 3436 1089 3510 feudalem
1120 3436 1229 3528 Regis
1256 3439 1293 3508 et
1318 3435 1433 3529 Rogrd
1464 3435 1643 3526 Poloniae,

92 3559 190 3633 bello
217 3558 381 3632 inuadere
408 3557 647 3646 contenderet,
675 3578 744 3631 nen
771 3577 909 3649 qnoque
936 3556 1116 3630 Konimiro
1143 3556 1310 3630 Poloniae
1336 3557 1427 3650 Regi
1453 3557 1642 3632 necessita-

92 3686 167 3754 tem
193 3679 402 3772 imponeret,
431 3677 526 3751 iusta
553 3698 649 3750 arma
675 3681 796 3752 contra
823 3698 860 3750 se
887 3676 1066 3750 induendi.
1095 3678 1145 3748 At
1167 3678 1357 3751 burconem
1376 3677 1501 3751 Caesar
1519 3678 1642 3752 blabu-

92 3802 207 3890 metb,
236 3821 314 3874 cum
341 3799 477 3873 duobus
504 3797 746 3874 tantummodo
777 3796 1007 3886 consiliariis,
1042 3796 1104 3888 qui
1131 3798 1262 3873 Bassae
1289 3796 1327 3871 in
1355 3818 1475 3872 eornm
1500 3797 1642 3890 uulgari

90 3923 335 4015 appellantur,
363 3919 538 4013 legatione
565 3919 702 4008 audita,
731 3923 767 3994 et
795 3918 934 3996 Sububa
950 3918 980 4008 ⁷)
1008 3938 1052 3994 ex
1071 3917 1303 3992 nobilissimis
1321 3918 1476 4011 pellibus
1495 3917 1639 3993 sabelli-

90 4043 167 4131 nis,
196 4041 234 4116 in
261 4038 550 4114 circumferentiis
580 4037 731 4133 singulis
755 4045 790 4112 et
808 4038 971 4128 fimbriis,
1000 4037 1200 4132 margaritis
1219 4043 1254 4115 et
1272 4038 1450 4132 lapidibus
1475 4039 1640 4131 pretiosis

89 4165 247 4250 intexta,
277 4185 338 4255 pro
365 4181 507 4236 munere
534 4160 604 4234 sibi
631 4161 756 4250 missa,
788 4164 969 4254 gratanter
999 4164 1156 4252 accepta,
1189 4159 1343 4234 breuiter
1374 4180 1411 4233 se
1438 4160 1638 4251 absolvens,

88 4284 288 4377 respondit:
317 4283 398 4356 Non
415 4281 643 4356 abnuiturum
671 4303 708 4356 se
733 4280 956 4373 requisitioni
983 4279 1091 4373 Regis
1118 4278 1335 4369 Poloniae⁸J
1358 4301 1422 4372 pro
1448 4279 1560 4354 ueteri
1579 4301 1637 4354 ne·

89 4404 257 4480 cessitate
283 4423 413 4476 morem
439 4405 638 4494 gesturum,
666 4401 697 4476 si
724 4401 871 4476 nuntius
898 4400 974 4493 ipsa
1000 4399 1120 4493 regius
1151 4401 1244 4492 apud
1275 4399 1519 4492 Adrinopolim
1534 4400 1566 4491 9)
1593 4401 1637 4474 il-

87 4527 166 4598 lum
193 4523 410 4610 offendisset,
444 4528 479 4596 et
507 4523 667 4615 quamvis
699 4528 780 4614 post
806 4525 969 4614 sumptus
1002 4520 1180 4614 ingentes,
1213 4520 1356 4594 abella
1382 4523 1504 4594 contra
1530 4521 1635 4594 Vala-

87 4645 222 4733 cbiam,
256 4643 455 4736 quieturum
474 4643 535 4731 ¹⁰):
569 4663 638 4716 non
670 4643 776 4716 licere
808 4648 924 4716 eutem
956 4641 1027 4716 iam
1059 4641 1128 4714 sibi
1163 4639 1201 4712 in
1230 4639 1356 4714 hostili
1391 4659 1481 4732 pane
1511 4639 1635 4717 limine

87 4765 299 4853 constitute,
327 4764 549 4855 sponsionem
577 4785 676 4838 suam
703 4763 932 4838 Bessarabiae
960 4761 1188 4854 Woyeuodae
1214 4765 1249 4836 et
1276 4762 1523 4834 Thartarorunr
1551 4761 1634 4835 eae„

86 4887 176 4976 sari,
205 4887 267 4979 qui
293 4885 396 4958 illum
422 4884 461 4956 in
488 4884 524 4958 id
551 4884 683 4958 bellum
712 4884 787 4958 suis
814 4883 1051 4977 legationibus
1078 4887 1114 4957 et
1138 4882 1303 4974 precibus
1329 4885 1573 4974 pertraxerant
1598 4885 1636 4956 et

196 5198 219 5280 ¹)
243 5199 445 5260 Clitomastum
467 5192 532 5260 Ed.
558 5193 648 5278 La'ps.
672 5192 698 5274 ⁹)
722 5193 864 5273 Byerlatb
889 5187 964 5256 cod.
990 5186 1078 5256 Colo.
1102 5189 1128 5272 ³)
1144 5194 1341 5269 expugnatam
1356 5189 1528 5252 Valachiam
1544 5195 1574 5253 et
1588 5209 1633 5252 ar·

85 5323 137 5367 cea
160 5303 224 5365 eius
247 5298 310 5363 Ed.
334 5297 424 5384 Lips.
449 5297 475 5379 ⁴)
498 5300 634 5361 Oasimiri
656 5299 797 5360 Poloniae
818 5297 909 5374 Regis
930 5292 993 5359 Ed.
1017 5293 1107 5377 Lapa.
1133 5290 1161 5375 ⁶)
1184 5294 1262 5372 quod
1285 5291 1348 5356 Ed.
1364 5291 1457 5377 Lipa.
1481 5291 1507 5373 ⁰)
1523 5293 1633 5356 menois

84 5407 158 5468 Maii
180 5403 243 5468 Ed.
266 5402 356 5487 Io'pa
382 5402 407 5482 7)
430 5409 515 5466 reate
535 5395 599 5464 Ed.
623 5396 714 5484 Lipo.
739 5400 766 5479 ⁸)
790 5401 881 5476 Regis
895 5399 1038 5461 Poloniae
1053 5398 1188 5460 Oaaimiri
1203 5395 1267 5462 aa.
1282 5395 1373 5482 Lipa.
1390 5395 1417 5479 ⁰)
1433 5397 1513 5476 apud
1526 5390 1632 5461 Adria·

84 5511 216 5588 napolim
238 5500 301 5571 Ed.
324 5505 415 5590 Lips.
443 5504 483 5588 ¹⁰)
506 5507 671 5583 quieturum
693 5506 785 5566 luisse
806 5500 862 5564 Ed
884 5500 977 5586 La'ps.
