4152 6270
33 589 36 597 ,
131 513 191 616 (Α.
211 512 257 587 D.
277 510 403 612 1454.)
636 537 749 589 arnna
774 535 1018 589 nuonnonrus
1046 518 1160 608 (nur).
1592 519 1664 590 167

135 725 244 816 „quod
270 724 462 818 dignitates
490 727 525 797 et
552 723 682 813 officia,
710 725 880 798 hactenus
907 723 983 797 illic
1010 723 1238 797 consistentia
1265 728 1300 797 et
1326 725 1364 798 in
1389 729 1568 818 posterum
1587 746 1665 799 con-

136 844 347 937 „stitnenda,
377 844 461 918 item
490 848 605 917 castra
632 849 667 917 et
686 850 828 918 tenutas
856 845 1039 918 civitatum
1064 851 1099 919 et
1116 846 1270 918 locorum
1288 846 1325 918 in
1344 847 1447 920 terris
1466 847 1665 940 praedictis,

136 967 243 1058 „nulli
271 972 436 1040 extraneo
464 971 526 1040 aut
553 967 699 1056 forensi,
730 966 789 1039 sed
807 967 946 1059 proprio
964 967 1164 1061 indigenae,
1184 967 1286 1040 iuxta
1305 968 1562 1041 observantiam
1581 969 1666 1042 alia·

134 1111 229 1180 ,rum
247 1093 418 1163 terrarum
437 1088 551 1182 Regni
569 1089 681 1162 nostri
700 1090 927 1162 conferemus.
956 1089 1046 1162 Item
1065 1110 1183 1162 omnes
1203 1110 1326 1162 causas
1345 1090 1534 1179 notabiles,
1555 1090 1667 1163 dictas

135 1216 264 1301 ,terras
300 1215 562 1301 concernentes,
601 1232 679 1284 cum
716 1211 890 1283 communi
922 1210 1069 1283 consilio
1098 1210 1376 1284 consiliariorum
1412 1211 1668 1304 praedictarum

134 1338 323 1423 ,temanum
350 1331 595 1422 tractabimus
623 1331 888 1406 terminabimus
913 1336 948 1405 et
966 1331 1189 1406 diffiniemus.
1218 1333 1309 1406 Item
1327 1339 1438 1407 terras
1456 1333 1665 1426 praedictae,

133 1455 216 1546 ,sub
244 1459 364 1526 nostro
391 1453 559 1546 regimine
587 1458 622 1526 et
644 1454 758 1548 Regni
785 1453 897 1526 nostri
915 1452 1083 1525 Poloniae
1102 1474 1241 1544 corpore
1260 1453 1508 1544 consistentes,
1537 1454 1574 1527 in
1593 1455 1686 1540 suis¹

133 1576 308 1669 ,antiquis
335 1576 501 1669 gadibus
530 1575 705 1648 limitibus
734 1581 768 1650 et
795 1575 955 1649 terminis
975 1575 1272 1665 conservabimus,
1302 1576 1478 1649 tuebimur
1497 1579 1531 1648 et
1550 1575 1666 1649 defen-

133 1699 289 1789 „demns
322 1719 385 1770 nec
415 1696 582 1770 terminos
616 1702 650 1771 et
677 1697 783 1791 gades
810 1703 982 1771 terrarum
1013 1697 1168 1790 ipsarum
1197 1697 1234 1769 in
1262 1697 1379 1789 aliquo
1412 1697 1576 1787 diminui,
1610 1698 1669 1769 vel

133 1819 362 1912 „periclitari,
396 1821 454 1892 nel
485 1819 597 1892 dividi
624 1840 644 1891 a
671 1819 845 1892 limitibus
877 1819 1008 1912 Regni,
1042 1819 1096 1891 uti
1123 1823 1240 1911 partes
1268 1819 1485 1908 individuas,
1515 1820 1667 1892 nullate-

133 1963 219 2032 ,nus
246 1941 431 2034 patiemur.
460 1941 550 2014 Item
579 1962 656 2014 cum
684 1945 797 2014 terrae
823 1940 936 2032 ipsae,
965 1944 1000 2014 et
1026 1939 1185 2013 homines
1208 1940 1304 2032 ipsas
1322 1940 1531 2031 incolentes,
1560 1941 1668 2014 variis

132 2064 321 2154 ,hactenns
348 2063 485 2154 legibus
514 2063 588 2135 sire
616 2061 767 2150 iuribus,
801 2061 966 2135 videlicet
998 2062 1346 2155 ldapdeburgensi1),
1381 2063 1572 2152 dulmensi,
1601 2064 1667 2135 Po·
1750 2045 1754 2051 ⁸

38 2248 42 2254 .
132 2184 296 2276 ,lonicali
323 2184 555 2257 haereditario
589 2188 624 2256 et
650 2183 877 2273 Prutbenico,
906 2183 944 2255 in
973 2182 1172 2256 decidendis
1203 2205 1320 2256 eornm
1349 2184 1532 2276 quibusvis
1565 2206 1667 2277 quae·

132 2306 327 2397 ,stionibus
357 2309 392 2378 ct
419 2305 721 2380 administratione
748 2305 907 2378 iustitiae
935 2305 1139 2394 utebantur,
1170 2306 1261 2398 qnod
1280 2305 1384 2379 etiam
1403 2305 1494 2395 illis,
1524 2306 1588 2378 sub
1607 2327 1667 2378 no-

131 2431 224 2518 ,stro
252 2426 459 2519 Principatu
487 2432 522 2500 et
547 2427 716 2521 regimine
743 2427 906 2500 volumus
934 2429 1071 2500 firmum
1099 2448 1175 2500 esse
1203 2431 1237 2501 et
1263 2449 1429 2520 perenne,
1458 2449 1498 2501 ea
1525 2427 1669 2500 licentia

131 2549 340 2640 ,attributa
374 2553 415 2621 ut
441 2548 547 2622 liceat
579 2549 768 2641 unicnique
799 2549 841 2621 do
873 2570 942 2620 nno
970 2548 1046 2622 iuro
1073 2549 1111 2621 in
1138 2549 1251 2638 aliud,
1287 2549 1361 2622 sine
1388 2554 1505 2622 tamen
1531 2547 1668 2640 praeiu-

130 2669 244 2760 ,dicio
271 2669 435 2758 aliorum,
466 2691 532 2762 quo
562 2670 716 2744 noluerit
742 2670 1003 2764 transmigrare.
1032 2671 1139 2760 Item,
1168 2692 1247 2743 cnm
1274 2676 1448 2760 monetae,
1477 2671 1607 2742 iustam
1635 2675 1670 2742 et

130 2792 291 2881 ,fidelem
318 2791 460 2881 libram,
489 2792 693 2885 pondusque
720 2793 898 2882 habentis,
928 2792 1044 2865 cussio
1071 2796 1199 2865 terram
1228 2793 1420 2885 quamlibet
1447 2793 1671 2865 vehementer

129 2919 185 3003 „et
213 2913 379 2986 nobilitet
407 2917 441 2986 et
460 2914 657 3002 foecundet,
686 2915 866 3003 volumus,
894 2919 934 2986 ut
952 2914 990 2986 in
1009 2920 1159 3006 quatuor
1177 2914 1264 2987 locis
1284 2922 1454 2988 terrarum
1472 2913 1669 3006 praedicta·

128 3056 246 3124 ,rum,
275 3033 442 3107 videlicet
468 3035 624 3124 Thorun,
658 3035 803 3128 Elbing,
838 3035 1015 3128 Kinsberg
1042 3039 1077 3108 et
1105 3035 1263 3125 ddecet,
1296 3035 1466 3129 guerra2)
1492 3035 1670 3128 praesenti

128 3157 317 3246 „durante‚
346 3156 460 3228 fidelis
490 3161 524 3230 et
551 3156 662 3246 iusta,
691 3156 878 3250 imaginem
897 3161 1052 3230 nostram
1071 3161 1106 3230 et
1124 3157 1415 3249 subscriptionem
1432 3155 1463 3248 3)
1490 3157 1589 3230 tituli
1607 3179 1667 3229 uo-

128 3279 217 3368 ,stri
246 3278 443 3368 continens,
473 3279 620 3351 cudatur
647 3283 800 3368 moneta,
829 3281 1063 3372 praelatorum
1090 3279 1312 3368 militarium,
1342 3279 1472 3353 oinium
1498 3283 1670 3352 terrarum

128 3400 410 3492 ,praedictarum
437 3399 623 3492 impensis3
655 3404 899 3492 peccantem,
933 3401 1080 3473 Domino
1109 3401 1338 3494 suffragante,
1367 3400 1503 3489 habita,
1532 3404 1669 3473 tantum

128 3521 187 3610 „in
211 3522 353 3594 Thorun
382 3526 416 3594 et
444 3521 603 3611 Gdanslr,
632 3521 707 3595 sine
725 3522 937 3615 praeiudicio
956 3521 1134 3616 privilegii
1162 3521 1398 3595 Thorunensis
1425 3521 1596 3612 civitella,
1616 3543 1692 3622 ref

128 3643 292 3735 ,galibus
324 3643 454 3715 nostris
487 3643 634 3716 cudatur
665 3644 850 3736 impensis,
883 3644 1024 3737 proviso
1057 3649 1189 3734 tamon,
1223 3645 1315 3736 quod
1346 3647 1484 3716 moneta
1511 3643 1603 3736 ipsa,
1632 3643 1671 3716 in

128 3765 304 3856 „pondere
335 3769 369 3837 et
399 3785 506 3857 grano
541 3765 865 3859 etliga⁴)deb1ta
896 3767 1100 3839 nullatenus
1132 3765 1322 3838 minuatur.
1356 3766 1463 3855 Item,
1498 3765 1580 3858 quia
1607 3787 1670 3838 nos

128 3909 212 3978 „pro
246 3887 334 3960 bene
366 3887 526 3978 gerendis
559 3888 662 3960 robus
694 3893 891 3960 nostrorum
924 3888 1164 3960 Dominiorum
1196 3887 1233 3960 in
1265 3887 1362 3960 varia
1394 3907 1497 3978 saepe
1527 3887 1605 3960 loca
1636 3890 1671 3960 et

127 4030 168 4097 „a
196 4009 305 4081 terris
332 4008 521 4100 praedIctis
550 4009 738 4097 distantia,
767 4030 907 4082 neeesse
927 4014 980 4082 est
998 4011 1110 4082 lacere
1138 4007 1357 4098 descensum3
1386 4008 1581 4101 usigitur,
1609 4029 1672 4100 per

126 4133 308 4219 „nostram
336 4129 529 4202 absentiam
557 4134 668 4203 terrac
696 4131 794 4223 ipsae
822 4131 965 4222 aliquod
994 4132 1196 4204 contrahere
1223 4135 1365 4222 possent
1392 4129 1586 4222 periculum
1613 4130 1671 4202 vel

127 4251 466 4343 „periclitationem
509 4251 660 4324 nobilem
697 4253 887 4325 Iohannem
924 4253 966 4325 de
1003 4254 1141 4344 Baysen
1186 4274 1248 4343 pro
1286 4251 1429 4324 illarum
1450 4249 1481 4340 5)
1521 4250 1672 4323 tuitione

126 4378 184 4461 „et
213 4372 482 4466 gubernatione,
515 4372 557 4445 de
585 4393 702 4445 eorum
734 4372 930 4466 legalitate,
964 4373 1030 4444 fide
1047 4376 1099 4445 et
1130 4372 1253 4445 morIto
1287 4371 1423 4460 contisi,
1457 4371 1500 4444 ad
1532 4376 1672 4444 nostrae

127 4493 328 4582 „duntaxat
363 4493 620 4586 beneplacitum
657 4493 872 4583 voluntale,
912 4515 951 4566 ao
987 4515 1065 4567 cum
1102 4493 1248 4566 consilIo
1286 4493 1564 4566 consiliariorum
1600 4499 1669 4566 tcr-

127 4637 212 4704 ,rae
248 4615 460 4707 praedictae,
498 4615 721 4706 deputamus,
756 4617 799 4687 ad
833 4637 919 4708 quos
946 4615 983 4687 in
998 4615 1029 4705 θ)
1056 4615 1169 4688 nostri
1205 4613 1378 4703 absentia,
1417 4635 1521 4706 super
1558 4613 1669 4706 quoli-

126 4737 210 4826 ,bet
240 4737 379 4810 delectu
407 4741 441 4810 et
469 4741 595 4810 eventu
622 4737 793 4810 habeatur
823 4759 1001 4826 recursus,
1034 4737 1270 4828 providentia,
1304 4735 1518 4828 provisione,
1547 4737 1669 4808 autho-

126 4858 261 4947 „ritate
289 4862 323 4931 et
350 4858 486 4931 decreto
515 4879 632 4931 eorum
649 4859 678 4948 ⁷)
707 4859 923 4951 supplendus
952 4864 987 4931 et
1015 4858 1260 4932 emendandus.
1298 4858 1389 4930 Item
1420 4857 1671 4930 mercatoribus

126 4985 327 5068 ,terrarum
349 4979 607 5071 praedictarum
630 4979 811 5070 Prussias,
840 4980 877 5053 in
904 4981 1080 5073 Regnum,
1114 4981 1270 5053 Ducatus
1298 4983 1333 5052 et
1360 4978 1523 5052 Dominis
1552 4982 1673 5052 nostra

234 5273 261 5355 1)
286 5275 534 5352 Magdeburgensi
556 5271 619 5336 Eo.
643 5271 732 5357 Lips.
758 5273 783 5346 9)
806 5273 884 5335 bello
906 5265 970 5336 Ed.
993 5271 1083 5358 Lips.
1110 5273 1136 5355 ³)
1159 5275 1378 5351 inscriptionem
1399 5271 1463 5334 Eol.
1485 5269 1576 5356 Lips.
1601 5269 1626 5351 ⁴)
1644 5279 1673 5332 ct

120 5397 233 5456 grano,
267 5379 401 5455 libraque
423 5376 486 5442 Ee.
510 5376 599 5461 Lz'ps.
630 5376 655 5458 5)
678 5397 732 5456 pro
754 5378 834 5439 illius
859 5372 933 5440 Ona.
960 5373 1047 5442 Calo.
1076 5375 1102 5457 6)
1124 5377 1173 5438 lc
1195 5395 1282 5454 quem
1305 5379 1359 5438 sub
1381 5375 1444 5440 Ed.
1469 5374 1558 5460 Lips.
1589 5374 1614 5454 ⁷)
1637 5377 1670 5435 il-

121 5483 178 5542 lius
203 5478 273 5545 Ed.
297 5477 388 5564 Lips.
