4052 6286
410 555 489 627 480
920 571 1034 628 umus
1060 574 1306 628 nuouuomrus
1333 555 1448 645 (xm).
1684 550 1754 652 (Α.
1773 551 1822 626 D.
1841 553 1960 652 taur.)

410 759 609 852 parionibus
636 759 739 832 annis
767 759 804 832 iu
832 759 1027 833 cruciferos
1058 763 1198 853 gestum
1230 759 1427 847 astruebat,
1461 759 1582 852 Regno
1602 759 1630 849 ¹)
1662 759 1847 834 inferrent
1880 762 1961 836 Pace

411 881 564 973 denique
590 886 761 973 perpetua
792 880 922 974 ubique
948 885 1065 972 parta,
1094 880 1235 972 ipsein
1262 879 1368 953 armis
1397 884 1472 953 erat
1487 878 1531 970 ²),
1559 885 1596 953 ot
1623 881 1791 954 Sluchew
1815 887 1961 954 casuum

410 1001 532 1075 fraude
558 1001 768 1093 intercipere
795 1002 855 1074 rel
881 1001 919 1074 ri
946 1021 1147 1094 expugnare
1174 1001 1333 1088 adortus,
1362 1001 1527 1094 quoniam
1554 1022 1655 1076 secus
1683 1007 1861 1091 cesserat,
1891 1001 1960 1074 Slu-

409 1122 633 1196 cborieusom
659 1122 837 1215 regionem
865 1142 1004 1214 pecore,
1033 1121 1263 1210 Nakleuscm,
1292 1121 1426 1194 tributo
1446 1121 1628 1213 imposito,
1647 1123 1804 1214 pecunia
1823 1123 1960 1196 mulcta·

409 1242 472 1314 rit.
500 1241 661 1332 Iseum,
691 1239 978 1315 dissuadentibus
1006 1241 1076 1314 sibi
1103 1241 1330 1332 necessariis,
1359 1241 1442 1315 dare
1465 1241 1571 1315 rades
1588 1249 1750 1336 negaret,
1781 1243 1962 1317 medemur

410 1362 496 1435 Maii
511 1360 542 1452 3)
570 1367 711 1455 captus,
740 1367 776 1436 ct
802 1363 908 1435 Petro
936 1363 979 1436 de
1007 1362 1225 1436 Schamotuli
1252 1363 1444 1435 castellano
1468 1367 1502 1436 et
1520 1363 1702 1455 capitaneo
1732 1364 1962 1437 Posuauiauui

409 1483 580 1572 traditus,
610 1503 649 1555 ac
676 1482 801 1556 deinde
827 1482 865 1554 in
888 1483 1038 1555 Kalisch
1057 1482 1100 1555 ab
1119 1503 1158 1555 eo
1178 1483 1320 1572 duetus,
1350 1483 1636 1575 quatuordecima
1663 1483 1751 1556 Maii
1764 1485 1801 1573 ⁴)
1830 1484 1961 1576 publico

410 1603 528 1696 gladio
555 1606 741 1676 truncatus
769 1607 839 1691 eet,
868 1609 903 1676 et
929 1596 1083 1696 gliscens
1111 1601 1238 1676 seditio
1261 1603 1435 1676 extincta:
1465 1603 1684 1696 singulorum
1702 1603 1803 1677 anim
1828 1602 1960 1692 iudicio,

410 1723 442 1796 si
470 1724 608 1796 solutus
636 1724 743 1812 foret,
770 1745 840 1795 uon
867 1723 1096 1796 dubitabatur
1121 1724 1165 1795 ad
1194 1745 1257 1796 sua
1284 1723 1425 1816 ingenia
1446 1744 1663 1797 reversurus.
1692 1724 1850 1797 (laesum
1869 1724 1961 1797 illum

410 1843 606 1916 iustissimo
635 1843 711 1916 inre
738 1843 962 1916 laetabantur
989 1845 1059 1916 fere
1087 1863 1222 1931 omnes,
1252 1843 1343 1935 quod
1371 1847 1407 1916 et
1434 1844 1606 1935 superiori
1634 1849 1794 1936 tempore
1824 1845 1961 1918 Slucho

410 1964 551 2037 aienses
577 1962 711 2036 milites
738 1963 782 2035 ad
809 1984 904 2052 eum,
938 1963 1021 2036 data
1052 1962 1257 2052 securitate,
1289 1963 1470 2036 ronientos
1505 1965 1587 2056 palo
1623 1964 1809 2054 infixerat,
1838 1966 1961 2057 pterea

412 2105 479 2176 que
506 2088 679 2157 tormento
707 2104 751 2158 cx
779 2088 893 2156 castro
919 2083 1123 2176 proiecerat.
1157 2083 1396 2157 Gnesuensenn
1427 2085 1611 2157 ecclesiam
1639 2085 1766 2158 multis
1782 2085 1819 2174 5)
1848 2085 1963 2178 spoliis

411 2204 604 2293 afflixerat,
633 2204 694 2277 sed
722 2209 757 2276 et
784 2204 951 2276 furtivam
983 2204 1175 2276 multarum
1207 2208 1423 2277 monetarum
1455 2203 1629 2278 officinam
1662 2205 1896 2279 asserebatur
1921 2205 1962 2276 n

409 2323 576 2397 bricasse.
609 2324 691 2397 Nou
717 2345 828 2417 genus
860 2323 918 2396 illi
932 2323 963 2414 θ)
992 2323 1221 2416 suffragatum
1253 2329 1323 2413 est,
1356 2345 1468 2416 neque
1500 2325 1671 2397 maiorum
1702 2325 1901 2418 imagines:
1926 2347 1963 2398 or

411 2445 512 2517 demo
540 2444 712 2536 siquidem
740 2443 953 2537 Bipenuiunn
980 2445 1122 2517 trahens
1149 2444 1335 2538 originem,
1364 2445 1533 2517 Mathiam
1560 2445 1963 2519 Iuniwladislariouscn

410 2564 611 2656 palatinum
642 2569 823 2656 parentem
855 2564 1042 2654 babuerat;
1075 2565 1137 2638 scd
1168 2587 1231 2640 nec
1259 2566 1481 2659 splendidum
1497 2545 1732 2658 coniugium,
1768 2567 1963 2658 quodcum

410 2685 485 2757 filia
511 2684 711 2758 Weuceslai
739 2684 848 2758 Ducis
875 2684 1158 2759 Rathiborieusis
1185 2691 1311 2759 nactus
1338 2692 1429 2775 crat3
1458 2686 1549 2778 quod
1576 2685 1608 2758 si
1627 2687 1749 2760 eadem
1768 2687 1916 2759 iustitia
1932 2687 1962 2758 iu

409 2809 565 2880 caeteros
592 2803 839 2878 extenderetur
865 2805 1054 2899 malignos,
1086 2805 1283 2900 benigniori
1311 2808 1412 2880 oculo
1444 2807 1539 2880 Deus
1567 2807 1776 2880 Polouieum
1807 2808 1961 2898 Regnum

410 2922 549 2996 eteius
576 2943 649 2997 rom
676 2923 853 3018 publicam
880 2925 1088 3000 intueretur.

399 3261 402 3268 ’
466 3279 627 3351 lohannes
649 3278 880 3351 uxoratorum
902 3279 1082 3352 monicus
1105 3280 1327 3352 braoorfanrir
1348 3281 1384 3351 ot
1405 3281 1601 3370 capitaneus
1622 3281 1732 3353 lurae
1755 3281 1914 3353 dirimis

576 3417 596 3472 r
619 3399 835 3490 praecanitur
857 3403 974 3490 captur
997 3403 1033 3474 at
1055 3399 1232 3490 ambone,
1255 3401 1372 3490 portae
1395 3417 1504 3472 eamn
1525 3416 1641 3473 manua
1664 3400 1793 3490 emur.

513 3647 645 3739 eaptus
673 3650 727 3720 est
746 3647 811 3720 sub
830 3648 949 3722 ecdem
968 3647 1041 3737 die,
1069 3668 1138 3740 quo
1157 3653 1193 3720 et
1211 3647 1426 3720 castellanus
1445 3646 1652 3737 Naklensis,
1672 3649 1854 3722 Iohannes
1875 3651 1954 3722 Rre-

410 3767 584 3840 schcueki
620 3766 814 3841 Oenouicus
849 3766 1090 3869 Cracorieusis
1122 3773 1157 3841 et
1188 3767 1392 3860 capitaneus
1427 3767 1462 3839 N
1464 3786 1563 3871 erate¹
1582 3767 1764 3858 Civitatis,
1804 3770 1889 3842 dum
1910 3791 1956 3842 cr

409 3888 595 3980 Pyetrkow
627 3907 648 3959 a
679 3887 774 3980 Rege
789 3887 820 3976 7)
852 3885 989 3961 Novam
1021 3887 1207 3962 Civitatem
1239 3888 1385 3978 rediret,
1418 3909 1439 3960 a
1466 3887 1722 3980 vespilionibus
1755 3893 1793 3962 et
1827 3889 1957 3962 furibus

410 4012 541 4081 stratas
568 4006 835 4095 infestantibus,
864 4012 899 4080 et
927 4007 1049 4081 multis
1073 4007 1256 4100 pecuniis,¹
1277 4007 1436 4081 vestibus
1460 4012 1496 4080 et
1513 4008 1684 4082 clenodiis
1701 4010 1816 4102 regiis
1835 4015 1872 4083 et
1890 4010 1958 4083 suis

410 4133 551 4202 exutus.
590 4127 765 4200 Iohannes
792 4127 990 4221 Nyomyecu
1020 4133 1163 4221 proptor
1194 4129 1288 4200 furta
1313 4128 1547 4220 proscriptus,
1577 4127 1710 4202 habens
1738 4131 1957 4203 coadiutores

408 4250 528 4341 plures
560 4249 653 4320 furto
685 4252 721 4320 et
751 4251 851 4340 rapto
866 4246 898 4338 8)
935 4248 1053 4322 rivere
1085 4253 1260 4337 assuetos,
1295 4269 1339 4321 ex
1371 4249 1508 4342 Regno,
1542 4249 1636 4321 inter
1667 4270 1757 4342 quos
1784 4250 1958 4323 Iohanne

410 4367 677 4456 Wlescuorrslri,
705 4369 748 4443 de
774 4387 899 4460 genere
926 4375 961 4442 ct
988 4369 1089 4442 domo
1116 4368 1276 4458 Trzaslri,
1311 4369 1372 4461 qui
1400 4370 1499 4456 Roob
1525 4369 1704 4459 deferunt,
1739 4370 1851 4443 huius
1879 4371 1955 4443 faci·

408 4489 504 4562 noris
531 4488 753 4562 asserebatur
779 4493 948 4580 patrator.
977 4490 1107 4581 Captus
1135 4494 1251 4563 tamen
1266 4489 1310 4579 9),
1339 4509 1383 4562 ex
1402 4489 1564 4563 manibus
1582 4489 1787 4563 ducentium
1808 4513 1863 4580 sa,
1893 4511 1956 4563 mo

408 4611 467 4683 dia
493 4609 566 4697 die,
601 4609 692 4682 cirea
724 4609 848 4681 uillam
878 4609 1086 4701 Konopirka
1117 4629 1224 4702 prope
1256 4609 1539 4700 Ouaustcchowa,
1577 4608 1747 4704 suffragio
1774 4610 1901 4684 dirimo
1925 4620 1955 4682 et

409 4731 558 4803 Sanctae
585 4727 715 4802 Mariae
733 4728 779 4818 ¹⁰)
805 4735 840 4802 ct
867 4729 988 4803 Sancti
1015 4729 1186 4803 Stanislai
1212 4728 1421 4822 patrocinio,
1454 4729 1583 4821 quibus
1611 4750 1649 4803 se
1676 4731 1856 4832 frequenti
1885 4751 1953 4803 era

407 4849 503 4924 tione
530 4850 733 4938 devoverat,
761 4848 962 4939 incolumis,
991 4849 1110 4923 eodem
1137 4850 1208 4924 fero
1226 4849 1299 4938 die,
1328 4870 1395 4941 quo
1414 4831 1628 4923 castellanus
1647 4848 1843 4925 Naklensis
1860 4857 1953 4924 trm

517 5157 543 5246 ¹)
565 5161 669 5236 Regno
690 5157 831 5220 Poloniae
852 5153 916 5219 Ed.
939 5153 1030 5240 Lipe.
1055 5155 1081 5237 ¹)
1103 5157 1155 5218 ubi
1176 5162 1277 5234 partes
1299 5158 1383 5234 ipsae
1404 5158 1436 5217 iu
1457 5157 1548 5218 armis
1563 5163 1649 5219 eraut
1669 5155 1734 5220 Ed.
1750 5155 1845 5242 Lapa.
1861 5157 1888 5238 ³)
1903 5167 1953 5221 fre

408 5265 523 5326 decima
545 5263 593 5324 dic
614 5263 725 5322 mensis
747 5261 817 5321 Maii
840 5255 903 5322 Ea.
926 5255 1016 5342 Mpe.
1041 5257 1067 5339 ⁴)
1091 5260 1333 5336 quatuordecima
1354 5259 1403 5321 die
1417 5261 1528 5322 mensis
1542 5261 1615 5320 Maii
1630 5258 1695 5322 Ed.
1712 5259 1803 5345 La'pc.
1823 5261 1848 5342 ⁵)
1864 5263 1954 5324 Gnes-

408 5385 516 5430 ncnses
539 5367 627 5427 etiam
648 5365 760 5425 milites
779 5361 843 5425 Ed.
867 5359 957 5446 [ripa.
981 5361 1008 5442 ⁶)
1030 5363 1074 5422 iili
1095 5368 1166 5423 tuuc
1187 5359 1250 5424 Ed.
1274 5359 1365 5444 Lipa.
1391 5360 1416 5441 7)
1439 5383 1458 5424 a
1473 5363 1617 5424 animiro
1639 5365 1782 5428 Polouiae
1797 5365 1882 5443 Rege
1895 5363 1953 5429 Ed

411 5469 502 5554 rapu
526 5466 551 5548 ⁸)
572 5468 678 5544 rapina
699 5463 763 5530 Ed.
785 5463 878 5549 Dipo.
902 5463 928 5544 ⁹)
945 5466 975 5526 Is
989 5471 1088 5527 tamen
1105 5461 1181 5530 Oea.
1199 5460 1288 5529 Cato.
1313 5463 1353 5546 ¹⁰)
1369 5466 1495 5530 Sauone
1509 5467 1622 5529 Mariae
1637 5468 1772 5546 Virginis
1785 5467 1852 5533 Ed
1865 5467 1952 5553 Lipa
