4126 6280
419 507 494 584 216
921 533 1034 586 amna
1059 533 1302 586 ouonncnrus
1330 514 1443 606 (xrrr).
1676 512 1742 611 (Α.
1762 511 1808 584 D.
1827 508 1955 610 1455.)

416 833 596 904 merendre
619 833 786 905 teleoliae
809 833 1004 924 Wopevoda
1027 852 1152 906 renero
1176 853 1195 906 a
1218 836 1286 906 eutr
1307 837 1456 908 exurere
1478 835 1591 907 Petrus
1606 835 1765 908 sufficitur
1781 839 1817 906 at
1832 856 1853 904 a
1868 835 1955 924 tege

415 954 574 1026 Karimiro
597 956 810 1026 condrmotrr.
834 957 1048 1028 Sadachmath
1070 957 1293 1028 thaumarum
1319 957 1494 1048 Imperator
1515 957 1555 1028 ab
1571 957 1710 1046 irrigari
1725 957 1848 1044 riatur,
1872 957 1954 1045 Apo

545 1076 631 1147 dam
653 1077 812 1166 perlegit:
834 1077 888 1148 uti
910 1078 1001 1149 iussn
1023 1078 1120 1168 tegio
1142 1081 1272 1168 captur,
1296 1078 1406 1150 tilneo
1427 1080 1462 1150 tn
1485 1079 1615 1150 dromo
1637 1079 1814 1150 coniicitur.

521 1326 737 1416 Alexander,
766 1328 860 1400 tilius
889 1328 1074 1420 Stephani,
1094 1328 1282 1401 Valacbiae
1300 1329 1546 1420 Woyewodatu
1574 1328 1713 1402 brachio
1733 1332 1767 1400 et
1785 1327 1952 1401 assisten-

416 1447 466 1519 tia
493 1447 663 1520 Kanimiri
695 1449 803 1541 Regis
835 1449 1001 1521 Poloniae
1028 1449 1178 1540 potitus,
1213 1449 1308 1522 illico
1336 1450 1551 1541 petulantiae
1579 1453 1613 1522 et
1639 1449 1767 1521 nimiae
1797 1449 1949 1533 libidini,

414 1572 518 1659 atque
546 1569 706 1642 ebrietati
734 1569 889 1660 deditus,
919 1591 1050 1643 veneno
1078 1572 1120 1643 ab
1148 1571 1220 1658 bis,
1250 1592 1396 1663 quorum
1419 1591 1562 1658 uxores,
1590 1571 1751 1662 filiasque
1772 1577 1951 1662 stuprasse

414 1691 648 1780 asserebatur,
682 1691 859 1763 extinctus
892 1697 960 1764 est:
993 1691 1030 1764 in
1057 1692 1157 1764 cuius
1193 1693 1307 1764 locum
1339 1692 1467 1764 Petrus
1495 1691 1637 1784 quidam
1669 1691 1862 1781 ValacbuS,
1891 1693 1951 1784 qui

415 1811 509 1883 filius
537 1811 708 1883 naturalis
736 1813 930 1884 Alexandri
949 1813 1121 1905 quondam
1141 1813 1367 1905 Woyewodae
1387 1814 1414 1903 1)
1442 1813 1635 1901 dicebatur,
1662 1819 1867 1906 surrogatus
1885 1819 1948 1886 est.

415 1932 522 2023 Quem
550 1933 617 2004 etsi
644 1931 846 2006 Karimirus
879 1935 956 2006 Rex
983 1956 1003 2006 a
1030 1935 1277 2026 Woyewodatu
1310 1934 1509 2024 excludere,
1542 1939 1577 2007 et
1605 1935 1775 2026 quendam
1802 1935 1949 2006 Lithua-

415 2074 496 2124 num
524 2053 726 2142 instituere,
756 2055 950 2142 nitebatur,
978 2054 1084 2127 bellis
1111 2060 1227 2128 tamen
1253 2054 1420 2127 Prussiae
1452 2076 1529 2128 eum
1561 2055 1828 2143 distinentibuS,
1858 2055 1949 2147 cogi-

416 2179 490 2247 tata
526 2175 693 2267 nequiens
709 2173 740 2264 2)
776 2177 952 2267 perficere,
992 2177 1088 2248 Petri
1125 2176 1273 2268 praelati
1305 2176 1433 2249 crebris
1465 2177 1626 2268 precibus
1653 2181 1688 2251 et
1714 2176 1950 2268 legationibus

414 2301 633 2389 oppugnatus
649 2294 692 2385 ³),
721 2317 798 2369 eum
826 2297 863 2368 in
890 2295 1138 2389 Woyeriodatu
1165 2297 1352 2370 Valachiae
1379 2300 1570 2370 confirmat.
1600 2298 1834 2370 Sadachmath
1853 2297 1948 2369 insu·

413 2439 475 2508 per
501 2419 746 2490 Thartarorum
774 2418 987 2509 Imperator,
1017 2419 1060 2490 ab
1088 2418 1157 2490 alio
1182 2419 1394 2510 Imperatore
1414 2419 1659 2492 Thartarorum
1678 2418 1838 2512 Eczigeri
1858 2439 1948 2490 cam·

412 2539 612 2630 pestraliter
638 2543 835 2630 prostratus
863 2545 897 2613 et
923 2539 1099 2627 devictus,
1129 2539 1166 2612 in
1192 2540 1366 2632 Kpoviam
1390 2561 1468 2612 cum
1487 2561 1610 2612 norem
1631 2541 1715 2613 filiis
1735 2547 1770 2614 et
1788 2540 1949 2632 pluribus

414 2661 584 2732 uxoribus
616 2666 651 2732 et
677 2659 917 2752 Principibus,
954 2661 1242 2752 curiensibusque
1278 2661 1351 2733 suis
1387 2661 1536 2754 aufugit.
1574 2661 1629 2733 Ad
1661 2683 1762 2754 quem
1790 2661 1949 2732 Andreas

413 2781 642 2854 Odrowansch
668 2782 846 2872 palatinus
874 2787 908 2854 et
935 2782 1137 2874 capitaneus
1165 2782 1420 2873 Leopoliensis,
1457 2782 1557 2854 iussu
1593 2782 1690 2875 regio
1715 2803 1826 2874 usque
1854 2782 1949 2873 Kyo·

412 2902 504 2974 siam
532 2903 695 2976 accedens
711 2903 754 2991 ⁴),
783 2902 914 2994 ipsum,
942 2903 1104 2995 filiosque
1131 2908 1165 2976 et
1192 2903 1372 2994 Principes
1400 2923 1497 2990 suos,
1526 2903 1610 2976 licet
1632 2903 1823 2976 renitentes
1843 2909 1878 2976 et
1896 2924 1948 2974 re-

413 3023 594 3113 sistentes,
622 3023 660 3096 im
678 3029 791 3096 castro
811 3024 1021 3116 Kpoxiensi‚
1050 3024 1294 3097 dissimulante
1313 3023 1473 3098 Simeone
1492 3024 1586 3097 Duce
1605 3024 1816 3116 Kyoriensi,
1837 3023 1947 3115 capti-

412 3149 488 3232 vat;
516 3149 652 3226 caetera
678 3165 815 3237 quoque
841 3145 1030 3218 multitudo
1058 3145 1320 3234 Thartarorum,
1350 3165 1437 3237 quae
1457 3146 1705 3236 Imperatorem
1724 3145 1946 3236 sequebatur,

412 3272 446 3339 et
473 3267 510 3338 in
537 3266 680 3339 civitate
707 3266 876 3360 degendo,
905 3268 1016 3338 multa
1043 3272 1078 3338 et
1104 3267 1274 3340 horrenda
1301 3267 1503 3358 gravamina
1533 3265 1794 3358 Kyoriensibus
1822 3266 1946 3338 intere-

410 3388 486 3476 bat,
515 3394 689 3480 comperta
716 3387 919 3479 captivitate
948 3388 1196 3476 Sadachmath,
1225 3388 1267 3460 ab
1286 3387 1469 3479 oppidanis
1492 3387 1754 3478 Kyoxiensibus
1772 3386 1948 3458 trucidata

409 3514 474 3582 est.
503 3510 580 3601 Rex
607 3509 779 3599 tamenl),
808 3530 850 3581 ne
878 3509 1065 3582 Lithuanis
1093 3509 1309 3600 displiceret,
1339 3529 1485 3600 quorum
1513 3508 1618 3580 etiam
1637 3510 1675 3580 iu
1694 3508 1785 3580 illud
1799 3508 1831 3596 6)
1861 3513 1945 3580 tem·

409 3653 475 3722 pus
503 3631 614 3723 magis
649 3629 861 3722 profectibus
889 3635 923 3703 et
951 3631 1154 3720 commodis,
1193 3651 1295 3722 quom
1332 3630 1541 3702 Polonorum
1575 3631 1730 3718 larebat,
1767 3629 1946 3720 captivum

411 3753 643 3825 Sadachmath
670 3751 712 3824 de
739 3755 852 3823 castro
888 3752 997 3843 Kyow
1024 3751 1061 3824 in
1088 3751 1283 3844 Leopolim,
1320 3757 1424 3842 prout
1459 3750 1658 3823 ordinatum
1694 3755 1785 3837 erat,
1822 3749 1945 3822 deduci

409 3874 613 3966 prohibens,
641 3895 719 3945 oum
742 3873 778 3945 in
801 3872 1027 3945 Lithuaniam
1046 3872 1127 3945 duci
1145 3878 1180 3946 et
1198 3873 1235 3945 in
1253 3871 1389 3961 Wilno,
1409 3872 1507 3944 uelut
1525 3872 1719 3964 captiuum,
1740 3893 1818 3944 cum
1837 3891 1946 3941 uxore

410 3999 445 4068 et
472 3995 556 4067 filiis
584 3994 694 4066 teneri
721 3993 868 4066 ordinat.
901 3995 996 4067 Haec
1023 4015 1159 4086 quoque
1185 4015 1241 4066 ras
1268 3994 1478 4066 Polonorum
1510 3993 1643 4065 animos
1674 3993 1866 4084 plurimum
1895 3991 1944 4062 at-

409 4116 566 4209 tligebat,
595 4119 712 4207 aperte
739 4115 899 4187 omnibus
925 4115 1167 4207 palpantibus,
1197 4116 1327 4207 Regem
1343 4115 1374 4204 ⁷)
1406 4113 1630 4206 amplitudini
1658 4120 1693 4186 et
1718 4113 1797 4206 paci
1822 4113 1943 4184 Litua-

409 4259 532 4310 norum
557 4237 638 4329 plus
667 4257 769 4327 quam
796 4235 1021 4326 Polonorum,
1054 4235 1270 4328 propensiori
1302 4257 1384 4308 cura
1411 4235 1537 4308 favere.
1571 4235 1701 4307 Tantus
1734 4238 1851 4306 autem
1879 4233 1944 4303 luit

408 4359 584 4452 praetatus
613 4357 845 4430 Sadachmath
872 4359 1118 4430 Thartarorum
1146 4357 1269 4430 Caesar
1295 4377 1372 4429 cum
1396 4355 1496 4445 filiis,
1524 4377 1586 4448 per
1604 4355 1821 4428 Kanimirum
1841 4353 1941 4426 Polo-

408 4477 533 4569 niaefl)
561 4480 690 4572 Regem
717 4478 754 4550 iu
781 4478 907 4551 castris
934 4479 1144 4552 Lithuaniae
1171 4479 1236 4551 sub
1263 4477 1427 4571 diligenti
1454 4477 1613 4550 custodia
1640 4476 1742 4549 annis
1769 4475 1940 4568 pluribus.
2058 4557 2059 4562 Ν

515 4771 540 4858 ¹)
562 4775 731 4835 Voievodae
759 4773 918 4834 Valachiae
949 4769 1010 4832 Ed.
1042 4768 1133 4853 Lipa.
1165 4767 1189 4849 ²)
1213 4789 1272 4830 non
1293 4771 1396 4830 valens
1421 4764 1496 4831 Coa.
1523 4767 1590 4830 Lis.
1621 4767 1649 4850 3)
1671 4772 1854 4846 expugnatus
1876 4765 1939 4828 Ed.
2058 4781 2059 4806 ³

408 4877 500 4964 Lips.
523 4877 549 4960 ⁴)
571 4879 731 4940 adveniens
753 4875 816 4939 Ea.
839 4875 929 4959 Lips.
954 4873 979 4955 ὁ)
1002 4876 1065 4935 Rex
1087 4880 1183 4935 tamen
1208 4875 1367 4934 Oasimirus
1390 4870 1452 4935 Ed.
1476 4871 1568 4956 Lipe.
1585 4869 1612 4953 ⁶)
1628 4874 1658 4932 in
1674 4873 1755 4932 aliud
1769 4868 1829 4933 Ed.
1846 4869 1939 4953 Lips.

408 4983 434 5067 ⁷)
458 4985 568 5061 Regem
590 4983 762 5044 casimirum
785 4979 847 5044 Ea.
873 4979 963 5063 Lipa.
988 4978 1014 5056 ⁸)
1036 4980 1211 5040 Polonorum
1234 4975 1296 5040 Ed.
1320 4975 1410 5061 Lipr.
