4082 6284
390 539 464 611 354
897 561 1010 614 nmen
1035 561 1279 616 moouncnrus
1307 544 1422 632 (x111).
1655 537 1931 638 (Α.ῠ.1462.)
1996 535 1999 540 ’

388 746 583 838 periculum
618 746 742 838 ingens
773 751 915 838 propter
947 748 1123 821 exercitus
1151 748 1207 820 sui
1234 747 1448 839 paucitatem
1480 747 1632 834 veritus,
1667 748 1792 818 tallere
1819 747 1932 818 hostes

389 867 584 940 secessione
602 870 787 956 nocturna,
819 871 854 939 ot
871 867 1016 959 iungere
1035 889 1072 940 se
1091 867 1264 940 exercitui
1283 867 1421 940 Alberti
1441 867 1568 940 Gorski
1589 865 1810 957 disponebat.
1841 865 1933 956 Quod

389 1005 468 1058 cum
495 986 630 1058 efficere
658 987 819 1077 nequiret
846 988 980 1078 (hostes
1009 987 1102 1060 enim
1128 987 1255 1060 itinera
1283 987 1399 1060 omnia
1417 987 1578 1060 arborum
1597 985 1866 1058 detruncatione
1885 1007 1932 1056 se-

389 1105 578 1196 piveraut),
608 1106 821 1198 colloquium
850 1127 927 1179 cum
955 1107 1116 1180 hostibus
1144 1107 1307 1180 nonnulli
1326 1129 1369 1181 ox
1387 1107 1494 1201 regiis
1522 1107 1697 1180 militibus
1726 1105 1933 1196 poscendum

390 1225 599 1313 suadebant3
629 1226 690 1298 sed
717 1247 795 1298 oum
822 1227 907 1299 haec
935 1227 1088 1300 conditio
1116 1228 1230 1319 turpis
1258 1232 1473 1315 censeretur,
1503 1229 1592 1301 ferro
1620 1227 1689 1298 iter
1713 1224 1933 1317 aperiendum

391 1344 519 1418 caeteri
545 1345 785 1436 impellebant.
819 1345 894 1436 Qua
921 1347 1165 1420 sententiaeb
1193 1347 1354 1421 omuibus
1387 1347 1624 1438 comprobata,
1658 1330 1789 1418 Petrus
1823 1345 1934 1416 Dunin

392 1465 586 1537 exercitum
618 1465 661 1536 ad
687 1464 842 1537 hostiurn
874 1471 988 1540 castra
1019 1466 1133 1553 ducit,
1169 1471 1203 1540 et
1229 1487 1337 1559 prope
1365 1467 1530 1560 oppidum
1562 1467 1695 1538 Puczki
1732 1467 1855 1538 hostes
1887 1466 1931 1534 ol-

392 1585 552 1672 iendens,
580 1583 637 1657 dio
665 1583 828 1674 Veneris,
857 1587 991 1660 decima
1019 1587 1168 1678 septima
1196 1587 1326 1659 mensis
1355 1587 1586 1678 Septembris,
1615 1607 1694 1658 oum
1722 1585 1800 1657 illis
1820 1583 1933 1656 condi-

391 1703 456 1796 git.
485 1703 613 1796 Equite
641 1709 757 1778 autem
784 1706 937 1796 peditem
965 1708 1103 1795 volans,
1136 1727 1206 1778 non
1233 1705 1332 1798 prius
1360 1707 1478 1794 illum,
1512 1727 1615 1797 qnam
1644 1706 1688 1777 ad
1715 1725 1935 1796 congressum

392 1823 588 1914 ueniretur,
623 1825 769 1898 detexit.
803 1825 904 1898 Friou
938 1825 1597 1918 11111111116101611111111111111,
1634 1825 1792 1896 hostium
1820 1823 1934 1909 ducos,

392 1944 546 2016 maxima
574 1965 635 2036 spo
663 1965 744 2018 suos
764 1944 856 2017 inid
882 1945 1057 2037 praelium
1084 1945 1340 2034 animaverant,
1366 1949 1400 2017 et
1419 1945 1568 2037 Oasparo
1588 1943 1791 2017 Nostbwicu
1810 1947 1936 2028 autore,

393 2083 432 2136 eo
460 2085 497 2137 se
525 2070 626 2155 pacto
654 2065 951 2154 constrinxerant,
980 2071 1021 2138 ut
1047 2066 1166 2157 potius
1194 2069 1340 2138 mortem
1372 2069 1590 2156 oppeterent,
1626 2085 1731 2155 quam
1760 2065 1879 2155 fugam
1899 2064 1936 2150 ¹);

394 2187 429 2254 et
457 2183 488 2255 si
520 2183 600 2274 quis
641 2185 856 2276 profugeret,
890 2185 1056 2258 Polonias
1089 2185 1196 2279 Regis
1233 2190 1364 2259 extunc
1403 2185 1502 2258 fieret
1534 2183 1712 2276 captivus,
1747 2203 1812 2254 nec
1844 2203 1937 2254 secus

394 2323 498 2394 quam
526 2308 649 2394 eaptus
677 2303 714 2376 in
741 2304 871 2396 regiam
899 2305 1141 2396 captivitatem
1171 2326 1207 2378 ss
1236 2305 1360 2378 sistere
1393 2308 1579 2377 teneretur.
1614 2304 1670 2376 Ab
1698 2307 1850 2393 utraque
1877 2302 1937 2373 ita-

395 2442 463 2512 que
490 2426 590 2513 parte
617 2423 770 2495 maximo
798 2424 992 2496 animorum
1020 2424 1157 2512 ardore,
1178 2424 1400 2516 maximaque
1419 2424 1582 2497 vincendi
1602 2444 1663 2514 spe
1681 2422 1857 2513 praelium
1876 2421 1936 2492 ini-

393 2546 470 2613 tum
498 2547 562 2614 ost.
592 2542 663 2615 Ubi
690 2543 727 2614 iu
754 2543 831 2634 ipso
858 2545 1114 2636 congressionis
1142 2544 1295 2617 acierum
1314 2543 1462 2616 articulo
1482 2545 1615 2617 Paulus
1635 2542 1842 2633 Iassyenslri
1869 2546 1937 2631 (ou-

394 2659 521 2734 rionsis
537 2659 568 2750 2)
595 2662 653 2733 hic
679 2662 797 2754 regius
825 2668 914 2750 erat,
943 2664 985 2736 de
1012 2663 1113 2736 domo
1142 2664 1326 2753 Gozdaua)
1346 2664 1383 2736 in
1401 2669 1583 2755 protensas
1602 2662 1761 2734 hostiurn
1780 2662 1851 2734 iam
1870 2662 1937 2732 lan-

395 2801 473 2853 ceas
500 2802 563 2872 per
588 2785 828 2854 transversum
855 2783 1076 2856 volocissime
1103 2783 1299 2876 impingens
1328 2789 1363 2856 et
1390 2785 1529 2856 lanceas
1558 2783 1707 2855 hostiles
1736 2782 1937 2872 dispellens,

396 2921 516 2972 omnes
543 2901 636 2972 ictus
664 2923 782 2973 earum
810 2903 1010 2975 frustravit:
1040 2908 1251 2996 quapropter
1269 2903 1400 2976 milites
1419 2904 1524 2996 regii,
1544 2904 1581 2975 in
1599 2903 1712 2994 prima
1731 2901 1841 2973 locati
1860 2901 1938 2987 acie,

397 3018 500 3092 facile
526 3019 682 3093 hostium
710 3021 851 3114 primos
869 3023 1025 3110 ordines,
1054 3023 1199 3096 deiectis
1227 3024 1300 3111 his,
1330 3023 1391 3114 qui
1410 3044 1468 3096 eos
1488 3023 1676 3110 ducebant,
1708 3027 1742 3094 61
1761 3022 1799 3092 in
1820 3027 1939 3092 terram

396 3159 508 3230 usque
535 3141 742 3230 prostratis,
771 3141 1006 3236 perfringunt.
1035 3142 1139 3215 Nihil
1161 3144 1281 3216 hostes
1301 3164 1340 3215 oo
1359 3143 1505 3215 vulnero
1532 3143 1696 3234 permoti,
1727 3142 1765 3212 in
1793 3161 1938 3232 pugnam

396 3262 515 3330 ruunt.
545 3259 740 3332 certamine
768 3282 905 3353 quoque
932 3283 952 3334 a
979 3268 1078 3354 parte
1105 3269 1254 3354 utraque
1280 3263 1492 3350 instaurato,
1522 3263 1635 3334 tribus
1655 3268 1691 3333 11
1709 3261 1866 3352 amplius
1886 3262 1939 3331 ho-

397 3377 447 3449 ris
480 3378 661 3466 acerrime,
695 3379 856 3471 pluribus
879 3382 962 3456 hina
985 3382 1066 3454 inde
1099 3383 1321 3471 cadentibus,
1354 3383 1567 3455 decertatum
1584 3381 1626 3468 ³),
1664 3382 1774 3454 donec
1802 3387 1940 3470 uterque

398 3497 573 3570 exercitus
601 3498 785 3591 fatigatus,
816 3502 917 3592 quasi
944 3523 988 3574 ex
1016 3503 1208 3594 composito
1226 3524 1344 3594 pugna
1363 3502 1508 3588 omissa,
1528 3502 1565 3573 in
1584 3521 1723 3588 currus,
1746 3521 1836 3591 quos
1854 3509 1939 3570 utra-

399 3637 466 3708 que
492 3637 573 3708 pars
600 3639 662 3710 pro
690 3619 816 3692 castris
843 3621 1049 3712 reliquerat,
1084 3643 1121 3695 se
1147 3623 1294 3714 recepit:
1328 3622 1389 3694 ubi
1416 3622 1599 3713 paululum
1626 3622 1852 3706 immoratus,
1880 3641 1940 3690 non

399 3735 442 3807 od
469 3758 638 3828 pugnam,
668 3739 729 3810 sad
756 3739 798 3812 ad
818 3740 1095 3832 persequendum
1119 3741 1255 3814 hostem
1284 3742 1514 3832 (debellatum
1533 3741 1662 3813 etenim
1681 3747 1833 3830 uterque
1852 3760 1940 3811 exer·

400 3855 491 3927 citus
520 3863 555 3928 ot
581 3878 643 3948 pro
671 3857 764 3930 victo
792 3859 942 3932 alterum
971 3861 1157 3934 secessisse
1185 3861 1393 3950 crediderat)
1420 3861 1692 3954 regrediebatur.
1728 3861 1814 3932 lllio
1842 3859 1941 3930 maior

400 3995 504 4066 quam
531 3998 594 4068 pro
621 3999 782 4067 numero,
811 3981 993 4054 temerario
1021 3981 1149 4074 magis,
1180 4003 1283 4073 quam
1311 3987 1468 4068 strenue,
1499 3980 1621 4052 alteris
1639 3980 1676 4052 in
1695 3980 1828 4050 alteros
1847 3999 1941 4050 rueu·

400 4095 513 4182 tibus,
543 4096 664 4169 caedes
693 4097 786 4170 edita
813 4105 882 4186 est;
917 4104 951 4172 et
977 4100 1145 4173 Friououe
1173 4101 1369 4174 Rawnsklro
1396 4101 1579 4191 capitaneo
1608 4098 1842 4171 cruciferiaae
1870 4119 1937 4189 par-

402 4213 449 4286 tis
477 4215 649 4304 sauciato,
678 4217 820 4289 hostilis
848 4218 940 4291 acies
967 4221 1182 4294 retrocedere
1197 4221 1229 4308 ⁴)
1257 4225 1391 4308 coacta,
1420 4219 1585 4292 deteriori
1611 4219 1686 4290 loco
1717 4239 1795 4290 esse
1824 4217 1940 4308 coepit.

401 4333 629 4407 Multitudine
657 4341 772 4408 tamen
801 4337 904 4426 freta,
934 4341 1084 4430 propelli
1113 4341 1156 4411 ad
1183 4341 1326 4432 plenum
1353 4361 1422 4411 uon
1449 4339 1582 4431 potuit,
1612 4337 1672 4408 sed
1700 4338 1737 4408 in
1766 4359 1883 4429 pugna
1904 4337 1940 4407 ad

401 4455 506 4526 horae
533 4455 639 4526 unius
667 4456 820 4547 spatium
853 4457 1042 4532 fortissime
1075 4459 1261 4549 dimicans,
1291 4481 1311 4530 a
1338 4461 1549 4531 Polonorum
1581 4457 1757 4548 peditatu,
1792 4458 1830 4528 iu
1857 4459 1940 4528 latus

402 4593 504 4645 suum
532 4574 695 4646 doxtrum
722 4595 784 4666 por
811 4575 1019 4649 balistarum
1048 4579 1197 4670 sagittas
1217 4579 1432 4666 incurrente,
1461 4577 1623 4669 pluribus
1642 4577 1851 4649 vulneribus
1869 4597 1938 4648 con-

403 4693 509 4780 fecta,
545 4693 718 4767 sustinere
750 4695 920 4786 impetum
953 4697 1173 4786 Polonioum,
1207 4698 1290 4770 hino
1322 4697 1452 4790 equitis
1481 4718 1501 4769 a
1529 4698 1658 4783 fronte,
1692 4695 1795 4767 illinc
1822 4696 1938 4788 peditis

402 4813 574 4898 alatero,
603 4834 673 4884 nou
699 4815 837 4904 valens,
866 4815 903 4887 iu
931 4817 1049 4909 fugam
1068 4837 1105 4889 se
1125 4817 1243 4890 vertit.
1272 4817 1425 4890 dolleoto
1458 4816 1581 4890 deiude
1614 4816 1731 4907 equite
1759 4822 1796 4888 et
1822 4816 1936 4906 pedite,

402 4953 464 5024 per
491 4933 609 5024 fugam
636 4934 783 5024 primam
811 4935 893 5008 hino
911 4941 946 5009 et
963 4936 1046 5010 hinc
1075 4959 1212 5029 sparso,
1241 4935 1427 5029 verbisque
1445 4937 1488 5009 ad
1508 4935 1772 5008 instaurandam
1798 4955 1936 5027 pugnarn

403 5051 573 5142 animato,
603 5052 646 5124 ad
674 5053 880 5127 tentandum
898 5055 941 5129 do
958 5056 1095 5148 integro
1115 5061 1289 5130 certamen
1308 5056 1409 5129 Friou
1429 5055 1626 5128 Rawnolrlre
1645 5055 1763 5127 rediit.
1794 5055 1860 5127 Sed
1878 5053 1935 5144 pri·

512 5323 888 5405 1)661111113611161ἳά.
913 5325 1004 5412 Lipr.
1036 5325 1292 5408 21111111111111.
1325 5327 1417 5412 Lipa.
1450 5327 1477 5408 ³)
1500 5329 1680 5391 decertatum
1703 5335 1749 5389 est
1773 5325 1835 5392 Ed.
1860 5326 1930 5410 Lipr

405 5423 434 5514 ⁴)
455 5429 639 5498 introcedere
662 5427 724 5496 Ed.
752 5427 845 5522 Lipa
