4264 6280
391 521 438 594 58
896 543 1011 596 arcura
1037 541 1282 595 nuouncrrrus
1310 521 1424 612 (xrrr).
1660 517 1726 618 (Α.
1747 517 1792 591 D.
1811 516 1943 615 1448.)

387 750 471 820 pum
490 730 529 818 ¹),
563 750 642 801 cum
673 728 715 801 de
747 728 823 800 iure
854 749 924 801 non
956 733 1108 820 poterat,
1147 729 1189 802 de
1222 729 1314 800 facto
1350 725 1558 799 transfudit:
1598 725 1744 799 Niklino
1782 725 1942 799 Ghebdue

387 853 510 922 ainre
538 849 735 937 electionis,
765 853 800 922 et
828 850 901 921 suis
929 849 1064 921 duobus
1093 848 1319 936 electoribus,
1350 848 1505 920 Iohanne
1533 845 1699 920 videlicet
1726 847 1885 921 theodae
1905 849 1940 918 et

386 970 533 1042 Nicolao
561 969 803 1058 Glamboczhi,
834 991 877 1041 ex
907 970 1085 1061 proposito
1114 971 1317 1041 nullatenus
1346 968 1546 1039 volentibus
1571 969 1702 1041 cedere.
1732 967 1943 1040 Publicatur

385 1090 506 1181 itaque
533 1089 843 1162 Wladislaviensis
877 1089 1031 1182 episcopi
1047 1089 1078 1179 2)
1106 1089 1311 1180 postulatio.
1347 1088 1478 1160 Sedet
1507 1087 1683 1161 Iohannes
1716 1087 1874 1160 Chebdee
1904 1093 1940 1158 et

388 1209 557 1282 Nicolaus
586 1210 827 1299 Glambocchi,
857 1211 913 1282 sui
933 1211 1034 1283 electi
1055 1211 1180 1283 Nihlin
1196 1208 1226 1299 3)
1255 1210 1459 1282 electionem
1483 1210 1677 1301 publicant.
1707 1209 1893 1282 Decretum
1909 1209 1941 1296 4)

388 1331 639 1422 postulationis
667 1331 865 1403 conficitur:
896 1333 952 1404 cui
980 1331 1291 1404 Wladislaviensis
1319 1330 1562 1423 episeopus⁵)‚
1597 1331 1680 1401 dum
1713 1329 1781 1402 sihi
1814 1329 1943 1400 luisset

389 1451 562 1539 oblatum,
592 1457 758 1542 tanquam
786 1473 806 1522 a
834 1452 957 1523 maiori
985 1458 1020 1524 et
1048 1453 1178 1524 saniori
1211 1451 1366 1543 Capituli
1397 1456 1496 1542 parte
1525 1451 1745 1542 postuletne,
1774 1449 1817 1521 de
1843 1447 1942 1541 regio

388 1571 505 1644 favore
532 1593 601 1644 non
629 1573 799 1662 incertus,
829 1573 972 1664 praebet
999 1580 1142 1665 rogatus
1171 1592 1361 1664 congruum
1391 1592 1610 1644 consensum.

419 1925 561 2016 hungari
584 1944 655 1998 oum
677 1925 819 1997 Iohanne
842 1926 882 1998 de
905 1927 1030 1998 dunler
1052 1929 1167 1998 contra
1190 1926 1310 1997 lurcos
1331 1925 1482 2014 protecti,
1507 1925 1547 1995 ab
1571 1925 1619 1995 eis
1642 1925 1910 2013 prosternuntur,

535 2049 571 2118 et
593 2045 754 2134 lohannes
777 2045 817 2118 de
839 2046 964 2118 dahiud
987 2047 1218 2136 captivitatem
1240 2063 1359 2136 passus
1381 2046 1512 2116 biennio
1534 2063 1592 2135 per
1615 2045 1802 2117 llaceienos.

494 2295 671 2367 Iohannes
699 2293 741 2366 de
761 2293 904 2366 Huniud
922 2295 1036 2386 Regni
1055 2293 1258 2385 Hungariae
1276 2294 1504 2384 gubernator,
1535 2313 1637 2384 quem
1665 2291 1869 2384 largitione,
1898 2291 1940 2362 li-

390 2417 577 2489 beralitate
605 2420 639 2489 et
667 2417 785 2487 favore
813 2415 1003 2488 Wladislai
1032 2414 1235 2507 Hungariae
1262 2420 1296 2487 et
1324 2415 1492 2486 Poloniae
1519 2413 1645 2506 Regis,
1676 2433 1718 2484 ex
1737 2411 1857 2503 parvis
1877 2411 1940 2482 mi-

392 2535 567 2627 nimisque
595 2535 780 2627 principiis
809 2537 852 2607 ad
879 2537 1030 2608 multum
1058 2535 1192 2628 gloriae
1220 2539 1325 2626 atque
1344 2535 1521 2626 potentiae
1542 2533 1725 2606 constabat
1744 2531 1940 2618 emersisse,

392 2657 539 2728 collecto
567 2677 691 2749 magno
720 2677 762 2728 ex
790 2657 987 2749 Hungaris,
1016 2655 1175 2742 Polonis,
1206 2655 1387 2742 Bohemis,
1417 2654 1619 2742 Almannis,
1649 2653 1801 2744 aliisque
1828 2651 1940 2723 natio-

392 2777 513 2864 nibus,
542 2798 629 2867 quas
657 2777 755 2869 largo
784 2777 958 2868 stipendio
978 2777 1207 2863 conduxerat,
1238 2775 1410 2863 exercitu,
1440 2775 1521 2848 feeit
1544 2773 1802 2866 expeditionem
1823 2776 1943 2843 contra

393 2897 539 2983 lurcos,
569 2901 603 2969 et
631 2896 723 2968 circa
742 2898 870 2969 festum
891 2897 1010 2969 Sancti
1030 2896 1212 2969 Michaelis
1227 2895 1270 2986 ὅ),
1301 2918 1378 2968 cum
1398 2895 1613 2967 notabilibus
1633 2893 1823 2967 baronibus
1843 2893 1941 2964 Hun-

393 3017 511 3109 gariae
531 3021 566 3088 et
584 3017 741 3089 exercitu
760 3017 955 3108 praedicto,
981 3018 1074 3089 omni
1093 3038 1217 3108 genere
1236 3039 1352 3089 rerum
1372 3015 1576 3088 bellicarum
1597 3015 1735 3106 copiose
1754 3015 1939 3098 instructo,

394 3137 523 3209 vadum
554 3136 683 3208 transit
714 3137 879 3210 Danubii.
914 3138 1035 3229 Coepit
1067 3145 1183 3209 autem
1210 3158 1273 3228 per
1300 3137 1452 3209 medium
1480 3137 1626 3228 Despoti
1658 3135 1823 3222 Rosciae,
1857 3135 1941 3206 Tur-

394 3279 512 3330 corum
540 3257 665 3330 Caesar
691 3277 810 3348 pacem
839 3261 971 3349 petere,
1003 3256 1149 3330 offerens
1168 3279 1229 3349 pro
1249 3257 1373 3329 maiori
1392 3257 1492 3329 illius
1516 3257 1697 3344 firmitate,
1727 3260 1837 3326 totam
1857 3254 1941 3326 Bul·

394 3379 526 3471 goriam
543 3379 586 3468 ⁷),
616 3399 719 3468 quam
747 3399 768 3449 a
794 3377 917 3450 multis
946 3379 1047 3450 annis
1076 3379 1131 3450 sui
1159 3379 1442 3470 praedecessores
1476 3377 1698 3468 subiugatum
1727 3374 1941 3460 detinebant,

394 3497 540 3571 liberam
572 3498 771 3594 relinquere
800 3504 834 3571 et
861 3499 1076 3590 expeditam,
1116 3505 1150 3572 et
1182 3501 1373 3572 notabilem
1410 3499 1487 3570 auri
1523 3499 1658 3571 solvere
1697 3495 1941 3590 quantita-tem.

394 3620 477 3710 Ipse
504 3641 586 3692 vero
614 3619 788 3691 Iohannes
817 3619 857 3691 de
886 3619 1045 3707 Huniad,
1083 3620 1202 3692 habito
1239 3642 1317 3692 cum
1356 3619 1502 3692 Nicolao
1540 3615 1774 3706 Lassocclrifl)
1807 3617 1943 3688 Decano

396 3739 635 3823 cracoviensi,
665 3739 724 3829 qui
753 3744 838 3811 tune
865 3741 908 3811 ad
929 3743 1118 3811 tractatum
1136 3739 1338 3812 huiusmodi
1357 3747 1500 3832 rogatus
1520 3739 1632 3827 vonit,
1662 3744 1697 3811 et
1715 3737 1865 3810 aliorum
1885 3737 1943 3808 ba·

396 3880 519 3930 renum
548 3857 750 3950 Hungariae
784 3859 931 3931 consilio
960 3865 994 3933 et
1022 3860 1289 3947 deliberatione,
1324 3861 1419 3931 ultra
1452 3859 1570 3932 oblata
1601 3881 1662 3951 per
1690 3859 1856 3945 Tureum,
1885 3879 1943 3949 pc·

397 3977 510 4066 tebet,
538 3985 578 4050 ut
606 3978 711 4050 etiam
739 3981 825 4051 fines
857 3979 1048 4052 Romanius
1081 3981 1280 4068 excederet,
1311 3986 1345 4052 ot
1372 3981 1416 4052 ad
1445 3982 1558 4053 solum
1590 3982 1707 4054 natale
1740 3981 1777 4052 in
1805 3979 1943 4050 Natho·

395 4099 497 4185 liam,
526 4099 617 4170 unde
636 4099 809 4185 exiverat,
839 4101 979 4172 rediret.
1010 4099 1107 4192 Quod
1127 4101 1209 4173 dum
1230 4102 1362 4174 Turcns
1382 4101 1493 4174 lacere
1512 4107 1670 4194 negaret,
1698 4100 1795 4192 pacis
1814 4105 1943 4170 tracta·

395 4225 453 4292 tus
481 4226 607 4310 ruptus
634 4225 702 4307 est,
733 4224 767 4292 et
796 4220 970 4292 exereitus
998 4221 1193 4292 catholicus
1222 4222 1286 4294 sub
1310 4221 1484 4311 ducatul)
1513 4221 1683 4313 praedicti
1710 4219 1880 4292 Iohannis
1901 4219 1943 4291 de

395 4340 554 4429 Huniad,
584 4341 808 4412 transfretato
837 4339 1012 4428 Danubio,
1042 4361 1164 4413 versus
1192 4347 1304 4414 terras
1333 4348 1368 4414 et
1395 4342 1558 4414 Dominis
1589 4344 1777 4414 lurcorum
1806 4361 1943 4431 proces-

398 4460 456 4532 sit.
486 4459 647 4552 Gyrando
667 4469 783 4532 autem
803 4461 848 4547 ¹⁰)
876 4461 1066 4533 Turcorum
1094 4461 1271 4550 Dominio,
1301 4461 1490 4534 transitum
1518 4483 1579 4553 per
1606 4468 1717 4534 terras
1741 4459 1890 4533 Rosciae
1910 4463 1944 4532 et

397 4579 583 4668 Albaniae,
613 4579 774 4652 Dominio
794 4581 939 4671 Despoti
960 4581 1151 4660 subiectas,
1181 4583 1278 4670 fecit,
1300 4604 1386 4674 quas
1406 4583 1530 4654 hostili
1550 4583 1758 4655 crudelitate
1776 4602 1846 4654 non
1866 4602 1943 4672 spo-

397 4699 457 4771 liis
477 4701 608 4788 solum,
629 4701 689 4771 sed
710 4700 754 4790 ¹¹)
782 4700 945 4772 caedibus
966 4706 999 4772 et
1019 4701 1204 4774 exustione
1224 4703 1389 4775 foedavit.
1419 4703 1702 4795 indignationem
1726 4702 1818 4775 enim
1838 4703 1908 4775 etl
1931 4741 1943 4753 ·

506 5024 529 5106 ¹)
552 5027 747 5087 Wladislaum
770 5023 1049 5087 wladislaviensem
1073 5029 1241 5104 episcopum
1271 5023 1327 5092 Ed.
1351 5025 1442 5108 Lips.
1467 5025 1491 5105 ¹)
1516 5027 1673 5089 Wladislai
1688 5027 1946 5088 Wladislavieusis

396 5131 528 5207 episcopi
550 5127 613 5191 Ed.
637 5129 727 5214 Lipa.
760 5129 787 5209 ³)
809 5131 935 5207 Nihliny
967 5130 1086 5191 Dhebde
1115 5129 1179 5192 Ed.
1203 5129 1293 5212 Lipo.
1326 5129 1350 5208 ¹)
1374 5132 1591 5206 Decretumque
1614 5127 1676 5192 Ed.
1700 5128 1791 5212 Lips.
1816 5127 1842 5209 ¹)
1866 5129 1946 5188 Wla-

395 5233 508 5294 dislaus
530 5233 789 5294 Wladislaviensis
813 5235 968 5310 episeopus
991 5231 1054 5296 Ed.
1079 5232 1169 5317 Lipa
1194 5232 1220 5313 ⁶)
1245 5235 1274 5294 S.
1298 5235 1433 5295 Michael.
1456 5235 1638 5311 Archangeli
1654 5231 1716 5294 Ec.
1734 5229 1826 5314 Lips.
1846 5230 1871 5307 ⁷)
1889 5239 1946 5293 ter-

394 5355 457 5396 ram
488 5336 647 5412 Bulgariae
676 5333 739 5398 Ed.
776 5333 864 5419 Lips.
897 5335 922 5415 ⁸)
945 5338 1128 5414 Lyassoczki
1158 5335 1221 5399 Ed.
1252 5333 1344 5422 Lips.
1370 5335 1396 5417 ¹)
1421 5339 1475 5398 sub
1499 5339 1618 5398 ductum
1641 5333 1702 5399 Ea.
1727 5333 1820 5418 Lipe.
1850 5334 1888 5414 ¹⁰)
1912 5335 1947 5394 ln

395 5439 492 5508 eundo
514 5445 613 5501 autem
636 5441 674 5500 ad
697 5437 759 5501 Ed.
783 5437 876 5522 Lc‘ps.
905 5439 943 5520 ¹¹)
968 5441 1020 5500 sed
1044 5441 1131 5501 etiam
1154 5437 1216 5502 Ec.
1241 5438 1333 5522 Lips.
