4126 6280
937 539 1049 593 aranu
1075 539 1318 593 nuonncnrus
1346 522 1460 612 (x111).
1692 513 1759 618 (Α.
1780 513 1826 591 D.
1847 517 1959 620 1457.)

1508 881 1515 890 η

873 961 1085 1075 ANNUS
1123 960 1352 1076 DOMINI
1387 960 1509 1077 1457

765 1208 975 1280 &contactio
997 1209 1087 1281 bauti
1109 1207 1258 1281 &nunti
1281 1208 1423 1299 episcopi
1445 1207 1638 1281 lborianria.

533 1457 597 1530 Die
624 1456 736 1549 prima
763 1455 918 1531 Ianuarii
938 1459 965 1546 ¹)
992 1459 1115 1531 beatus
1147 1457 1346 1532 (ismundus
1362 1456 1394 1548 ²)
1423 1459 1606 1551 episcopus
1637 1457 1842 1531 Eborieusis
1859 1455 1901 1547 ³),
1928 1457 1962 1529 da

428 1579 548 1671 Regno
576 1577 741 1671 angliae,
771 1578 832 1670 qui
859 1600 879 1651 a
907 1579 1072 1652 trecentis
1100 1555 1135 1654 et
1153 1579 1409 1673 quinquaginta
1427 1579 1529 1653 annis
1547 1579 1664 1654 iacens
1683 1578 1720 1651 in
1737 1580 1888 1672 pulvera
1906 1579 1960 1650 mi·

426 1699 557 1772 ranulis
584 1699 804 1789 coruscabat,
833 1721 895 1791 per
917 1689 1100 1773 ‘calixtum
1127 1699 1258 1793 Papam
1286 1700 1429 1774 tertium
1457 1701 1587 1774 Romae
1615 1699 1652 1772 in
1680 1700 1829 1775 ecclesia
1851 1699 1960 1773 Sancti

426 1820 525 1894 Petri
551 1820 774 1895 canonisatus
803 1827 857 1894 eet
884 1826 919 1895 et
945 1823 1103 1915 catalogo
1132 1821 1338 1895 Sanctorum
1366 1821 1576 1915 adscriptus.

454 2177 633 2249 kazimirus
655 2177 724 2250 lex
746 2177 780 2249 in
803 2178 1020 2250 mancatione
1043 2179 1189 2269 genarati
1212 2179 1324 2252 latam
1346 2143 1510 2252 celebrata
1532 2179 1711 2252 lithuanor
1732 2195 1790 2270 pro
1813 2179 1947 2269 arpenta

750 2299 915 2390 logatione
939 2300 980 2372 at
1002 2317 1040 2373 aa
1061 2301 1219 2392 repertori
1242 2319 1328 2375 anno
1349 2302 1464 2390 niara,
1486 2303 1645 2393 increpat.

529 2549 731 2623 Karimirus
758 2549 925 2624 Poloniae
952 2551 1045 2641 Rex,
1074 2551 1157 2624 dum
1183 2552 1221 2625 iu
1248 2551 1439 2626 Lithuania
1466 2573 1566 2625 omna
1586 2557 1723 2644 tempus
1741 2551 1874 2625 hiemis
1899 2551 1964 2624 ani-

425 2677 538 2766 gorat‚
568 2672 671 2765 plura
696 2672 837 2765 negotia
863 2671 1075 2747 Lithnaniaa
1102 2675 1345 2766 componebat,
1374 2673 1569 2747 Lithuanos
1589 2693 1725 2766 quoque
1744 2673 1847 2746 noris
1870 2673 1965 2746 rebus

427 2793 608 2868 studentes
635 2798 671 2866 at
697 2793 739 2865 da
767 2793 1019 2868 substitutione
1047 2795 1193 2869 alterins
1221 2794 1339 2890 Magni
1362 2795 1470 2869 Ducis
1485 2797 1517 2886 ⁴)
1545 2795 1660 2868 varios
1685 2799 1721 2868 et
1739 2795 1881 2868 crebros
1900 2794 1965 2887 agi-

426 2919 542 2988 tantes
571 2934 763 3004 sormones,
792 2914 1015 3007 compescuit.
1045 2916 1278 2990 Consentiona
1306 2921 1423 2990 autem
1449 2916 1605 3009 generali
1632 2917 1668 2990 in
1696 2915 1814 2989 Wilno
1833 2937 1899 3008 pro
1917 2915 1966 2988 (lie

427 3035 638 3109 Natiuitatis
666 3035 798 3109 Christi
825 3036 1014 3125 celebrata,
1044 3041 1079 3110 at
1107 3037 1258 3131 singulis
1286 3037 1432 3130 Boyaris
1460 3037 1764 3126 conuenientibus,
1794 3037 1892 3126 Rex,
1920 3037 1965 3108 di-

426 3157 527 3232 cendi
553 3157 814 3250 opportunitate
840 3162 943 3231 nacta
958 3158 1000 3248 ⁵),
1029 3159 1237 3252 gravissime
1265 3159 1459 3232 Lithuauos
1491 3157 1534 3232 de
1561 3159 1667 3232 cruda
1700 3157 1894 3252 legatione,
1922 3160 1966 3230 fa·

426 3277 590 3352 tuitatem
618 3283 653 3353 et
681 3279 878 3372 superbiam
906 3278 943 3352 in
971 3302 1008 3353 se
1034 3280 1228 3368 redolente,
1258 3280 1301 3353 ad
1329 3301 1366 3354 se
1393 3281 1431 3353 in
1458 3279 1657 3354 Lanciciam
1680 3279 1832 3372 perlata,
1864 3277 1965 3353 corri-

425 3399 480 3493 pit
507 3405 542 3474 ot
569 3399 741 3495 obiurgat.
776 3401 885 3494 Quam
910 3422 987 3474 cum
1012 3401 1205 3476 universali
1237 3401 1485 3476 acclamatione
1517 3423 1635 3475 omnes
1663 3400 1907 3475 inficiarentnr
1932 3419 1966 3472 sa

425 3521 624 3612 intimasse,
654 3523 714 3596 sed
740 3544 805 3596 nec
831 3523 872 3596 de
900 3522 964 3595 illa
991 3522 1177 3616 quicquam
1198 3523 1345 3596 scivisse
1378 3529 1440 3597 aut
1458 3522 1691 3612 consensisse,
1725 3521 1965 3615 deposcerent-

427 3664 494 3736 que
521 3645 685 3718 authores
712 3649 784 3717 tam
812 3644 931 3718 foedae
958 3649 993 3718 at
1021 3645 1190 3737 superbae
1218 3644 1405 3739 legationis
1433 3642 1967 3738 adpoanam10mnisculpaiu

426 3764 715 3855 Gasthauiumi)
733 3766 860 3856 relata,
881 3765 981 3858 qnasi
999 3765 1062 3856 ille
1080 3765 1205 3839 unicus
1220 3765 1346 3840 fuisset
1364 3765 1440 3839 eius
1459 3765 1636 3840 conflator.
1657 3764 1819 3858 Quicum
1835 3785 1872 3838 sa
1887 3785 1965 3857 pnr-

424 3907 507 3980 gara
521 3887 563 3959 de
577 3886 764 3981 legationis
783 3886 978 3963 temeritate
996 3887 1115 3962 iussus
1136 3887 1275 3977 fuisset,
1297 3887 1334 3960 in
1353 3887 1558 3962 seditionem
1577 3907 1650 3960 ram
1669 3885 1760 3961 uarti
1774 3893 1811 3960 at
1826 3885 1967 3978 aliquoi

425 4007 568 4102 gravius
595 4007 790 4102 periculum
818 4008 947 4082 exoriri
975 4009 1052 4083 Rex
1079 4012 1255 4098 metucns,
1284 4013 1492 4083 conventum
1525 4007 1707 4095 dissolrit;
1741 4006 1967 4100 sequentibus

426 4149 563 4222 quoquo
590 4128 712 4204 diebus
740 4129 818 4203 Rex
846 4151 939 4203 more
966 4151 1045 4218 suo,
1075 4129 1241 4204 scismata
1268 4135 1303 4202 et
1330 4151 1498 4203 nonarum
1525 4150 1641 4202 rarum
1669 4133 1785 4201 motus
1808 4149 1884 4200 nou
1907 4149 1967 4220 pu·

425 4251 558 4324 nitione
586 4256 648 4324 aut
675 4251 848 4325 coertione
876 4250 1016 4340 merita,
1046 4251 1106 4324 sed
1133 4251 1342 4325 tractatibus
1369 4250 1565 4340 benevolis
1594 4249 1782 4343 largitione
1800 4250 1830 4339 ⁷)
1859 4255 1895 4323 at
1913 4247 1966 4322 be·
2043 4279 2045 4374 p

424 4371 615 4466 nignitate,
648 4390 692 4444 on
725 4371 852 4465 quibus
884 4393 970 4466 gens
1001 4373 1066 4445 illa
1092 4371 1173 4465 plus
1203 4371 1330 4446 furoris
1358 4375 1393 4446 at
1420 4371 1585 4445 audaciae
1613 4374 1739 4464 expost
1766 4370 1966 4455 ructandaa
2044 4379 2045 4430 ὲ

426 4515 530 4587 quam
557 4515 660 4567 curae
688 4499 723 4567 at
751 4515 854 4568 sanae
882 4493 1009 4568 mentis
1037 4487 1211 4586 concapit,
1241 4493 1355 4582 sedat;
1383 4492 1519 4566 nuntiis
1547 4513 1684 4586 quoqne
1707 4513 1751 4566 ox
1770 4490 1920 4564 Polonia
1937 4499 1968 4562 at
2043 4473 2045 4540 i

427 4615 572 4688 Prassia
598 4616 642 4689 ad
669 4636 748 4689 eum
775 4615 1015 4705 uenientibus,
1044 4615 1289 4705 remuneratis,
1323 4613 1554 4708 carnisprivii
1585 4615 1659 4688 dies
1690 4613 1729 4686 in
1755 4612 1907 4700 Rodum
1936 4614 1968 4684 at

425 4740 634 4811 conventum
661 4736 940 4810 consiliariorum
968 4736 1005 4810 iu
1033 4737 1217 4829 Pyotrkou
1246 4759 1307 4829 pro
1335 4735 1518 4810 Dominica
1544 4734 1658 4828 prima
1677 4733 1967 4828 Quamagesimaa
2043 4717 2045 4872 )

414 4858 699 4946 celebraturum,
729 4863 763 4933 at
790 4857 916 4937 exinde
943 4857 980 4932 iu
1007 4857 1188 4932 Prassiam
1208 4879 1245 4932 sc
1263 4857 1484 4931 diversarum
1502 4855 1694 4949 respondit.
1723 4855 1768 4928 Iu
1785 4855 1879 4928 huuc
1898 4873 1966 4926 mo·
2044 4887 2045 4920 ÷

535 5154 558 5235 ι)
579 5155 690 5216 mensis
711 5153 841 5214 Ianuarii
862 5149 926 5214 Ed.
951 5148 1041 5234 Lipa.
1066 5149 1093 5229 ²)
1116 5139 1272 5212 cavallus
1296 5135 1373 5212 Coc.
1395 5137 1463 5213 Las.
1487 5127 1670 5212 anmandus
1692 5135 1758 5211 Ed.
1778 5145 1861 5231 Lipa.
1879 5145 1906 5227 ¹)
1921 5147 1968 5206 El·

425 5260 569 5320 heriensis
597 5255 673 5322 eod.
696 5253 765 5320 aa.
795 5255 1026 5336 (Eboraeenais).
1057 5251 1085 5332 ι)
1106 5255 1207 5331 Magni
1229 5255 1322 5316 Dacis
1344 5253 1521 5316 Lithuauiaa
1543 5249 1606 5317 Ed.
1630 5249 1719 5335 Lipa.
1752 5249 1778 5326 β)
1802 5253 1967 5329 opportuni·
2043 5257 2045 5316 l

427 5368 517 5424 tatem
538 5367 642 5423 nactus
667 5355 743 5422 Cot.
768 5357 874 5422 Praez.
898 5357 925 5439 ⁶)
948 5358 1122 5420 Gastoldum
1146 5353 1222 5422 God.
1245 5354 1360 5428 Proca·
1381 5355 1407 5440 7)
1429 5358 1634 5436 largitionibus
1657 5352 1721 5417 Et,
1749 5353 1836 5438 Lipa.
