4152 6270
427 498 500 570 152
935 521 1047 574 arnna
1072 521 1315 574 nuonnonruo
1344 503 1457 593 (x111).
1690 500 1756 601 (Α.
1777 501 1822 596 Ι).
1844 503 1955 604 1454.)

429 706 610 796 eiicerent,
649 713 683 780 et
715 707 862 799 direptis
894 707 1009 797 bonis,
1047 709 1151 802 longo
1179 713 1334 801 tempore
1360 709 1546 801 quaesitis,
1584 709 1622 782 in
1649 711 1723 782 solo
1751 713 1952 786 666166116-

428 827 593 920 rienburg
620 828 701 901 illos
729 829 958 902 includerent.
996 831 1080 904 Tam
1109 829 1267 917 subitam¹
1288 834 1405 902 autem
1439 830 1672 904 Pruthenieae
1700 853 1779 905 orae
1804 833 1955 906 mutatio-

429 970 506 1022 nem
544 949 648 1022 etiam
685 949 903 1023 Oometarum
946 951 1181 1042 apparitiones
1219 959 1253 1024 61
1288 952 1457 1025 nonnulla
1496 953 1656 1046 prodigia
1697 963 1956 1045 praecesserant.

427 1071 577 1144 Miahael
608 1071 735 1144 etenim
767 1071 809 1144 de
841 1072 1081 1165 Perliborg1),
1120 1073 1212 1145 Saxo
1243 1095 1383 1166 genere,
1422 1079 1496 1146 arte
1531 1073 1733 1147 balistarius
1772 1079 1807 1147 et
1844 1074 1958 1150 Ordine

429 1192 597 1281 Orneifer,
625 1191 750 1265 retulit
768 1214 806 1264 se
823 1198 1041 1284 praesentem
1060 1193 1185 1281 fuisse,
1215 1195 1306 1286 quod
1325 1216 1394 1266 uno
1413 1216 1518 1282 anno,
1547 1201 1628 1268 ante
1650 1195 1849 1268 inehoatam
1868 1217 1957 1288 guer-

428 1335 501 1386 ram
517 1311 560 1402 2),
595 1313 631 1384 in
660 1313 714 1386 die
747 1313 1006 1386 Purifioationis
1040 1315 1186 1388 Sanctae
1219 1314 1406 1404 Mariani),
1440 1316 1477 1386 in
1510 1316 1809 1408 ldarienbnrgensi
1843 1321 1959 1406 eastre,

428 1435 614 1508 Fratribus
643 1433 784 1506 Ordinis
812 1435 913 1507 laiois
942 1457 984 1510 er
1012 1456 1106 1508 more
1133 1457 1194 1528 pro
1231 1438 1397 1509 sumendo
1433 1437 1569 1510 Viatieo
1597 1437 1640 1510 ad
1667 1439 1779 1510 altare
1810 1439 1959 1511 6666166-

429 1557 540 1645 tibus‚
572 1577 689 1628 omnes
717 1555 867 1646 hostiae,
898 1577 986 1648 qnae
1013 1577 1074 1649 per
1101 1557 1333 1630 celebrantem
1360 1562 1586 1650 praeparatae
1605 1563 1640 1632 et
1659 1565 1878 1632 eonseeratae
1898 1561 1960 1632 lne-

429 1684 509 1749 runt
536 1699 597 1769 pro
627 1677 980 1767 eommunioantibus,
1010 1678 1126 1751 subito
1159 1677 1371 1770 disparuere.
1406 1680 1473 1751 Pro
1501 1701 1570 1772 qua
1596 1701 1633 1752 re
1660 1680 1860 1772 prodigiosa
1887 1681 1961 1753 Fra·

429 1805 500 1871 tres
530 1798 669 1872 Ordinis
697 1799 794 1886 laiei,
824 1821 892 1870 non
920 1800 957 1871 in
984 1799 1204 1892 religionem,
1234 1800 1294 1872 sad
1313 1801 1350 1872 in
1369 1801 1543 1874 oboleram
1562 1801 1671 1890 versi,
1700 1801 1896 1874 sacerdotes
1915 1802 1962 1873 sui

431 1919 588 2008 Ordinis,
618 1919 768 2010 quirem
797 1921 947 2013 agebant
973 1921 1144 2008 divinam,
1174 1921 1389 1994 dedueebant
1416 1923 1623 2011 infatuatos,
1653 1943 1719 1995 nee
1736 1923 1889 2015 prodigii
1907 1923 1963 1995 mi·

429 2042 547 2114 raoulo
575 2042 749 2131 deterriti,
779 2043 822 2114 ed
850 2042 1032 2115 ecelesiam
1060 2042 1294 2134 paroehialsm
1322 2043 1478 2116 urbieam
1498 2065 1542 2116 er
1561 2049 1675 2116 aestro
1700 2045 1875 2117 tremendo
1894 2065 1963 2134 pro·

430 2162 558 2256 gressi,
588 2162 663 2236 illio
691 2183 831 2256 eorpore
859 2163 1039 2236 Dominioo
1068 2184 1105 2235 se
1131 2170 1362 2255 procurarunt
1389 2165 1508 2238 oibari.

872 2518 1085 2632 ,ANNUS
1122 2519 1351 2631 DOMINI
1387 2518 1525 2634 1454.

433 2763 671 2855 trinquaginta
700 2783 761 2836 sax
790 2765 1002 2836 notabiliores
1031 2764 1178 2836 Prusiae
1210 2765 1379 2852 eisitates,
1410 2768 1582 2854 portuosae
1612 2765 1687 2836 balli
1717 2765 1838 2848 uirilis,
1869 2765 1970 2835 missis

465 2888 694 2960 Sandoniriam
717 2888 758 2959 ad
780 2887 973 2958 [erinitum
995 2887 1144 2960 Poloniae
1167 2887 1285 2977 {tagam
1306 2887 1440 2976 legatis,
1464 2888 1551 2958 nltm
1574 2887 1770 2960 deditionem
1793 2886 1943 2960 erenei.

535 3137 788 3211 Venationibus
808 3136 997 3209 multarum
1016 3136 1151 3209 dierum
1170 3135 1372 3208 Karimirus
1399 3137 1476 3209 Rex
1492 3137 1523 3226 4)
1543 3136 1693 3224 exeatis,
1714 3136 1797 3208 dum
1816 3156 1972 3227 magnam

433 3260 696 3332 multitudinem
729 3260 880 3332 ferarum
916 3259 1066 3350 cepisset
1098 3264 1132 3330 et
1160 3259 1196 3330 in
1224 3258 1405 3331 Poloniam
1439 3279 1500 3350 pro
1530 3257 1740 3330 solennitate
1773 3257 1973 3347 nuptiarum

433 3381 703 3468 transmisisset,
742 3380 779 3452 in
812 3380 951 3452 Vilnam
983 3402 1044 3472 pro
1073 3379 1195 3452 diebus
1229 3379 1439 3452 Natiuitatis
1472 3379 1601 3452 Christi
1628 3379 1737 3451 remit.
1777 3378 1873 3470 Oros
1902 3399 1974 3448 eum

433 3505 508 3578 illie
535 3503 743 3596 peregisset,
772 3501 809 3573 in
837 3502 995 3594 Regnum
1024 3501 1189 3574 Poloniae
1216 3501 1337 3589 rediit,
1371 3508 1406 3573 61
1435 3501 1703 3585 Sandomiriam,
1737 3498 1974 3572 convenienti-

432 3627 497 3699 bars
526 3627 569 3698 ad
597 3646 675 3698 eum
703 3622 808 3696 oertis
835 3623 1007 3695 Praelatis
1038 3629 1072 3695 et
1098 3621 1302 3710 baronibus,
1332 3643 1393 3713 pro
1413 3621 1590 3712 eapiendis
1610 3620 1768 3694 oonsiliis
1788 3641 1898 3712 super
1917 3620 1976 3692 im·

435 3747 649 3821 minantibus
674 3744 823 3838 negotiis
840 3743 881 3834 ⁵),
911 3743 1062 3816 Sabbato
1082 3748 1161 3816 ante
1189 3743 1279 3816 diem
1308 3743 1514 3816 Sanotorum
1542 3741 1691 3814 Fabiani
1719 3746 1754 3814 et
1779 3740 1977 3814 Sebastiani

436 3871 644 3961 Martyrum,
674 3865 826 3939 advenit.
856 3865 939 3938 Tres
967 3865 1041 3938 dies
1069 3865 1105 3936 in
1134 3864 1358 3956 expediendis
1385 3864 1489 3937 rebus
1508 3863 1660 3955 publiois
1681 3861 1861 3955 absumpti
1882 3868 1975 3934 sunt:

437 3992 501 4064 snb
529 3989 655 4082 quibus
684 3986 935 4060 deliberatione
953 3986 1088 4074 habita,
1117 3986 1252 4058 nuntiis
1277 3985 1483 4058 militarium
1504 3990 1538 4058 et
1557 3985 1687 4058 oinium
1711 3983 1900 4072 Prassiae,
1930 3982 1977 4054 ri·

436 4112 562 4186 delieet
596 4109 752 4184 Gabrieli
778 4109 821 4180 de
849 4109 987 4200 Baysen
1014 4113 1049 4180 et
1076 4107 1243 4199 Magistro
1271 4106 1400 4179 oinium
1424 4105 1590 4179 Proseiae
1622 4105 1896 4194 1611166616),
1926 4103 1977 4175 16·

436 4233 603 4307 ditionem
632 4229 887 4323 quinquaginta
914 4251 976 4302 sex
1003 4229 1202 4317 ciuitatum,
1232 4249 1317 4319 quas
1346 4227 1571 4300 notabiliores
1591 4227 1695 4300 habet
1713 4225 1880 4314 Prassia,
1903 4224 1979 4298 snb-

435 4355 688 4445 ieotionemquo
712 4357 747 4424 et
766 4350 999 4424 obedientiam
1016 4352 1155 4442 plenam
1175 4349 1415 4436 offerentibus,
1444 4369 1666 4440 responsum:
1696 4353 1736 4420 ut
1764 4347 1979 4430 Oraooviam,

435 4482 514 4569 post
541 4478 669 4549 festum
700 4472 959 4546 Puribeationis
976 4473 1018 4562 7),
1055 4471 1198 4544 nuntios
1227 4492 1304 4543 eum
1331 4471 1435 4562 plena
1462 4473 1636 4562 potestate
1671 4468 1873 4557 mitterent,
1911 4467 1981 4540 etli-

437 4619 502 4670 666
530 4617 567 4670 66
594 4597 668 4669 11116
695 4615 901 4686 responsum
928 4595 972 4667 ad
999 4595 1110 4686 petita
1137 4593 1312 4665 daturum.

543 4889 566 4970 ¹)
590 4891 728 4968 Perlibog
750 4886 812 4951 Eoi.
837 4887 925 4972 Lipr.
951 4887 975 4966 2)
998 4892 1067 4948 ante
1090 4887 1256 4948 inchoatum
1279 4885 1387 4946 bellum
1403 4879 1576 4964 661666.
1601 4879 1627 4961 3)
1646 4881 1773 4942 Sanetaa
1787 4881 1907 4940 Mariae
1923 4879 1983 4938 Vir·

436 4997 514 5074 ginis
537 4991 600 5057 Ed.
624 4992 713 5078 Le'ps.
745 4991 771 5073 4)
794 4995 934 5054 Ρ6166166
963 4991 1027 5052 Rex
1049 4988 1112 5052 Ed.
1144 4987 1234 5072 Lipa.
1267 4987 1293 5062 ὖ)
1317 4988 1456 5066 perieulis
1486 4991 1516 5046 et
1537 4985 1663 5062 negotiis
1691 4981 1754 5045 Ed.
1780 4981 1873 5066 Lipo.
1900 4980 1984 5062 ο)(16

439 5101 561 5162 (ladano
583 5097 646 5162 Ea.
669 5095 759 5182 Lips.
786 5095 812 5177 ⁷)
834 5102 902 5174 post
923 5097 1029 5157 festum
1051 5095 1177 5156 Sanctae
1198 5094 1309 5153 Mariae
1331 5091 1462 5168 Virginis
1484 5089 1699 5151 Purifioationis
1722 5085 1785 5150 Ea.
1810 5084 1906 5170 La’ps.
