4152 6270
14 481 32 563 Ν
118 520 180 622 (Α
197 519 244 595 D.
262 481 392 620 caer.)
626 545 738 600 arnna
763 547 1010 600 nuouncrnrus
1036 528 1151 619 (nur).
1586 527 1657 600 117

14 716 30 768 ²³²
116 729 276 806 ineunda·
296 735 435 824 treuga,
474 751 579 822 quam
614 734 857 825 prosequenda
892 753 1018 826 guerra
1036 735 1063 824 ¹)
1100 734 1354 827 congruebaut,
1394 735 1551 806 futurum
1578 733 1646 806 rati

14 845 27 882 ‘⁸
117 851 203 945 quod
229 852 307 924 lues
335 851 527 925 exercitum
555 853 740 945 invadens,
769 854 1037 929 dissolutionem
1065 854 1166 928 illius
1187 859 1323 948 turpem
1343 857 1506 929 efficeret.
1535 855 1663 928 Oblata

20 967 26 1011 a
115 981 195 1046 tunc
223 993 360 1064 quoque
387 974 534 1045 honesta
561 975 695 1048 occasio
723 976 905 1051 differendi
932 976 1038 1050 belli:
1068 999 1148 1048 nam
1177 976 1257 1049 Dux
1277 977 1456 1069 praefatus
1476 977 1663 1050 Boleslaus

14 1085 23 1099 ”
117 1093 311 1187 Opolieneis
339 1095 437 1167 misit
463 1096 602 1184 literas,
636 1101 671 1170 et
698 1098 910 1191 aequitatem
943 1118 1136 1189 exposcens
1170 1101 1204 1170 et
1231 1118 1367 1190 pacem3
1402 1118 1489 1189 quae
1521 1099 1664 1188 propter

18 1212 28 1278 t
115 1214 221 1309 postis
241 1216 441 1306 saeviliam,
470 1217 586 1291 minus
605 1223 810 1293 cunctanter
827 1225 970 1310 accepta
989 1223 1060 1308 est,
1088 1223 1125 1292 ot
1152 1213 1321 1311 treuga‘2)
1349 1218 1386 1290 ln
1405 1237 1513 1290 unum
1533 1235 1662 1290 annum

115 1340 250 1410 firmata
266 1334 296 1427 3)
325 1359 365 1410 ea
384 1338 597 1429 conditione,
627 1344 668 1412 ut
685 1347 803 1432 partes
822 1359 884 1432 pro
902 1340 959 1412 die
979 1338 1263 1414 Circumcisionis
1281 1337 1424 1410 Domini
1442 1336 1662 1426 conueniant,

15 1452 29 1504 ³³
115 1459 317 1530 damnorum
349 1459 431 1532 hinc
462 1460 543 1533 inde
575 1460 754 1534 illatorum
787 1461 999 1534 decisionem
1027 1461 1193 1534 facturae.
1234 1459 1358 1532 Multis
1386 1463 1470 1532 tnnc
1497 1457 1665 1532 Poloniae

14 1605 15 1620 ¹
113 1581 274 1671 Regnum
293 1582 514 1672 premebatur
531 1581 777 1670 incommodis,
806 1587 920 1674 peste,
951 1583 1057 1670 lame,
1085 1602 1211 1674 guerra
1227 1583 1275 1670 ⁴):
1304 1601 1385 1653 nam
1409 1584 1445 1654 et
1465 1581 1581 1672 fruges
1600 1579 1664 1652 illo

14 1701 32 1742 ¹²²·
113 1721 201 1772 anno
231 1701 321 1774 male
348 1709 595 1793 provenerant,
623 1705 743 1776 hostes
772 1723 852 1776 vcro
880 1703 990 1776 libere
1022 1707 1151 1776 terram
1181 1699 1472 1794 Wpelunensem,
1509 1697 1664 1774 faciendo

14 1821 27 1868 *ἲ
113 1820 274 1893 incendit
302 1825 337 1894 et
364 1816 493 1914 spolia,
522 1825 718 1912 intrabant3
746 1810 922 1897 enercitus
950 1828 1067 1896 autam
1095 1822 1232 1916 regius,
1261 1823 1345 1895 adeo
1373 1822 1491 1915 segnis
1515 1826 1549 1894 et
1567 1821 1666 1914 pIger

14 1946 26 1991 -““-
112 1941 211 2014 risus
229 1941 273 2030 5),
302 1947 343 2015 ut
369 1967 548 2037 nunquam
575 1945 741 2018 hostilem
769 1951 897 2018 terram
925 1943 1153 2037 contingeret.
1182 1941 1308 2036 Itaque
1327 1939 1424 2016 uario
1443 1943 1666 2036 premebatur

23 2065 27 2072 ’
113 2064 276 2156 Regnum
291 2065 323 2154 6)
351 2067 458 2139 malo:
487 2068 569 2141 hino
596 2067 767 2156 hostium,
796 2067 1048 2140 hinc'suorum
1071 2063 1285 2153 vastatione,
1314 2059 1534 2140 hincualida
1553 2043 1689 2156 peste,

111 2184 194 2256 hinc
221 2207 347 2276 parum
375 2187 463 2259 bone
491 2189 606 2282 Regni
633 2187 814 2280 regimine.
844 2189 889 2260 ut
908 2187 992 2260 lieet
1010 2188 1131 2279 plures
1154 2186 1224 2259 viri
1241 2185 1432 2275 notabiles,
1462 2189 1533 2258 tam
1557 2185 1665 2259 cccle-

14 2309 21 2354 '-
111 2305 267 2395 slastici,
297 2328 400 2398 quam
429 2311 641 2396 saeculares,
674 2331 736 2400 per
762 2314 896 2401 pestem
929 2309 1080 2381 ntssent
1112 2312 1197 2380 tunc
1229 2306 1396 2394 extincti,
1430 2327 1523 2379 mors
1551 2309 1667 2378 tamen

14 2433 24 2466 ²
112 2427 284 2499 Iohannis
315 2428 358 2500 de
385 2430 530 2522 ngoth,
565 2432 787 2504 Deoretorum
821 2429 981 2502 Doetoris
1014 2428 1153 2516 eximii,
1189 2427 1401 2502 Scholastici
1435 2433 1469 2500 et
1502 2425 1668 2526 Canonici

17 2557 23 2572 ⁶
110 2548 369 2636 Crotoniensis,
399 2549 436 2622 in
455 2551 575 2624 Sancti
596 2550 856 2624 Bartholomaei
875 2550 931 2622 die
950 2551 1123 2637 defuncti,
1153 2548 1337 2622 molestius
1357 2546 1441 2621 lata.
1470 2549 1556 2620 Rrat
1573 2547 1667 2620 enim

18 2718 21 2720 -
111 2668 462 2760 uir⁷in·prudentia,
499 2673 658 2744 doctrina
689 2676 724 2744 et
756 2671 1026 2744 mansuetudine
1062 2669 1271 2764 singularis,
1312 2670 1466 2742 omnium
1498 2670 1668 2741 bonarum

110 2789 289 2861 uirtutum
316 2792 455 2864 officina
483 2799 517 2865 st
545 2793 661 2880 sedes,
690 2792 822 2865 Latiali
854 2791 1056 2884 eloquentia
1081 2792 1260 2878 redolens,
1289 2789 1327 2862 iu
1345 2788 1593 2882 componendis
1610 2805 1666 2861 or·

110 2909 314 2982 notissimis
343 2917 378 2983 et
405 2912 649 2986 disertissimis
676 2913 791 2987 literis
819 2935 882 3004 pro
910 2913 975 2985 illa
1006 2917 1121 2986 aetate
1156 2911 1249 2983 nulli
1285 2911 1475 2999 secundus,
1513 2909 1668 2982 omnium

14 3042 21 3087 ἰ
107 3052 324 3122 pauperum,
359 3033 607 3124 orphanorum,
641 3033 964 3125 miserabiliumque
995 3053 1225 3125 personarum
1256 3031 1431 3124 refugium
1465 3036 1500 3103 ct
1532 3034 1667 3122 pertus.

108 3151 174 3222 Oui
208 3151 444 3244 Sepulchrum
476 3154 617 3228 Domini
648 3159 683 3226 et
716 3154 897 3227 caluariae
930 3155 1046 3226 lecum
1079 3153 1116 3226 iu
1147 3153 1357 3241 Ierusalem,
1394 3155 1508 3223 ortum
1537 3151 1574 3222 in
1601 3151 1668 3222 Be·

14 3307 16 3314 ·
108 3273 263 3360 thleem,
292 3273 505 3365 baptismum
533 3275 571 3347 iu
598 3275 761 3362 Iordane,
791 3275 909 3348 ridere
938 3273 1114 3366 corporeis
1142 3273 1254 3346 oculis
1271 3274 1393 3345 datum
1412 3275 1506 3345 erat:
1535 3289 1599 3344 nee
1617 3272 1667 3342 fa·

14 3429 15 3436 1
108 3392 177 3465 cile
194 3393 228 3482 7)
258 3393 373 3468 simile
403 3417 544 3488 germen
576 3395 699 3468 domus
731 3395 959 3488 Wpenpaua,
993 3411 1037 3468 ex
1066 3415 1136 3486 qua
1166 3393 1367 3467 nobilibatis
1401 3395 1670 3466 substraxerat

14 3529 17 3574 ῑ
109 3513 303 3606 originem,
332 3517 511 3608 producet.

198 3873 340 3944 nussim
364 3875 399 3943 et
420 3872 570 3944 Podolioo
593 3873 691 3944 torris
713 3872 872 3944 obremus
892 3871 1096 3944 insertiones
1121 3871 1347 3942 strumarum
1368 3869 1409 3942 ct
1431 3869 1584 3959 provisio.

219 4121 274 4194 Ut
301 4125 418 4193 autem
444 4119 548 4193 terris
576 4119 727 4192 Russiao
754 4125 790 4192 et
816 4119 999 4208 Podoliae‚
1032 4119 1195 4211 pluribus
1229 4115 1463 4208 confractisss)
1496 4117 1669 4206 cladibus,

105 4243 260 4316 daretur
292 4240 412 4333 aliqua
442 4239 615 4332 provisio,
649 4240 852 4313 Karimirns
884 4241 963 4314 Rex
978 4239 1009 4330 9)
1037 4241 1230 4313 Iohannem
1257 4239 1299 4312 de
1326 4237 1478 4312 Onisnou
1505 4236 1670 4338 castella-

106 4385 195 4436 num
216 4363 266 4452 10)
295 4367 330 4435 et
348 4362 540 4434 Iohannem
558 4361 600 4433 ds
620 4361 797 4434 Ibancain
814 4360 1028 4453 palatinum,
1048 4361 1312 4448 cracoviensem
1339 4361 1439 4432 uelut
1457 4359 1671 4451 capitaneos,

105 4505 190 4557 cum
222 4481 384 4555 exercitu
411 4481 455 4554 ad
481 4481 675 4554 faciendam
693 4481 932 4555 resistentiam
951 4481 1098 4574 deputat
1117 4486 1152 4554 et
1171 4480 1402 4569 transmittit,
1432 4479 1524 4552 datis
1544 4480 1589 4570 ¹¹)
1618 4479 1669 4552 eis

103 4605 255 4697 aliquot
281 4602 442 4675 millibus
462 4600 507 4692 12)
534 4623 744 4690 marcarum,
772 4601 902 4694 quibus
930 4607 966 4674 et
992 4607 1114 4696 gentes
1143 4602 1236 4675 bello
1264 4599 1475 4674 exercitatas
1504 4621 1549 4674 er
1568 4601 1671 4673 Polo·

34 4759 39 4774 ·
103 4726 168 4798 nia
198 4724 416 4812 conducant,
445 4727 480 4796 et
506 4723 705 4796 necessaria
731 4722 818 4797 belli
844 4724 1069 4815 provideant,
1098 4722 1348 4815 accersitisque
1374 4721 1561 4816 terrigenis
1580 4723 1673 4795 Rus-

105 4847 184 4920 siae
214 4850 256 4918 et
282 4843 465 4931 Podoliae‚
495 4843 703 4936 Woyeuoda
731 4863 868 4936 quoque
895 4844 1094 4917 Iloldariae
1118 4843 1319 4916 Alexandro
1348 4848 1383 4916 et
1399 4843 1567 4936 gentibus
1586 4843 1673 4930 suis,

224 5153 254 5234 ¹)
277 5155 314 5216 de
336 5155 464 5215 incurmo
487 5153 619 5233 loedere,
642 5171 730 5230 qnam
751 5155 958 5231 prosequendo
981 5155 1060 5215 bello
1081 5149 1145 5215 Ed.
1169 5149 1261 5235 Lipa.
1286 5149 1314 5232 Ω)
1335 5147 1564 5214 ecfossum.
1582 5149 1674 5234 Lips.

104 5261 130 5340 ³)
155 5263 314 5322 firmatum
336 5255 399 5318 Ed.
422 5255 514 5340 Lipa.
538 5255 564 5336 ⁴)
587 5257 665 5318 bebo
688 5254 750 5318 Ec.
773 5255 865 5340 Lips.
894 5255 920 5336 ὅ)
943 5259 1026 5319 visum
1048 5261 1095 5318 est
1116 5253 1179 5319 Ec.
1202 5253 1294 5339 Lapa.
1327 5254 1353 5335 ε)
1377 5257 1512 5333 Regnum
1534 5257 1677 5318 Poloniee

26 5388 31 5406 ·
103 5361 172 5427 Ed.
199 5360 300 5446 Lips.
333 5359 446 5442 ⁷)Nec
467 5362 505 5422 de
527 5361 607 5447 facili
637 5357 701 5422 Ed.
731 5357 822 5444 Lipa.
854 5360 881 5441 8)
904 5361 1044 5422 confectis
1069 5356 1146 5423 Coc.
1169 5357 1279 5423 Pozez.
1311 5357 1338 5440 ⁹)
1360 5361 1424 5421 Rex
1446 5361 1588 5421 Poloniao
1609 5355 1675 5421 dd.

105 5465 205 5551 Lipa.
239 5463 283 5545 1⁰)
306 5465 505 5527 antellannm
528 5469 558 5528 et
573 5464 767 5542 Oapitaneum
789 5461 854 5530 Ed.
877 5461 968 5547 Lapa
997 5463 1036 5543 ¹¹)
1060 5465 1112 5526 dat
1133 5461 1196 5528 Ed.
1218 5460 1311 5546 lips.
1340 5461 1377 5544 ¹²)
1396 5463 1490 5525 millia
1503 5459 1568 5526 El.
1581 5459 1675 5546 Ripa.
1792 5466 1809 5470 ”
