4040 6290
110 571 192 676 Ι(Α.
210 570 255 646 1).
275 571 401 671 1⁴74)
635 593 748 650 creua
774 597 1019 674 nuonnoueus
1048 578 1162 668 (x111).
1596 576 1672 650 ’591

119 778 304 868 meabilia,
333 779 482 873 insignis
502 780 541 870 ¹).
570 781 650 854 Non
669 782 783 854 solum
802 782 894 856 anim
912 781 1005 856 circa
1022 781 1239 870 cracoviam,
1268 781 1542 871 Sandomiriam,
1574 781 1673 856 War-

119 899 317 988 scboriam,
347 901 551 990 Plocclram,
581 900 643 974 sod
669 906 705 974 et
722 901 814 974 circa
840 903 997 990 Theron,
1028 902 1145 975 Wislo
1163 907 1239 976 erat
1258 900 1444 976 vadabilis.
1475 903 1675 975 Fumabant

119 1019 163 1093 in
181 1019 355 1093 universis
373 1019 541 1094 Poloniae
568 1021 771 1114 regionibus
799 1021 926 1110 silvae,
955 1022 1092 1112 borrae,
1121 1024 1282 1110 arbusta,
1312 1022 1442 1110 saltus,
1470 1021 1670 1096 irremedia-

118 1140 191 1214 bili
216 1140 312 1232 igne,
341 1161 405 1213 nec
431 1145 513 1214 onte
538 1140 690 1214 rescindi
717 1141 856 1214 domm
882 1146 1035 1233 poterat,
1063 1143 1173 1215 donec
1199 1142 1293 1235 ignis
1320 1140 1426 1214 etiam
1444 1141 1595 1214 radicem
1614 1162 1668 1214 ar·

118 1259 246 1333 borum
260 1258 291 1348 ²)
319 1265 473 1333 voraret:
502 1282 546 1334 ex
565 1281 632 1353 quo
650 1261 782 1353 ubique
803 1263 918 1354 fragor
934 1261 1113 1335 ruentium
1133 1263 1288 1335 saltuum
1307 1260 1526 1334 audiebatur.
1556 1263 1673 1353 Apum

119 1399 261 1472 quoquo
289 1385 323 1452 et
350 1380 581 1454 alveariorum
609 1381 749 1454 arbores
776 1381 948 1473 plurimae
975 1383 1127 1470 deletae,
1156 1387 1290 1475 segetes
1318 1381 1478 1454 vernales
1507 1379 1672 1454 extermi-

120 1504 228 1573 natae
255 1499 424 1574 siccitate.
453 1501 499 1573 nt
526 1500 806 1593 quadrupedum,
835 1523 924 1593 quae
941 1502 1084 1575 horbam
1104 1502 1211 1576 simul
1229 1522 1308 1574 oum
1327 1500 1670 1592 sabuloearpobant,

121 1621 342 1692 stomachum
373 1620 458 1693 limo
490 1620 674 1713 implente,
712 1621 910 1695 mortalitas
943 1627 1076 1695 secuta.
1109 1620 1277 1696 Incendia
1308 1619 1452 1712 insopor
1484 1620 1603 1692 erebra
1636 1619 1673 1692 in

121 1739 290 1812 Poloniae
317 1741 438 1833 Regno
468 1741 550 1831 plns
578 1741 682 1814 solito
709 1746 952 1831 provenerant.
980 1741 1071 1815 Nam
1095 1746 1130 1815 et
1148 1739 1388 1815 cracoviensis
1417 1738 1560 1826 ciuitas,
1589 1738 1672 1810 dum

121 1859 248 1932 blattis
275 1859 332 1932 die
358 1859 525 1932 vicesima
552 1865 654 1934 sexta
682 1861 813 1933 mensis
841 1861 945 1949 Iulii,
975 1860 1134 1934 incendio
1154 1860 1191 1932 in
1210 1859 1408 1933 Stradomia
1426 1863 1565 1947 exorto,
1595 1879 1673 1931 oum

121 1979 283 2052 ecclesiis
302 1985 337 2052 et
355 1979 577 2053 monasteriis
596 1981 744 2054 Sanctae
770 1980 959 2074 Hedvigis,
988 1980 1111 2053 Sancti
1138 1979 1361 2067 Bernardini,
1390 1979 1590 2072 flagrasset,
1619 1978 1670 2050 al·

121 2105 199 2173 tera
225 2098 331 2172 etiam
358 2099 414 2172 die
441 2100 534 2190 apud
561 2101 847 2173 sanctimoniales
876 2100 997 2198 Sancti
1025 2101 1186 2173 Andreae
1213 2099 1296 2192 igne
1320 2105 1567 2192 consurgente,
1595 2098 1670 2189 pla·

125 2224 187 2292 toa
214 2218 449 2308 canonicalis,
477 2219 562 2293 itero
590 2221 803 2307 Castrensis
832 2225 867 2293 et
894 2220 1144 2294 monasterium
1172 2219 1294 2293 Sancti
1324 2219 1485 2292 Andreae
1512 2239 1590 2292 curn
1618 2237 1672 2291 oc·

122 2339 251 2427 cleeia,
280 2340 418 2413 flamma
440 2340 669 2432 consumpsit.
698 2343 774 2413 Arx
794 2341 899 2414 etiam
919 2340 1164 2414 cracoviensis
1188 2359 1290 2431 aegre
1317 2339 1470 2416 detensa.
1499 2340 1673 2412 Arserunt

120 2463 160 2531 et
183 2459 309 2551 oppida
330 2459 550 2552 Wyelicrlra,
574 2460 709 2548 Konin,
730 2462 850 2549 Belsc,
871 2461 1007 2548 Obelm,
1027 2461 1222 2551 Lubomlya
1237 2457 1280 2546 ³),
1309 2458 1395 2532 item
1413 2458 1560 2532 ecclesia
1578 2459 1671 2530 Lan·

121 2579 288 2653 eiciensis
316 2601 394 2653 oum
422 2580 584 2653 omnibus
612 2581 738 2670 curiis,
766 2580 1055 2673 archiepiscopali
1079 2585 1115 2654 et
1132 2577 1410 2666 canonicalibus,
1439 2577 1523 2650 item
1551 2598 1668 2649 mona·

122 2700 271 2774 sterium
299 2700 523 2774 (llaratumba
554 2700 643 2772 alias
672 2701 820 2793 Mogila,
853 2721 932 2773 oum
960 2701 1121 2774 omnibus
1149 2697 1314 2785 officinis3
1351 2696 1516 2789 oppidum
1541 2696 1671 2769 Sando-

121 2819 303 2908 mirionse,
331 2819 415 2892 lieet
442 2821 640 2910 frequenter
666 2819 923 2907 incenderetur,
952 2819 1111 2892 studiosa
1137 2822 1254 2891 tamen
1281 2838 1366 2891 cura
1391 2818 1585 2890 incolarum
1612 2816 1670 2889 de·

122 2941 260 3013 densum
279 2944 344 3012 est.
376 2941 646 3031 Praesumptnm
678 2945 795 3012 autom
828 2943 897 3026 est,
929 2938 1133 3031 Huugariao
1165 2938 1295 3030 Regem
1327 2936 1513 3024 Mathiam,
1550 2934 1670 3008 missis

119 3059 363 3134 incensoribus
390 3059 551 3149 Polonis,
579 3063 615 3132 et
641 3059 819 3152 aliquibus
846 3057 1022 3152 religiosis
1050 3078 1134 3131 auro
1162 3057 1351 3149 corruptis,
1385 3055 1587 3129 huiusmodi
1614 3054 1667 3127 in-

124 3179 248 3254 cendia
274 3179 442 3253 offecisse.

569 3529 782 3644 ANNUS
818 3528 1050 3641 DOMINI
1084 3524 1223 3642 1474.

122 3774 303 3846 damnine
332 3772 402 3844 lter
429 3773 464 3844 in
491 3773 655 3844 convente
684 3771 831 3842 ualidae
855 3772 891 3841 et
911 3769 946 3841 in
968 3769 1185 3859 dpetorrpeor
1215 3769 1395 3855 celebrate,
1426 3768 1583 3841 tributore
1613 3783 1670 3855 pro

121 3895 208 3966 bello
229 3892 408 3982 llongerioo
431 3891 573 3982 expetit,
595 3907 803 3980 ,poenamque
825 3905 882 3978 pro
904 3891 1066 3962 eminere
1090 3889 1207 3962 militie
1232 3889 1417 3961 moretuil.
1446 3888 1595 3960 Poloniae
1618 3904 1670 3975 op

122 4014 200 4105 pide
221 4016 257 4086 et
278 4013 391 4098 ullae,
414 4014 511 4118 capto
534 4009 691 4099 lnigrod,
713 4027 772 4100 per
793 4013 911 4100 gertee
933 4010 1074 4082 {albim
1088 4009 1269 4098 droganice
1283 4008 1381 4098 degio
1395 4009 1586 4093 rumim,
1608 4005 1670 4078 lle-

589 4130 700 4202 sinim
722 4130 809 4220 dege
830 4130 985 4203 rerirtero
1007 4130 1206 4220 negligente.

227 4374 391 4448 Natalem
419 4379 454 4448 ot
480 4378 595 4448 ortum
623 4375 764 4449 Domini
791 4376 903 4449 nostri
930 4377 1013 4448 Iesu
1041 4374 1189 4462 christi,
1222 4379 1257 4447 et
1283 4374 1358 4448 dies
1384 4375 1505 4466 plures
1532 4379 1667 4447 antece·

122 4496 245 4568 dentes
272 4499 308 4567 et
334 4495 604 4587 subsequentes,
637 4495 840 4569 Kaciroirus
872 4495 1038 4569 Poloniae
1064 4495 1143 4568 Rex
1171 4494 1263 4587 apud
1292 4493 1475 4567 Visliciam
1502 4493 1669 4585 oppidum

122 4636 202 4689 enm
230 4618 389 4688 consorte
416 4635 481 4688 sua
507 4614 692 4688 Elisabeth
718 4616 853 4707 Regina
880 4615 963 4708 ogit.
996 4615 1052 4688 Ibi
1069 4615 1101 4704 ⁴)
1128 4635 1277 4706 namque
1304 4634 1347 4686 ex
1375 4613 1541 4686 Oraoovia
1568 4617 1668 4704 (quo-

122 4734 218 4807 niam
245 4733 346 4808 Nova
372 4734 505 4808 divitas
533 4735 686 4807 Korouin
713 4741 811 4826 poste
839 4734 1025 4826 epidimiae
1044 4734 1174 4808 inlecto
1192 4733 1351 4821 extabat)
1379 4733 1572 4821 divertens,
1602 4731 1668 4804 ali·

123 4875 212 4947 quos
248 4859 441 4928 conventus
472 4854 509 4926 in
537 4875 577 4928 oa
608 4859 643 4928 at
668 4853 706 4926 in
733 4854 958 4946 Opatowyecr
989 4854 1062 4948 egit
1076 4853 1122 4942 5);
1156 4853 1335 4926 subueniri
1367 4852 1435 4925 sibi
1465 4849 1667 4944 pecuniario

123 4975 281 5047 subsidio
300 4995 321 5046 a
339 4973 531 5062 militibus,
560 4974 603 5046 ad
631 4975 925 5047 manutenendum
953 4973 1200 5066 stipendiarios
1227 4993 1289 5064 pro
1315 4971 1533 5065 reprimendo
1560 4971 1668 5060 bello,

123 5095 216 5186 quod
248 5094 391 5168 indubie
423 5094 465 5167 ab
499 5095 667 5185 Hungaro
703 5092 902 5166 incumbere
933 5093 1222 5182 annuntiabatur,
1261 5092 1501 5185 expostulans.
1538 5091 1669 5164 Verum

231 5369 254 5450 ¹)
276 5370 332 5431 fuit
353 5370 488 5447 insignia
511 5365 574 5431 Ed.
598 5366 689 5451 Lipc.
713 5367 738 5447 ²)
760 5368 916 5430 herbarum
941 5361 1018 5432 Cod.
1039 5365 1148 5430 Przaz.
1164 5365 1350 5447 ³)Lubowle
1370 5362 1446 5428 eod.
1462 5362 1570 5428 Praee.
1589 5361 1668 5446 *111-

122 5479 171 5539 luo
193 5471 257 5536 Ed.
279 5471 370 5557 Lipe.
395 5469 423 5552 ο)
446 5473 541 5535 tenuit
562 5469 626 5534 Ed.
650 5468 741 5555 Lipo.
