4082 6284
408 546 483 623 306
916 571 1030 626 amns
1055 569 1300 628 nnonncnrns
1327 555 1442 646 (xm).
1676 549 1743 651 (Α.
1766 549 1810 624 D.
1831 549 1948 651 1460.)
1975 553 1978 558 ’

410 758 484 846 shi,
513 779 612 830 suam
640 761 676 831 et
694 759 865 831 consortis
885 780 968 832 suae
987 760 1143 852 Reginae
1161 760 1346 834 Elisabeth
1373 762 1500 832 famam
1529 760 1673 848 callide,
1701 761 1798 834 vafre
1816 766 1852 832 et
1870 762 1948 835 falsa

408 879 451 950 de
477 883 662 970 procurata
694 879 878 952 exustione
910 879 1096 952 civitatum
1129 880 1317 953 Bohemiae
1349 880 1604 968 insimulatam,
1639 881 1744 953 stiam
1778 880 1895 952 duello
1920 891 1949 953 st

408 1019 541 1090 pugna,
570 999 653 1073 licet
679 999 801 1072 missio
828 1001 906 1091 ipsa
932 1001 1110 1092 plerisque
1137 1000 1339 1092 displiceret
1366 999 1594 1087 consiliariis,
1628 1004 1856 1092 purgaturos,
1888 1023 1949 1072 non

408 1124 481 1190 tam
501 1119 642 1212 Georgii
660 1121 847 1193 Bohemiae
865 1122 975 1213 Regis
993 1122 1123 1213 gratia,
1153 1121 1213 1195 sed
1232 1143 1275 1194 ne
1293 1120 1533 1194 incendiorum
1560 1121 1762 1193 huiusmodi
1786 1141 1949 1192 commen·

409 1243 484 1310 tata
511 1240 686 1312 calumnia
712 1241 892 1314 Kanimiro
919 1241 1009 1334 Regi
1036 1247 1071 1314 et
1099 1241 1283 1315 Elisabeth
1309 1241 1465 1334 Reginae
1492 1242 1584 1333 apud
1603 1241 1743 1334 ignaros
1772 1247 1807 1314 et
1831 1241 1949 1332 impro-

409 1360 472 1430 bos
493 1359 778 1451 suggillationem
798 1361 947 1434 afferret.
968 1361 1035 1453 Qui
1054 1364 1202 1454 Prcgam
1222 1363 1464 1448 aduenientes,
1485 1384 1505 1434 a
1524 1363 1711 1434 Bohemiae
1731 1361 1828 1454 Rege
1847 1361 1949 1435 Girai·

411 1481 501 1552 kene
521 1481 547 1567 1)
574 1480 759 1572 benignius
779 1483 937 1571 tractati,
959 1503 1062 1574 quam
1082 1483 1237 1574 suscepti
1256 1487 1350 1554 sunt.
1379 1483 1528 1569 Deinde,
1550 1504 1628 1555 cum
1646 1484 1773 1554 lamam
1792 1483 1952 1556 Poloniao

410 1600 519 1692 Regis
547 1606 583 1672 et
608 1601 763 1692 Reginae
790 1603 942 1692 plurimo
970 1624 1142 1692 sermone,
1172 1604 1254 1674 data
1280 1604 1474 1692 audientia,
1503 1610 1709 1695 purgarent,
1738 1609 1774 1675 et
1801 1603 1952 1675 duellum

412 1723 645 1794 assertoribus
673 1721 833 1810 offerent,
862 1727 1060 1795 astruentes
1087 1722 1308 1794 Kaaimirum
1334 1723 1501 1796 Poloniae
1529 1723 1658 1814 Regem
1687 1731 1723 1795 et
1749 1745 1851 1794 suam
1880 1743 1952 1796 con·

413 1848 540 1914 sortem
568 1842 768 1930 Elisabeth,
797 1864 867 1914 non
895 1850 996 1916 extra
1022 1865 1150 1916 noxam
1178 1843 1294 1931 modo,
1323 1842 1431 1932 sed²l
1459 1848 1560 1916 extra
1583 1864 1694 1915 noxae
1724 1843 1953 1934 suspicionem

413 1963 501 2050 lore;
534 1963 661 2035 habere
693 1962 825 2056 Regem
857 1964 1024 2036 Poloniae
1052 1969 1087 2037 et
1113 1965 1250 2056 gladios
1278 1970 1313 2038 et
1340 1986 1454 2051 arma,
1489 1969 1692 2055 caeteraque
1719 1964 1860 2056 generis
1886 1964 1953 2036 bal·

412 2084 542 2170 lorum,
573 2083 701 2174 quibus
728 2090 998 2175 prosequeretur
1024 2107 1094 2156 non
1114 2085 1322 2171 licitamine,
1351 2105 1463 2176 neque
1496 2083 1671 2171 clausule,
1700 2084 1761 2156 sod
1780 2085 1955 2175 propalam

414 2224 495 2274 suas
523 2204 757 2292 hostilitates;
791 2203 822 2276 si
849 2205 929 2296 quis
957 2205 1053 2276 aliud
1086 2205 1245 2277 refellere
1278 2205 1420 2289 audeat,
1454 2225 1492 2277 se
1524 2204 1631 2295 Regis
1659 2203 1714 2275 sui
1742 2210 1779 2276 et
1806 2204 1955 2296 Reginae

413 2323 647 2396 innocentiam
676 2324 793 2398 duello
821 2332 1038 2397 ostensuros:
1067 2326 1145 2398 Rex
1172 2325 1248 2416 ipse
1276 2325 1462 2397 Bohemiae
1490 2324 1612 2398 Giruih
1627 2322 1670 2413 ³),
1701 2327 1812 2396 famae
1840 2324 1955 2396 huius

414 2443 524 2531 modi,
552 2445 652 2516 uelut
679 2447 779 2517 fictae
807 2451 841 2517 et
869 2445 1026 2518 mendaci
1062 2465 1240 2536 nunquam
1268 2467 1304 2518 se
1333 2445 1538 2533 credidisse,
1572 2445 1633 2516 sad
1669 2465 1743 2516 eam
1783 2449 1842 2533 (nt
1875 2447 1956 2532 erat)

414 2563 457 2635 ab
485 2563 617 2636 inuidis
645 2565 845 2653 conflatam,
877 2586 1015 2659 semper
1041 2587 1104 2656 pro
1134 2566 1222 2638 falsa
1248 2566 1421 2653 tenuisse,
1450 2565 1611 2636 omnibus
1638 2564 1831 2637 baronibus
1853 2566 1956 2638 Bohe-

414 2683 504 2755 miae
532 2685 692 2756 certatim
720 2685 756 2756 in
784 2687 860 2758 eius
889 2686 1099 2759 sententiam
1127 2705 1303 2758 sermones
1336 2686 1549 2758 multifarios
1582 2683 1828 2771 fundentibus,
1858 2685 1957 2756 dedu·

415 2823 512 2891 oens,
550 2805 715 2877 Iacobum
752 2806 988 2897 Dambyenshi
1003 2807 1034 2896 4)
1072 2811 1107 2878 et
1143 2806 1328 2878 hlbertum
1366 2807 1492 2880 Gorslri
1530 2811 1729 2878 muneratos
1766 2806 1957 2892 dimittens,

416 2923 521 2994 etiam
548 2925 812 2997 conventionem
841 2947 902 3016 per
931 2927 1076 2998 barones
1094 2926 1278 3017 utriusque
1298 2925 1409 3018 Regni
1428 2925 1657 2998 communiter
1674 2925 1712 2996 in
1732 2927 1824 2998 festo
1846 2925 1959 2997 Sancti

417 3043 561 3114 Martini
588 3045 772 3136 agendam,
802 3067 974 3118 excusans
1002 3067 1054 3133 se,
1084 3045 1175 3136 quod
1203 3053 1345 3137 propter
1364 3052 1478 3117 ortam
1493 3047 1725 3132 simultatem,
1754 3046 1905 3117 barones
1922 3046 1959 3116 ad

418 3161 510 3235 diem
537 3168 749 3237 transactam
777 3167 899 3239 Sancti
926 3165 1093 3238 Iohannis
1114 3167 1297 3257 Baptistae
1315 3187 1384 3237 non
1404 3166 1563 3254 miserat,
1592 3167 1768 3239 militibus
1796 3165 1958 3238 Polonius

419 3282 709 3374 suscipientibus,
739 3286 953 3359 condictavit
984 3290 1010 3376 ).

420 3636 572 3726 oppidum
594 3639 795 3729 lunanturg
816 3641 942 3730 capitur
957 3659 978 3712 a
992 3640 1136 3727 l’olonis;
1162 3641 1350 3712 Sdanansas
1364 3659 1421 3730 per
1435 3643 1563 3713 hostem
1585 3641 1794 3730 affligentem
1818 3642 1959 3731 oppidu

420 3755 518 3830 dolub
541 3759 629 3830 horti
651 3759 810 3848 proditum
833 3760 941 3832 briem
963 3761 1163 3832 stetinensis
1184 3761 1255 3831 ltux
1270 3778 1340 3832 eum
1355 3761 1520 3832 nonnullis
1542 3761 1617 3832 aliis
1638 3760 1766 3850 oppidis
1782 3761 1827 3832 ad
1841 3761 1959 3832 hortu

702 3879 829 3968 dalem
852 3883 995 3952 centnm
1017 3881 1183 3969 barsena
1206 3884 1324 3970 gentas
1346 3883 1455 3970 regiae
1477 3883 1679 3970 recuperant.

531 4130 704 4223 Oppidum
731 4130 863 4203 interea
890 4129 1127 4221 Marisnbnrg,
1156 4130 1248 4220 quod
1275 4151 1336 4220 per
1361 4135 1482 4222 gentes
1500 4128 1616 4221 regias
1635 4128 1817 4202 obsidione
1836 4149 1956 4221 preme

420 4254 541 4338 batur,
570 4251 652 4322 dnm
681 4255 832 4342 quatuor
858 4271 966 4341 prope
998 4250 1177 4322 mensibus
1210 4249 1424 4322 obsidionem
1453 4251 1654 4336 tolerasset,
1683 4249 1827 4321 tandem
1857 4249 1956 4322 trede-

423 4373 512 4444 cima
540 4371 693 4464 Augusti
709 4372 752 4460 ⁰),
781 4371 1010 4464 irruptionem
1037 4391 1099 4462 per
1127 4391 1250 4461 specus
1283 4370 1541 4458 subterraneos,
1574 4389 1663 4460 qnae
1694 4369 1765 4441 iam
1793 4374 1957 4441 maturata

423 4497 513 4581 erat,
542 4491 709 4579 veritum,
738 4493 863 4564 famem
892 4492 985 4563 enim
1012 4491 1125 4563 adhuc
1143 4491 1180 4562 in
1199 4510 1261 4562 sex
1280 4509 1415 4562 menses
1435 4495 1570 4580 poterat
1588 4490 1753 4577 tolerare,
1784 4489 1823 4561 in
1848 4509 1957 4561 manus

423 4612 592 4686 Iohannis
627 4612 921 4703 Koscayelyecaki
957 4610 1107 4702 palatini
1139 4610 1447 4683 Wladislaviensis
1484 4613 1519 4683 et
1546 4609 1719 4701 capitanei
1751 4609 1955 4683 Marisnbur·

423 4732 540 4826 gensis
577 4731 732 4804 deditum
764 4739 829 4805 est.
862 4733 905 4804 In
934 4733 1067 4805 deditos
1100 4731 1190 4804 nihil
1223 4731 1408 4804 saevitum.
1443 4730 1512 4803 Sed
1543 4731 1698 4803 Iohanne
1730 4730 1906 4818 nnuman
1928 4731 1956 4801 et

424 4853 559 4925 duobus
587 4852 669 4925 aliis
697 4852 851 4940 ciuibus,
881 4852 941 4943 qni
969 4851 1219 4940 tradimenti⁸)
1248 4855 1346 4924 erant
1373 4851 1505 4942 capita,
1534 4851 1570 4923 in
1590 4855 1740 4942 quatuor
1757 4857 1878 4941 partes
1896 4849 1955 4920 dia·

424 4973 644 5060 mammetis,
683 4973 923 5065 stipendiariis
955 4993 1037 5045 uero
1068 4971 1230 5064 Magistri
1262 4971 1338 5044 illic
1365 4971 1618 5060 militantibus,
1651 4971 1688 5043 in
1715 4970 1861 5042 uincula
1886 4989 1954 5042 con·

535 5263 556 5344 ¹)
581 5285 600 5326 a
623 5266 751 5342 Georgio
773 5265 932 5326 Bohemiae
954 5267 1036 5341 Rege
1058 5261 1121 5326 Ed.
1146 5261 1235 5347 Lipa.
1260 5261 1286 5344 Ω)
1309 5263 1363 5326 sed
1385 5263 1475 5325 etiam
1498 5258 1561 5324 Ed.
1586 5258 1676 5346 Lc'pa
1700 5257 1727 5346 ³)
1744 5261 1890 5341 Georgius
1903 5256 1955 5323 Ed

426 5366 516 5451 Lips.
536 5365 575 5448 ·⁴)
597 5367 765 5446 Dabienslri
793 5363 857 5428 Ec.
889 5364 979 5450 Lips.
1012 5366 1040 5444 ο)
1062 5368 1193 5428 condixit
1221 5363 1284 5429 Ec.
1315 5365 1406 5449 Lips.
1438 5365 1465 5446 ⁶)
1487 5369 1598 5428 mensis
1627 5367 1755 5442 August·
1785 5363 1848 5428 Ec.
1877 5363 1955 5447 Lipa

429 5471 456 5560 7)
479 5472 597 5532 Gliman
621 5467 697 5544 Cod.
722 5468 830 5534 Pracz.
853 5470 990 5551 (Blume).
1015 5469 1041 5550 ⁸)
1064 5472 1115 5546 qni
1137 5470 1305 5532 tradimenti
1328 5487 1418 5532 musa
1440 5467 1503 5531 Ed.
1526 5467 1616 5553 Lipe.
