4046 6278
421 530 496 607 ese
926 555 1039 608 aruum
1064 553 1309 608 ouonmomrns
1336 537 1450 626 (xm).
1682 529 1752 632 (Α.
1769 528 1817 606 Β.
1832 529 1950 628 lati.)

419 737 594 830 suspectis
621 737 815 828 indioibue,
843 739 1009 813 videlieet
1036 743 1097 812 aut
1124 739 1302 812 Friderieo
1331 738 1634 831 Bramdeburgeusi
1655 737 1873 826 Marehione,
1899 743 1951 810 eut

419 858 566 931 Alberto
595 859 777 947 nustriae,
806 864 868 931 aut
894 859 1072 932 Ludonieo
1092 860 1261 932 Banariae
1281 859 1436 931 Ducibus
1464 859 1692 950 experiretur.
1722 859 1948 948 Responsum:

418 978 498 1051 Nou
516 979 608 1051 nelle
629 977 655 1067 ¹)
683 979 901 1052 Kanimirum
928 979 1058 1071 Regem
1085 999 1212 1071 ponere
1239 999 1378 1051 oausam
1407 999 1505 1050 suam
1522 979 1560 1049 in
1579 978 1741 1050 manibus
1763 977 1948 1069 peregrino·

403 1117 494 1170 rum
521 1097 693 1187 inditum,
730 1119 810 1171 eum
837 1119 946 1189 aeque
973 1098 1086 1170 iustos
1119 1103 1153 1172 et
1180 1097 1297 1191 legum
1319 1098 1450 1190 peritos
1483 1098 1610 1170 habeat
1637 1097 1814 1188 proprios;
1852 1118 1948 1188 neque

417 1239 557 1291 seusam
586 1218 693 1291 semel
720 1217 872 1291 decisam
899 1237 1061 1290 revooare
1087 1217 1124 1289 iu
1151 1217 1307 1290 dubium.
1337 1219 1451 1289 Duoes
1479 1237 1616 1308 quoque
1642 1217 1819 1288 Maeonias
1840 1236 1948 1308 perum

417 1339 564 1411 solerter
591 1358 709 1431 agere,
738 1337 891 1409 nitentes
918 1336 1136 1410 Kanimirum
1164 1337 1294 1430 Regem
1321 1357 1422 1428 preoe
1450 1341 1485 1408 et
1511 1337 1682 1408 iurantia
1709 1355 1774 1407 sua
1800 1357 1820 1406 a
1848 1337 1947 1408 Duae·

417 1463 476 1530 tus
503 1456 705 1530 Plounensis
733 1457 936 1529 submovere
963 1457 1199 1547 possessione:
1228 1479 1297 1529 non
1325 1456 1394 1529 sibi
1422 1457 1482 1529 sed
1502 1456 1757 1548 Margarethae,
1787 1456 1880 1527 hliee
1897 1455 1947 1528 Se·

418 1576 542 1650 moniti
570 1576 746 1649 Maeoniae
773 1577 897 1664 Dotis,
926 1581 961 1648 et
988 1577 1141 1648 eousorti
1168 1576 1317 1650 Gouredi
1335 1573 1520 1648 Kanthner
1538 1575 1820 1649 Olesehnieensis
1840 1575 1945 1662 Dneis,

418 1697 449 1770 si
476 1697 572 1769 feudi
597 1695 654 1768 ius
681 1695 870 1789 quieverit,
899 1696 1135 1788 quaesiturus.

471 2050 625 2124 iithneni
645 2050 763 2121 iterun
785 2067 842 2138 per
863 2049 998 2121 nudes
1019 2051 1175 2138 repetunt
1196 2051 1316 2121 terren
1337 2049 1503 2135 Peteliae,
1525 2047 1749 2134 tolosensem,
1771 2048 1902 2119 uberte

1092 2172 1127 2240 et
1149 2169 1287 2241 lletlne.

520 2417 700 2490 Venerunt
716 2420 753 2488 et
770 2415 1026 2488 Lithuanorum
1053 2415 1187 2504 nuntii,
1216 2415 1391 2486 Thothwil
1405 2413 1436 2503 2)
1465 2418 1499 2487 et
1526 2414 1688 2502 Knauslx,
1716 2419 1889 2506 petentes,
1914 2420 1948 2485 ut

416 2537 491 2610 illis
519 2540 611 2609 terra
643 2535 824 2622 Podoliae,
860 2534 946 2606 item
978 2539 1071 2606 terra
1104 2533 1320 2620 Belsuensis‚
1358 2534 1443 2606 item
1474 2533 1657 2606 distrietus
1691 2533 1839 2606 Olesulxo
1856 2531 1886 2621 3)
1919 2539 1949 2604 et

416 2658 557 2730 Rathuo
589 2655 831 2742 redderentur,
864 2675 907 2727 ue
937 2653 1110 2746 profluvia
1142 2653 1327 2726 ohrmtiami
1359 2653 1556 2746 sanguinis,
1589 2654 1684 2726 bello
1716 2658 1948 2746 consurgente,

416 2775 651 2869 provenirent.
679 2773 736 2846 Ad
762 2793 867 2866 quam
893 2773 1102 2866 legationem
1129 2773 1359 2846 diffidationis
1387 2774 1537 2865 speeiem
1563 2773 1797 2862 redolentem,
1825 2773 1949 2864 pleenit

415 2895 567 2988 propriis
586 2893 721 2968 nuntiis
739 2893 956 2985 responderi,
985 2894 1229 2984 extemploque
1247 2893 1377 2966 deorsti
1394 2893 1528 2981 nuntii,
1558 2893 1759 2966 Stanislans
1779 2893 1821 2966 de
1840 2893 1948 2966 Ostro-

415 3035 479 3109 rog
504 3013 683 3106 palatinus
710 3013 931 3086 Calissieusis
959 3017 994 3086 et
1021 3013 1195 3086 Iohannes
1223 3012 1465 3104 Rithuyeushi
1492 3013 1606 3105 Regni
1624 3011 1791 3085 Polouiae
1815 3013 1948 3084 marsel-

416 3155 494 3223 ens,
522 3133 560 3206 in
587 3132 812 3204 Lithuemiam
839 3153 901 3224 pro
929 3133 985 3204 die
1013 3132 1194 3205 Domimieo
1223 3132 1556 3223 Ramispalmarum‚
1590 3133 1634 3203 ad
1662 3138 1872 3204 eonveutnm
1896 3151 1947 3224 ge-

415 3253 568 3328 neralem
595 3239 682 3325 illio'
700 3251 887 3324 tenendum
915 3250 1017 3339 ituri,
1052 3252 1112 3343 qui
1139 3251 1345 3343 petitionem
1377 3251 1632 3323 Lithuanorum
1647 3253 1679 3341 ⁴)
1715 3252 1808 3324 nihil
1839 3251 1947 3342 aequi·

414 3372 500 3444 tatis
532 3375 593 3444 ant
624 3371 712 3443 iuris
743 3371 948 3458 habentem,
982 3372 1161 3459 refellant,
1195 3376 1356 3462 totasque
1393 3376 1428 3442 et
1455 3371 1638 3443 districtus
1669 3391 1732 3461 per
1761 3370 1948 3443 Lithueuos

415 3490 562 3583 petitos,
590 3489 634 3561 ud
660 3490 733 3579 ius,
761 3489 1009 3582 proprietatem
1038 3494 1072 3562 et
1099 3490 1290 3562 dominium
1321 3490 1435 3582 Regni
1461 3491 1628 3562 Polemios
1655 3490 1785 3562 dudum
1814 3497 1850 3563 et
1867 3509 1947 3563 sem·

414 3631 476 3704 per
501 3610 729 3702 pertinuisse,
758 3609 1022 3700 Lithnanosque
1049 3608 1140 3680 nihil
1166 3608 1254 3681 iuris
1282 3609 1319 3680 iu
1346 3609 1396 3681 sis
1424 3609 1604 3699 habuisse,
1634 3611 1792 3684 doosant.

554 3963 697 4050 legetur
720 3960 837 4032 Sumnn
859 3960 1024 4032 lonensis
1047 3978 1117 4032 enm
1141 3961 1308 4032 tmelrerle
1332 3960 1464 4050 egilde
1487 3977 1566 4049 pene
1588 3960 1816 4050 eenponenle

518 4207 586 4279 His
614 4210 649 4278 et
675 4206 756 4278 aliis
783 4205 943 4297 pluribus
970 4203 1122 4297 publiele
1149 4207 1253 4279 rebus
1279 4225 1319 4278 eo
1346 4204 1466 4278 ordine
1486 4205 1705 4296 compositis,
1734 4204 1948 4296 expeditione

416 4347 552 4421 quoque
578 4325 733 4419 generali
760 4329 879 4398 eontra
906 4325 1087 4398 Prussiam
1105 4345 1277 4398 eonsensu
1295 4324 1488 4397 universali
1506 4325 1733 4415 pronuntiata
1752 4329 1786 4396 st
1806 4325 1945 4409 deerete,

414 4445 606 4538 eapituneis
634 4463 771 4537 quoque
798 4449 833 4516 et
859 4445 1041 4536 armigeris
1068 4446 1106 4517 iu
1132 4445 1279 4517 Prussia
1309 4444 1545 4516 militantibus
1576 4463 1638 4534 per
1669 4444 1873 4515 donativum
1898 4462 1945 4513 se

415 4566 568 4652 lanistis,
597 4564 799 4636 Kauimirus
826 4563 993 4636 Poloniae
1021 4563 1098 4637 Rex
1126 4564 1163 4636 in
1190 4563 1339 4650 Radom‚
1373 4563 1434 4635 ubi
1461 4563 1643 4635 Elisabeth
1675 4563 1847 4654 Reginam
1873 4559 1945 4632 reli·

415 4689 553 4778 queret,
579 4704 623 4756 ex
640 4683 825 4774 Pyotrhow
844 4683 1010 4756 vieesima
1027 4704 1119 4756 noma
1133 4683 1163 4772 5)
1191 4683 1347 4755 Ianuarii
1366 4683 1398 4772 θ)
1426 4703 1601 4774 egressnS,
1631 4682 1754 4769 rediit,
1779 4687 1815 4754 et
1833 4679 1946 4754 abinde

415 4826 494 4878 enm
521 4803 640 4876 eadem
666 4801 850 4874 Elisabeth
877 4801 1013 4895 Regina
1040 4803 1077 4874 iu
1104 4802 1331 4874 Lithuauiam
1357 4801 1519 4888 divertit,
1551 4801 1696 4892 diesque
1723 4797 1944 4893 Quadragesi·

415 4923 595 4998 masiliis
625 4921 709 5014 egit.
741 4921 968 5012 Apostolious
1000 4923 1154 5015 laegatus
1186 4922 1419 5014 Hieronymus
1452 4920 1627 4995 Cretensis
1660 4920 1942 5012 antiepiscopus,

522 5209 544 5289 ¹)
559 5211 615 5270 His
630 5227 803 5287 responsum
818 5213 878 5288 est,
893 5211 972 5270 nollo
987 5205 1049 5272 Ed.
1065 5206 1155 5291 Lips.
1172 5207 1370 5288 ²)Thethphil
1386 5203 1450 5269 Ed.
1466 5205 1559 5290 Lips.
1574 5207 1730 5287 (Totiwil).
1748 5205 1943 5286 ³)Olyesehlxo

414 5311 477 5376 Ed.
500 5309 592 5394 Dipo.
624 5309 650 5389 ⁴)
673 5311 879 5374 Lithusuieem
908 5307 971 5373 Ed.
998 5308 1091 5395 Dipe.
1123 5309 1149 5390 ο)
1171 5311 1316 5388 vigesima
1344 5316 1449 5371 ootsvs
1480 5305 1556 5372 Coe.
1587 5305 1695 5372 ΗΜ.
1728 5307 1756 5390 ⁶)
1779 5310 1885 5370 mensis
1903 5307 1942 5368 le·

414 5415 511 5482 uuarh
531 5409 595 5477 Ed.
617 5409 708 5508 Ilipa.
