<?xml version="1.0" encoding="UTF-8"?>
<!DOCTYPE html PUBLIC "-//W3C//DTD XHTML 1.0 Transitional//EN"
    "http://www.w3.org/TR/xhtml1/DTD/xhtml1-transitional.dtd">
<html xmlns="http://www.w3.org/1999/xhtml" xml:lang="en" lang="en">
 <head>
  <title>
</title>
<meta http-equiv="Content-Type" content="text/html;charset=utf-8" />
  <meta name='ocr-system' content='tesseract 3.04.00' />
  <meta name='ocr-capabilities' content='ocr_page ocr_carea ocr_par ocr_line ocrx_word'/>
</head>
<body>
  <div class='ocr_page' id='page_1' title='image "./operaomnia06paulgoog_0335.png"; bbox 0 0 4082 6284; ppageno 0'>
   <div class='ocr_carea' id='block_1_1' title="bbox 79 562 1628 664">
    <p class='ocr_par' dir='ltr' id='par_1_1' title="bbox 79 562 1628 664">
     <span class='ocr_line' id='line_1_1' title="bbox 79 562 1628 664; baseline 0 -26"><span class='ocrx_word' id='word_1_1' title='bbox 79 562 150 664; x_wconf 88' lang='grc' dir='ltr'>(Α.</span> <span class='ocrx_word' id='word_1_2' title='bbox 170 563 215 638; x_wconf 85' lang='lat' dir='ltr'>D.</span> <span class='ocrx_word' id='word_1_3' title='bbox 236 562 351 660; x_wconf 79' lang='grc'>1461.)</span> <span class='ocrx_word' id='word_1_4' title='bbox 600 587 710 638; x_wconf 81' lang='lat' dir='ltr'>maran</span> <span class='ocrx_word' id='word_1_5' title='bbox 736 585 980 638; x_wconf 84' lang='lat' dir='ltr'>nuouacnrus</span> <span class='ocrx_word' id='word_1_6' title='bbox 1008 563 1122 656; x_wconf 85' lang='lat' dir='ltr'>(xm).</span> <span class='ocrx_word' id='word_1_7' title='bbox 1554 565 1628 638; x_wconf 87' lang='grc'>323</span> 
     </span>
    </p>
   </div>
   <div class='ocr_carea' id='block_1_2' title="bbox 64 769 1628 4338">
    <p class='ocr_par' dir='ltr' id='par_1_2' title="bbox 64 769 1628 4338">
     <span class='ocr_line' id='line_1_2' title="bbox 77 769 1625 863; baseline -0.002 -19"><span class='ocrx_word' id='word_1_8' title='bbox 77 770 239 844; x_wconf 77' lang='lat' dir='ltr'><strong>Saxones</strong></span> <span class='ocrx_word' id='word_1_9' title='bbox 270 769 307 842; x_wconf 94' lang='lat' dir='ltr'>in</span> <span class='ocrx_word' id='word_1_10' title='bbox 335 792 460 863; x_wconf 88' lang='lat' dir='ltr'>magna</span> <span class='ocrx_word' id='word_1_11' title='bbox 487 771 714 845; x_wconf 91' lang='lat' dir='ltr'>multitudine</span> <span class='ocrx_word' id='word_1_12' title='bbox 747 793 805 844; x_wconf 91' lang='lat' dir='ltr'>ees</span> <span class='ocrx_word' id='word_1_13' title='bbox 832 770 1019 842; x_wconf 83' lang='lat' dir='ltr'>inuadunt:</span> <span class='ocrx_word' id='word_1_14' title='bbox 1059 770 1120 842; x_wconf 90' lang='lat' dir='ltr'>ubi</span> <span class='ocrx_word' id='word_1_15' title='bbox 1147 790 1335 862; x_wconf 90' lang='lat' dir='ltr'>congressu</span> <span class='ocrx_word' id='word_1_16' title='bbox 1373 771 1477 858; x_wconf 92' lang='lat' dir='ltr'>inito,</span> <span class='ocrx_word' id='word_1_17' title='bbox 1515 770 1625 842; x_wconf 86' lang='lat' dir='ltr'>Saxo·</span> 
     </span>
     <span class='ocr_line' id='line_1_3' title="bbox 76 889 1627 983; baseline -0.001 -21"><span class='ocrx_word' id='word_1_18' title='bbox 76 911 144 963; x_wconf 88' lang='lat' dir='ltr'>nes</span> <span class='ocrx_word' id='word_1_19' title='bbox 162 891 261 983; x_wconf 88' lang='lat' dir='ltr'>gravi</span> <span class='ocrx_word' id='word_1_20' title='bbox 279 889 381 964; x_wconf 88' lang='lat' dir='ltr'>caede</span> <span class='ocrx_word' id='word_1_21' title='bbox 409 891 660 982; x_wconf 87' lang='lat' dir='ltr'>confliguntur,</span> <span class='ocrx_word' id='word_1_22' title='bbox 689 893 876 983; x_wconf 79' lang='lat' dir='ltr'>pluresque</span> <span class='ocrx_word' id='word_1_23' title='bbox 895 911 938 963; x_wconf 84' lang='lat' dir='ltr'>ex</span> <span class='ocrx_word' id='word_1_24' title='bbox 957 889 1032 962; x_wconf 93' lang='lat' dir='ltr'>illis</span> <span class='ocrx_word' id='word_1_25' title='bbox 1051 889 1161 981; x_wconf 89' lang='lat' dir='ltr'>capti,</span> <span class='ocrx_word' id='word_1_26' title='bbox 1190 891 1279 982; x_wconf 92' lang='lat' dir='ltr'>Regi</span> <span class='ocrx_word' id='word_1_27' title='bbox 1299 891 1424 978; x_wconf 88' lang='lat' dir='ltr'>oblati,</span> <span class='ocrx_word' id='word_1_28' title='bbox 1446 895 1481 962; x_wconf 90' lang='lat' dir='ltr'>et</span> <span class='ocrx_word' id='word_1_29' title='bbox 1499 890 1627 981; x_wconf 89' lang='lat' dir='ltr'>praeda</span> 
     </span>
     <span class='ocr_line' id='line_1_4' title="bbox 76 1010 1628 1102; baseline -0.001 -20"><span class='ocrx_word' id='word_1_30' title='bbox 76 1010 194 1082; x_wconf 91' lang='lat' dir='ltr'>omnia</span> <span class='ocrx_word' id='word_1_31' title='bbox 220 1011 257 1082; x_wconf 92' lang='lat' dir='ltr'>in</span> <span class='ocrx_word' id='word_1_32' title='bbox 285 1016 399 1082; x_wconf 90' lang='lat' dir='ltr'>castra</span> <span class='ocrx_word' id='word_1_33' title='bbox 426 1011 575 1082; x_wconf 91' lang='lat' dir='ltr'>adducta</span> <span class='ocrx_word' id='word_1_34' title='bbox 607 1017 641 1083; x_wconf 94' lang='lat' dir='ltr'>et</span> <span class='ocrx_word' id='word_1_35' title='bbox 669 1012 867 1083; x_wconf 87' lang='lat' dir='ltr'>venundata</span> <span class='ocrx_word' id='word_1_36' title='bbox 894 1013 959 1082; x_wconf 91' lang='lat' dir='ltr'>est.</span> <span class='ocrx_word' id='word_1_37' title='bbox 989 1011 1040 1081; x_wconf 77' lang='lat' dir='ltr'>lla</span> <span class='ocrx_word' id='word_1_38' title='bbox 1067 1010 1181 1096; x_wconf 89' lang='lat' dir='ltr'>clade,</span> <span class='ocrx_word' id='word_1_39' title='bbox 1207 1031 1315 1102; x_wconf 92' lang='lat' dir='ltr'>ecque</span> <span class='ocrx_word' id='word_1_40' title='bbox 1334 1011 1475 1096; x_wconf 91' lang='lat' dir='ltr'>damno,</span> <span class='ocrx_word' id='word_1_41' title='bbox 1497 1010 1628 1101; x_wconf 78' lang='lat' dir='ltr'>Sophia</span> 
     </span>
     <span class='ocr_line' id='line_1_5' title="bbox 74 1129 1626 1223; baseline 0 -21"><span class='ocrx_word' id='word_1_42' title='bbox 74 1129 176 1203; x_wconf 81' lang='lat' dir='ltr'>Rrici</span> <span class='ocrx_word' id='word_1_43' title='bbox 195 1131 302 1202; x_wconf 88' lang='lat' dir='ltr'>Ducis</span> <span class='ocrx_word' id='word_1_44' title='bbox 321 1151 463 1203; x_wconf 87' lang='lat' dir='ltr'>censens</span> <span class='ocrx_word' id='word_1_45' title='bbox 481 1133 658 1223; x_wconf 88' lang='lat' dir='ltr'>perculsa,</span> <span class='ocrx_word' id='word_1_46' title='bbox 687 1131 725 1203; x_wconf 93' lang='lat' dir='ltr'>in</span> <span class='ocrx_word' id='word_1_47' title='bbox 744 1139 859 1203; x_wconf 89' lang='lat' dir='ltr'>castra</span> <span class='ocrx_word' id='word_1_48' title='bbox 876 1131 989 1223; x_wconf 89' lang='lat' dir='ltr'>regia,</span> <span class='ocrx_word' id='word_1_49' title='bbox 1009 1129 1175 1203; x_wconf 85' lang='lat' dir='ltr'>uicesima</span> <span class='ocrx_word' id='word_1_50' title='bbox 1194 1129 1344 1202; x_wconf 90' lang='lat' dir='ltr'>secunda</span> <span class='ocrx_word' id='word_1_51' title='bbox 1364 1130 1580 1222; x_wconf 79' lang='lat' dir='ltr'><strong>Septembris</strong></span> <span class='ocrx_word' id='word_1_52' title='bbox 1600 1131 1626 1218; x_wconf 65' lang='grc' dir='ltr'>Ι)</span> 
     </span>
     <span class='ocr_line' id='line_1_6' title="bbox 73 1248 1622 1342; baseline -0.001 -20"><span class='ocrx_word' id='word_1_53' title='bbox 73 1250 256 1341; x_wconf 84' lang='lat' dir='ltr'>peruenit;</span> <span class='ocrx_word' id='word_1_54' title='bbox 285 1250 377 1340; x_wconf 92' lang='lat' dir='ltr'>apud</span> <span class='ocrx_word' id='word_1_55' title='bbox 406 1251 536 1342; x_wconf 80' lang='lat' dir='ltr'>Regem</span> <span class='ocrx_word' id='word_1_56' title='bbox 565 1272 702 1342; x_wconf 91' lang='lat' dir='ltr'>quoque</span> <span class='ocrx_word' id='word_1_57' title='bbox 729 1251 835 1324; x_wconf 84' lang='lat' dir='ltr'>verbe</span> <span class='ocrx_word' id='word_1_58' title='bbox 863 1249 1009 1336; x_wconf 84' lang='lat' dir='ltr'>iaciens,</span> <span class='ocrx_word' id='word_1_59' title='bbox 1038 1248 1221 1341; x_wconf 87' lang='lat' dir='ltr'>coniugem</span> <span class='ocrx_word' id='word_1_60' title='bbox 1249 1270 1351 1320; x_wconf 91' lang='lat' dir='ltr'>suum</span> <span class='ocrx_word' id='word_1_61' title='bbox 1379 1249 1520 1320; x_wconf 84' lang='lat' dir='ltr'>Ericum</span> <span class='ocrx_word' id='word_1_62' title='bbox 1548 1248 1622 1321; x_wconf 85' lang='lat' dir='ltr'>Ste-</span> 
     </span>
     <span class='ocr_line' id='line_1_7' title="bbox 73 1368 1622 1464; baseline -0.001 -23"><span class='ocrx_word' id='word_1_63' title='bbox 73 1370 250 1442; x_wconf 91' lang='lat' dir='ltr'>tinensem</span> <span class='ocrx_word' id='word_1_64' title='bbox 278 1371 409 1442; x_wconf 90' lang='lat' dir='ltr'>Ducem</span> <span class='ocrx_word' id='word_1_65' title='bbox 440 1371 540 1462; x_wconf 84' lang='lat' dir='ltr'>graui</span> <span class='ocrx_word' id='word_1_66' title='bbox 557 1371 595 1442; x_wconf 92' lang='lat' dir='ltr'>in</span> <span class='ocrx_word' id='word_1_67' title='bbox 613 1371 745 1464; x_wconf 82' lang='lat' dir='ltr'>Regem</span> <span class='ocrx_word' id='word_1_68' title='bbox 764 1375 798 1443; x_wconf 90' lang='lat' dir='ltr'>et</span> <span class='ocrx_word' id='word_1_69' title='bbox 817 1371 976 1462; x_wconf 85' lang='lat' dir='ltr'>Regnum</span> <span class='ocrx_word' id='word_1_70' title='bbox 1004 1369 1150 1455; x_wconf 89' lang='lat' dir='ltr'>scelere,</span> <span class='ocrx_word' id='word_1_71' title='bbox 1179 1368 1348 1461; x_wconf 86' lang='lat' dir='ltr'>gravique</span> <span class='ocrx_word' id='word_1_72' title='bbox 1375 1368 1521 1459; x_wconf 88' lang='lat' dir='ltr'>perfidia</span> <span class='ocrx_word' id='word_1_73' title='bbox 1544 1389 1622 1460; x_wconf 90' lang='lat' dir='ltr'>pre·</span> 
     </span>
     <span class='ocr_line' id='line_1_8' title="bbox 72 1488 1622 1582; baseline -0.001 -21"><span class='ocrx_word' id='word_1_74' title='bbox 72 1491 200 1562; x_wconf 89' lang='lat' dir='ltr'>fitetur</span> <span class='ocrx_word' id='word_1_75' title='bbox 225 1489 427 1580; x_wconf 85' lang='lat' dir='ltr'>deliquisse.</span> <span class='ocrx_word' id='word_1_76' title='bbox 457 1491 501 1563; x_wconf 86' lang='lat' dir='ltr'>Se</span> <span class='ocrx_word' id='word_1_77' title='bbox 530 1511 666 1582; x_wconf 89' lang='lat' dir='ltr'>quoque</span> <span class='ocrx_word' id='word_1_78' title='bbox 693 1489 858 1582; x_wconf 85' lang='lat' dir='ltr'>perfidiae</span> <span class='ocrx_word' id='word_1_79' title='bbox 885 1489 998 1581; x_wconf 90' lang='lat' dir='ltr'>ipsius</span> <span class='ocrx_word' id='word_1_80' title='bbox 1026 1493 1219 1580; x_wconf 85' lang='lat' dir='ltr'>expertem,</span> <span class='ocrx_word' id='word_1_81' title='bbox 1248 1501 1283 1561; x_wconf 89' lang='lat' dir='ltr'>et</span> <span class='ocrx_word' id='word_1_82' title='bbox 1312 1510 1333 1560; x_wconf 89' lang='lat' dir='ltr'>a</span> <span class='ocrx_word' id='word_1_83' title='bbox 1358 1493 1432 1562; x_wconf 90' lang='lat' dir='ltr'>toro</span> <span class='ocrx_word' id='word_1_84' title='bbox 1461 1509 1523 1559; x_wconf 91' lang='lat' dir='ltr'>suo</span> <span class='ocrx_word' id='word_1_85' title='bbox 1551 1488 1622 1560; x_wconf 92' lang='lat' dir='ltr'>die·</span> 
     </span>
     <span class='ocr_line' id='line_1_9' title="bbox 71 1607 1624 1700; baseline -0.002 -19"><span class='ocrx_word' id='word_1_86' title='bbox 71 1609 144 1681; x_wconf 89' lang='lat' dir='ltr'>bus</span> <span class='ocrx_word' id='word_1_87' title='bbox 177 1609 340 1700; x_wconf 84' lang='lat' dir='ltr'>plurimis</span> <span class='ocrx_word' id='word_1_88' title='bbox 372 1610 600 1698; x_wconf 80' lang='lat' dir='ltr'>abstinuisse,</span> <span class='ocrx_word' id='word_1_89' title='bbox 635 1615 670 1683; x_wconf 94' lang='lat' dir='ltr'>et</span> <span class='ocrx_word' id='word_1_90' title='bbox 701 1615 802 1683; x_wconf 91' lang='lat' dir='ltr'>natos</span> <span class='ocrx_word' id='word_1_91' title='bbox 834 1630 1034 1682; x_wconf 90' lang='lat' dir='ltr'>communes</span> <span class='ocrx_word' id='word_1_92' title='bbox 1062 1607 1150 1698; x_wconf 71' lang='lat' dir='ltr'>ad2)</span> <span class='ocrx_word' id='word_1_93' title='bbox 1183 1613 1407 1700; x_wconf 90' lang='lat' dir='ltr'>conspectum</span> <span class='ocrx_word' id='word_1_94' title='bbox 1439 1608 1624 1699; x_wconf 90' lang='lat' dir='ltr'>perductos</span> 
     </span>
     <span class='ocr_line' id='line_1_10' title="bbox 71 1729 1622 1821; baseline 0 -21"><span class='ocrx_word' id='word_1_95' title='bbox 71 1729 206 1819; x_wconf 88' lang='lat' dir='ltr'>patrie,</span> <span class='ocrx_word' id='word_1_96' title='bbox 236 1733 276 1800; x_wconf 89' lang='lat' dir='ltr'>ut</span> <span class='ocrx_word' id='word_1_97' title='bbox 302 1729 385 1801; x_wconf 91' lang='lat' dir='ltr'>illes</span> <span class='ocrx_word' id='word_1_98' title='bbox 413 1736 586 1818; x_wconf 89' lang='lat' dir='ltr'>enecaret,</span> <span class='ocrx_word' id='word_1_99' title='bbox 614 1751 658 1803; x_wconf 94' lang='lat' dir='ltr'>ne</span> <span class='ocrx_word' id='word_1_100' title='bbox 685 1730 722 1802; x_wconf 92' lang='lat' dir='ltr'>in</span> <span class='ocrx_word' id='word_1_101' title='bbox 749 1729 940 1802; x_wconf 87' lang='lat' dir='ltr'>ludibrium</span> <span class='ocrx_word' id='word_1_102' title='bbox 971 1729 1163 1800; x_wconf 89' lang='lat' dir='ltr'>humanum</span> <span class='ocrx_word' id='word_1_103' title='bbox 1195 1729 1290 1802; x_wconf 87' lang='lat' dir='ltr'>vitae</span> <span class='ocrx_word' id='word_1_104' title='bbox 1321 1730 1476 1821; x_wconf 86' lang='lat' dir='ltr'>reliquae</span> <span class='ocrx_word' id='word_1_105' title='bbox 1503 1749 1622 1820; x_wconf 90' lang='lat' dir='ltr'>super·</span> 
     </span>
     <span class='ocr_line' id='line_1_11' title="bbox 72 1847 1625 1942; baseline -0.001 -22"><span class='ocrx_word' id='word_1_106' title='bbox 72 1853 211 1935; x_wconf 88' lang='lat' dir='ltr'>essent,</span> <span class='ocrx_word' id='word_1_107' title='bbox 232 1849 442 1922; x_wconf 75' lang='lat' dir='ltr'>obsecrasse.</span> <span class='ocrx_word' id='word_1_108' title='bbox 472 1849 555 1922; x_wconf 91' lang='lat' dir='ltr'>Orat</span> <span class='ocrx_word' id='word_1_109' title='bbox 574 1849 714 1938; x_wconf 92' lang='lat' dir='ltr'>deinde,</span> <span class='ocrx_word' id='word_1_110' title='bbox 734 1855 775 1921; x_wconf 95' lang='lat' dir='ltr'>ut</span> <span class='ocrx_word' id='word_1_111' title='bbox 793 1851 869 1923; x_wconf 82' lang='lat' dir='ltr'>Rex</span> <span class='ocrx_word' id='word_1_112' title='bbox 886 1847 917 1939; x_wconf 79' lang='grc'>3)</span> <span class='ocrx_word' id='word_1_113' title='bbox 944 1848 1186 1942; x_wconf 80' lang='lat' dir='ltr'>magnitudine</span> <span class='ocrx_word' id='word_1_114' title='bbox 1204 1849 1408 1922; x_wconf 91' lang='lat' dir='ltr'>clementiae</span> <span class='ocrx_word' id='word_1_115' title='bbox 1428 1870 1526 1936; x_wconf 91' lang='lat' dir='ltr'>suae,</span> <span class='ocrx_word' id='word_1_116' title='bbox 1554 1869 1625 1920; x_wconf 92' lang='lat' dir='ltr'>nen</span> 
     </span>
     <span class='ocr_line' id='line_1_12' title="bbox 71 1968 1622 2061; baseline 0.001 -22"><span class='ocrx_word' id='word_1_117' title='bbox 71 1975 150 2040; x_wconf 90' lang='lat' dir='ltr'>tam</span> <span class='ocrx_word' id='word_1_118' title='bbox 178 1969 280 2040; x_wconf 82' lang='lat' dir='ltr'>Erico</span> <span class='ocrx_word' id='word_1_119' title='bbox 308 1969 412 2057; x_wconf 92' lang='lat' dir='ltr'>Duci,</span> <span class='ocrx_word' id='word_1_120' title='bbox 442 1991 545 2060; x_wconf 88' lang='lat' dir='ltr'>quam</span> <span class='ocrx_word' id='word_1_121' title='bbox 574 1971 642 2043; x_wconf 88' lang='lat' dir='ltr'>sibi</span> <span class='ocrx_word' id='word_1_122' title='bbox 670 1977 705 2042; x_wconf 88' lang='lat' dir='ltr'>et</span> <span class='ocrx_word' id='word_1_123' title='bbox 732 1971 826 2042; x_wconf 89' lang='lat' dir='ltr'>uatis</span> <span class='ocrx_word' id='word_1_124' title='bbox 859 1969 949 2057; x_wconf 91' lang='lat' dir='ltr'>suis,</span> <span class='ocrx_word' id='word_1_125' title='bbox 985 1991 1029 2043; x_wconf 85' lang='lat' dir='ltr'>ex</span> <span class='ocrx_word' id='word_1_126' title='bbox 1057 1969 1158 2042; x_wconf 91' lang='lat' dir='ltr'>cuius</span> <span class='ocrx_word' id='word_1_127' title='bbox 1186 1969 1355 2061; x_wconf 91' lang='lat' dir='ltr'>sanguine</span> <span class='ocrx_word' id='word_1_128' title='bbox 1383 1969 1528 2041; x_wconf 90' lang='lat' dir='ltr'>trahunt</span> <span class='ocrx_word' id='word_1_129' title='bbox 1555 1968 1622 2040; x_wconf 92' lang='lat' dir='ltr'>ori-</span> 
     </span>
     <span class='ocr_line' id='line_1_13' title="bbox 70 2087 1623 2182; baseline 0 -23"><span class='ocrx_word' id='word_1_130' title='bbox 70 2087 210 2179; x_wconf 90' lang='lat' dir='ltr'>ginem,</span> <span class='ocrx_word' id='word_1_131' title='bbox 243 2088 473 2179; x_wconf 78' lang='lat' dir='ltr'>propitiatus,</span> <span class='ocrx_word' id='word_1_132' title='bbox 510 2091 690 2182; x_wconf 88' lang='lat' dir='ltr'>perfidiam</span> <span class='ocrx_word' id='word_1_133' title='bbox 718 2091 900 2182; x_wconf 83' lang='lat' dir='ltr'>indulgeat</span> <span class='ocrx_word' id='word_1_134' title='bbox 927 2095 962 2161; x_wconf 90' lang='lat' dir='ltr'>et</span> <span class='ocrx_word' id='word_1_135' title='bbox 989 2090 1104 2162; x_wconf 90' lang='lat' dir='ltr'>scelus</span> <span class='ocrx_word' id='word_1_136' title='bbox 1131 2091 1304 2178; x_wconf 90' lang='lat' dir='ltr'>remittat,</span> <span class='ocrx_word' id='word_1_137' title='bbox 1333 2089 1504 2180; x_wconf 91' lang='lat' dir='ltr'>pollicens</span> <span class='ocrx_word' id='word_1_138' title='bbox 1532 2108 1569 2160; x_wconf 93' lang='lat' dir='ltr'>se</span> <span class='ocrx_word' id='word_1_139' title='bbox 1588 2093 1623 2160; x_wconf 91' lang='lat' dir='ltr'>et</span> 
     </span>
     <span class='ocr_line' id='line_1_14' title="bbox 69 2203 1616 2302; baseline 0.001 -24"><span class='ocrx_word' id='word_1_140' title='bbox 69 2207 190 2280; x_wconf 81' lang='lat' dir='ltr'>virum</span> <span class='ocrx_word' id='word_1_141' title='bbox 222 2229 340 2296; x_wconf 91' lang='lat' dir='ltr'>snum,</span> <span class='ocrx_word' id='word_1_142' title='bbox 373 2209 535 2283; x_wconf 46' lang='lat' dir='ltr'>fideliter*</span> <span class='ocrx_word' id='word_1_143' title='bbox 552 2215 587 2283; x_wconf 90' lang='lat' dir='ltr'>et</span> <span class='ocrx_word' id='word_1_144' title='bbox 614 2211 716 2283; x_wconf 85' lang='lat' dir='ltr'>enixe</span> <span class='ocrx_word' id='word_1_145' title='bbox 743 2203 888 2283; x_wconf 48' lang='lat' dir='ltr'>‘causam</span> <span class='ocrx_word' id='word_1_146' title='bbox 917 2210 1024 2302; x_wconf 92' lang='lat' dir='ltr'>Regis</span> <span class='ocrx_word' id='word_1_147' title='bbox 1049 2215 1169 2282; x_wconf 90' lang='lat' dir='ltr'>centra</span> <span class='ocrx_word' id='word_1_148' title='bbox 1192 2209 1384 2283; x_wconf 78' lang='lat' dir='ltr'>Gracileros</span> <span class='ocrx_word' id='word_1_149' title='bbox 1412 2209 1455 2282; x_wconf 91' lang='lat' dir='ltr'>de</span> <span class='ocrx_word' id='word_1_150' title='bbox 1482 2213 1616 2282; x_wconf 91' lang='lat' dir='ltr'>caetero</span> 
     </span>
     <span class='ocr_line' id='line_1_15' title="bbox 69 2327 1619 2423; baseline 0 -24"><span class='ocrx_word' id='word_1_151' title='bbox 69 2327 269 2401; x_wconf 89' lang='lat' dir='ltr'>adiuturos.</span> <span class='ocrx_word' id='word_1_152' title='bbox 298 2329 432 2420; x_wconf 85' lang='lat' dir='ltr'>Aequis</span> <span class='ocrx_word' id='word_1_153' title='bbox 460 2329 603 2403; x_wconf 91' lang='lat' dir='ltr'>auribus</span> <span class='ocrx_word' id='word_1_154' title='bbox 632 2333 703 2402; x_wconf 87' lang='lat' dir='ltr'>tam</span> <span class='ocrx_word' id='word_1_155' title='bbox 730 2352 751 2401; x_wconf 93' lang='lat' dir='ltr'>a</span> <span class='ocrx_word' id='word_1_156' title='bbox 778 2331 891 2423; x_wconf 89' lang='lat' dir='ltr'>Rege,</span> <span class='ocrx_word' id='word_1_157' title='bbox 929 2351 1033 2421; x_wconf 91' lang='lat' dir='ltr'>quam</span> <span class='ocrx_word' id='word_1_158' title='bbox 1061 2329 1289 2416; x_wconf 90' lang='lat' dir='ltr'>consiliariis,</span> <span class='ocrx_word' id='word_1_159' title='bbox 1319 2330 1410 2421; x_wconf 91' lang='lat' dir='ltr'>qued</span> <span class='ocrx_word' id='word_1_160' title='bbox 1438 2334 1473 2402; x_wconf 89' lang='lat' dir='ltr'>et</span> <span class='ocrx_word' id='word_1_161' title='bbox 1501 2330 1619 2400; x_wconf 83' lang='lat' dir='ltr'>facun-</span> 
     </span>
     <span class='ocr_line' id='line_1_16' title="bbox 69 2448 1619 2542; baseline 0.001 -23"><span class='ocrx_word' id='word_1_162' title='bbox 69 2448 132 2520; x_wconf 91' lang='lat' dir='ltr'>dia</span> <span class='ocrx_word' id='word_1_163' title='bbox 159 2452 352 2540; x_wconf 81' lang='lat' dir='ltr'>praestaret</span> <span class='ocrx_word' id='word_1_164' title='bbox 378 2454 414 2521; x_wconf 93' lang='lat' dir='ltr'>et</span> <span class='ocrx_word' id='word_1_165' title='bbox 442 2450 565 2537; x_wconf 84' lang='lat' dir='ltr'>forma,</span> <span class='ocrx_word' id='word_1_166' title='bbox 590 2449 632 2521; x_wconf 91' lang='lat' dir='ltr'>in</span> <span class='ocrx_word' id='word_1_167' title='bbox 659 2451 809 2541; x_wconf 89' lang='lat' dir='ltr'>peteuda</span> <span class='ocrx_word' id='word_1_168' title='bbox 835 2471 973 2541; x_wconf 89' lang='lat' dir='ltr'>queque</span> <span class='ocrx_word' id='word_1_169' title='bbox 1000 2449 1103 2522; x_wconf 83' lang='lat' dir='ltr'>uenia</span> <span class='ocrx_word' id='word_1_170' title='bbox 1130 2449 1303 2522; x_wconf 91' lang='lat' dir='ltr'>submisse</span> <span class='ocrx_word' id='word_1_171' title='bbox 1322 2470 1359 2522; x_wconf 93' lang='lat' dir='ltr'>se</span> <span class='ocrx_word' id='word_1_172' title='bbox 1378 2452 1529 2542; x_wconf 89' lang='lat' dir='ltr'>gereret,</span> <span class='ocrx_word' id='word_1_173' title='bbox 1558 2469 1619 2520; x_wconf 89' lang='lat' dir='ltr'>au-</span> 
     </span>
     <span class='ocr_line' id='line_1_17' title="bbox 68 2567 1619 2661; baseline 0.001 -22"><span class='ocrx_word' id='word_1_174' title='bbox 68 2567 149 2640; x_wconf 89' lang='lat' dir='ltr'>dita</span> <span class='ocrx_word' id='word_1_175' title='bbox 176 2573 246 2656; x_wconf 90' lang='lat' dir='ltr'>eat,</span> <span class='ocrx_word' id='word_1_176' title='bbox 276 2571 310 2642; x_wconf 92' lang='lat' dir='ltr'>et</span> <span class='ocrx_word' id='word_1_177' title='bbox 336 2573 417 2660; x_wconf 88' lang='lat' dir='ltr'>pest</span> <span class='ocrx_word' id='word_1_178' title='bbox 444 2570 563 2660; x_wconf 92' lang='lat' dir='ltr'>plures</span> <span class='ocrx_word' id='word_1_179' title='bbox 592 2575 764 2642; x_wconf 89' lang='lat' dir='ltr'>tractatus</span> <span class='ocrx_word' id='word_1_180' title='bbox 791 2569 829 2642; x_wconf 91' lang='lat' dir='ltr'>in</span> <span class='ocrx_word' id='word_1_181' title='bbox 856 2590 896 2642; x_wconf 92' lang='lat' dir='ltr'>ea</span> <span class='ocrx_word' id='word_1_182' title='bbox 922 2590 960 2642; x_wconf 91' lang='lat' dir='ltr'>re</span> <span class='ocrx_word' id='word_1_183' title='bbox 986 2569 1143 2658; x_wconf 91' lang='lat' dir='ltr'>habitos,</span> <span class='ocrx_word' id='word_1_184' title='bbox 1172 2574 1253 2661; x_wconf 91' lang='lat' dir='ltr'>pest</span> <span class='ocrx_word' id='word_1_185' title='bbox 1272 2569 1463 2660; x_wconf 85' lang='lat' dir='ltr'>exprobata</span> <span class='ocrx_word' id='word_1_186' title='bbox 1482 2588 1619 2660; x_wconf 89' lang='lat' dir='ltr'>qaoque</span> 
     </span>
     <span class='ocr_line' id='line_1_18' title="bbox 68 2687 1619 2781; baseline 0.001 -22"><span class='ocrx_word' id='word_1_187' title='bbox 68 2687 109 2759; x_wconf 92' lang='lat' dir='ltr'>in</span> <span class='ocrx_word' id='word_1_188' title='bbox 137 2687 271 2760; x_wconf 85' lang='lat' dir='ltr'>Ducem</span> <span class='ocrx_word' id='word_1_189' title='bbox 297 2687 440 2761; x_wconf 83' lang='lat' dir='ltr'>Rricum</span> <span class='ocrx_word' id='word_1_190' title='bbox 468 2690 597 2762; x_wconf 88' lang='lat' dir='ltr'>collata</span> <span class='ocrx_word' id='word_1_191' title='bbox 624 2690 807 2778; x_wconf 85' lang='lat' dir='ltr'>beneficia,</span> <span class='ocrx_word' id='word_1_192' title='bbox 836 2689 1002 2781; x_wconf 83' lang='lat' dir='ltr'>perfidiae</span> <span class='ocrx_word' id='word_1_193' title='bbox 1029 2689 1165 2762; x_wconf 86' lang='lat' dir='ltr'>facinus</span> <span class='ocrx_word' id='word_1_194' title='bbox 1194 2710 1234 2762; x_wconf 91' lang='lat' dir='ltr'>ea</span> <span class='ocrx_word' id='word_1_195' title='bbox 1260 2689 1458 2762; x_wconf 89' lang='lat' dir='ltr'>conditione</span> <span class='ocrx_word' id='word_1_196' title='bbox 1476 2709 1619 2780; x_wconf 91' lang='lat' dir='ltr'>parsum</span> 
     </span>
     <span class='ocr_line' id='line_1_19' title="bbox 68 2808 1616 2902; baseline 0 -22"><span class='ocrx_word' id='word_1_197' title='bbox 68 2812 142 2895; x_wconf 92' lang='lat' dir='ltr'>est,</span> <span class='ocrx_word' id='word_1_198' title='bbox 171 2813 212 2879; x_wconf 92' lang='lat' dir='ltr'>ut</span> <span class='ocrx_word' id='word_1_199' title='bbox 239 2808 321 2879; x_wconf 85' lang='lat' dir='ltr'>Dux</span> <span class='ocrx_word' id='word_1_200' title='bbox 347 2808 487 2897; x_wconf 83' lang='lat' dir='ltr'>Ericus,</span> <span class='ocrx_word' id='word_1_201' title='bbox 516 2809 725 2901; x_wconf 90' lang='lat' dir='ltr'>praeteritae</span> <span class='ocrx_word' id='word_1_202' title='bbox 753 2811 891 2900; x_wconf 89' lang='lat' dir='ltr'>culpam</span> <span class='ocrx_word' id='word_1_203' title='bbox 918 2810 1084 2902; x_wconf 87' lang='lat' dir='ltr'>perfidiae</span> <span class='ocrx_word' id='word_1_204' title='bbox 1112 2809 1313 2882; x_wconf 78' lang='lat' dir='ltr'>sinceritate</span> <span class='ocrx_word' id='word_1_205' title='bbox 1340 2808 1421 2882; x_wconf 88' lang='lat' dir='ltr'>fidei</span> <span class='ocrx_word' id='word_1_206' title='bbox 1448 2829 1530 2900; x_wconf 91' lang='lat' dir='ltr'>erga</span> <span class='ocrx_word' id='word_1_207' title='bbox 1547 2808 1616 2880; x_wconf 90' lang='lat' dir='ltr'>Re·</span> 
     </span>
     <span class='ocr_line' id='line_1_20' title="bbox 66 2927 1616 3022; baseline 0 -22"><span class='ocrx_word' id='word_1_208' title='bbox 66 2949 149 3020; x_wconf 92' lang='lat' dir='ltr'>gem</span> <span class='ocrx_word' id='word_1_209' title='bbox 176 2932 213 3000; x_wconf 92' lang='lat' dir='ltr'>et</span> <span class='ocrx_word' id='word_1_210' title='bbox 241 2928 417 3018; x_wconf 85' lang='lat' dir='ltr'>Regnum,</span> <span class='ocrx_word' id='word_1_211' title='bbox 446 2928 680 3021; x_wconf 88' lang='lat' dir='ltr'>ingeminans,</span> <span class='ocrx_word' id='word_1_212' title='bbox 710 2930 841 3021; x_wconf 84' lang='lat' dir='ltr'>expiet.</span> <span class='ocrx_word' id='word_1_213' title='bbox 869 2930 926 3002; x_wconf 82' lang='lat' dir='ltr'>Ad</span> <span class='ocrx_word' id='word_1_214' title='bbox 953 2931 1046 3022; x_wconf 88' lang='lat' dir='ltr'>quod</span> <span class='ocrx_word' id='word_1_215' title='bbox 1073 2951 1110 3003; x_wconf 90' lang='lat' dir='ltr'>se</span> <span class='ocrx_word' id='word_1_216' title='bbox 1136 2930 1316 3021; x_wconf 90' lang='lat' dir='ltr'>praefatus</span> <span class='ocrx_word' id='word_1_217' title='bbox 1348 2927 1474 3000; x_wconf 85' lang='lat' dir='ltr'>Ericua</span> <span class='ocrx_word' id='word_1_218' title='bbox 1502 2933 1538 3001; x_wconf 93' lang='lat' dir='ltr'>et</span> <span class='ocrx_word' id='word_1_219' title='bbox 1563 2927 1616 3000; x_wconf 92' lang='lat' dir='ltr'>iu·</span> 
     </span>
     <span class='ocr_line' id='line_1_21' title="bbox 67 3047 1617 3141; baseline 0 -21"><span class='ocrx_word' id='word_1_220' title='bbox 67 3047 256 3120; x_wconf 88' lang='lat' dir='ltr'>reiurando</span> <span class='ocrx_word' id='word_1_221' title='bbox 284 3053 319 3120; x_wconf 94' lang='lat' dir='ltr'>et</span> <span class='ocrx_word' id='word_1_222' title='bbox 345 3069 437 3120; x_wconf 85' lang='lat' dir='ltr'>noua</span> <span class='ocrx_word' id='word_1_223' title='bbox 464 3049 664 3140; x_wconf 87' lang='lat' dir='ltr'>sponsione,</span> <span class='ocrx_word' id='word_1_224' title='bbox 694 3055 765 3122; x_wconf 89' lang='lat' dir='ltr'>tam</span> <span class='ocrx_word' id='word_1_225' title='bbox 792 3050 943 3134; x_wconf 83' lang='lat' dir='ltr'>literali,</span> <span class='ocrx_word' id='word_1_226' title='bbox 974 3071 1077 3141; x_wconf 88' lang='lat' dir='ltr'>quam</span> <span class='ocrx_word' id='word_1_227' title='bbox 1105 3049 1239 3122; x_wconf 85' lang='lat' dir='ltr'>verbali</span> <span class='ocrx_word' id='word_1_228' title='bbox 1267 3048 1446 3120; x_wconf 82' lang='lat' dir='ltr'>astrinxit.</span> <span class='ocrx_word' id='word_1_229' title='bbox 1483 3048 1617 3121; x_wconf 78' lang='lat' dir='ltr'>Ferunt</span> 
     </span>
     <span class='ocr_line' id='line_1_22' title="bbox 66 3167 1614 3262; baseline 0.001 -23"><span class='ocrx_word' id='word_1_230' title='bbox 66 3167 290 3240; x_wconf 86' lang='lat' dir='ltr'>Kaaimirum</span> <span class='ocrx_word' id='word_1_231' title='bbox 318 3168 484 3241; x_wconf 93' lang='lat' dir='ltr'>Poleniae</span> <span class='ocrx_word' id='word_1_232' title='bbox 511 3169 658 3262; x_wconf 90' lang='lat' dir='ltr'>Regem,</span> <span class='ocrx_word' id='word_1_233' title='bbox 692 3170 862 3242; x_wconf 89' lang='lat' dir='ltr'>Ducissae</span> <span class='ocrx_word' id='word_1_234' title='bbox 893 3171 1071 3260; x_wconf 82' lang='lat' dir='ltr'>praefatae</span> <span class='ocrx_word' id='word_1_235' title='bbox 1099 3169 1249 3260; x_wconf 86' lang='lat' dir='ltr'>Sophiae</span> <span class='ocrx_word' id='word_1_236' title='bbox 1278 3168 1456 3242; x_wconf 88' lang='lat' dir='ltr'>solertiam</span> <span class='ocrx_word' id='word_1_237' title='bbox 1485 3172 1519 3241; x_wconf 89' lang='lat' dir='ltr'>et</span> <span class='ocrx_word' id='word_1_238' title='bbox 1546 3169 1614 3240; x_wconf 57' lang='lat' dir='ltr'>iera</span> 
     </span>
     <span class='ocr_line' id='line_1_23' title="bbox 67 3287 1616 3380; baseline -0.001 -21"><span class='ocrx_word' id='word_1_239' title='bbox 67 3309 162 3359; x_wconf 92' lang='lat' dir='ltr'>mam</span> <span class='ocrx_word' id='word_1_240' title='bbox 182 3287 297 3360; x_wconf 91' lang='lat' dir='ltr'>animo</span> <span class='ocrx_word' id='word_1_241' title='bbox 316 3294 350 3361; x_wconf 91' lang='lat' dir='ltr'>et</span> <span class='ocrx_word' id='word_1_242' title='bbox 368 3288 580 3380; x_wconf 77' lang='lat' dir='ltr'>cogitatione</span> <span class='ocrx_word' id='word_1_243' title='bbox 607 3291 822 3376; x_wconf 86' lang='lat' dir='ltr'>volventem,</span> <span class='ocrx_word' id='word_1_244' title='bbox 852 3290 992 3380; x_wconf 89' lang='lat' dir='ltr'>saepius</span> <span class='ocrx_word' id='word_1_245' title='bbox 1010 3309 1079 3361; x_wconf 91' lang='lat' dir='ltr'>non</span> <span class='ocrx_word' id='word_1_246' title='bbox 1099 3289 1245 3362; x_wconf 90' lang='lat' dir='ltr'>tacitum</span> <span class='ocrx_word' id='word_1_247' title='bbox 1263 3288 1494 3379; x_wconf 89' lang='lat' dir='ltr'>poenituisse,</span> <span class='ocrx_word' id='word_1_248' title='bbox 1524 3288 1616 3378; x_wconf 90' lang='lat' dir='ltr'>qued</span> 
     </span>
     <span class='ocr_line' id='line_1_24' title="bbox 65 3406 1613 3498; baseline -0.001 -18"><span class='ocrx_word' id='word_1_249' title='bbox 65 3411 249 3498; x_wconf 86' lang='lat' dir='ltr'>precatam</span> <span class='ocrx_word' id='word_1_250' title='bbox 277 3407 345 3479; x_wconf 92' lang='lat' dir='ltr'>sibi</span> <span class='ocrx_word' id='word_1_251' title='bbox 373 3429 537 3498; x_wconf 90' lang='lat' dir='ltr'>sponsam</span> <span class='ocrx_word' id='word_1_252' title='bbox 565 3411 711 3480; x_wconf 89' lang='lat' dir='ltr'>sortitus</span> <span class='ocrx_word' id='word_1_253' title='bbox 738 3431 807 3480; x_wconf 91' lang='lat' dir='ltr'>non</span> <span class='ocrx_word' id='word_1_254' title='bbox 836 3409 955 3482; x_wconf 79' lang='lat' dir='ltr'>fuerit:</span> <span class='ocrx_word' id='word_1_255' title='bbox 989 3431 1067 3482; x_wconf 87' lang='lat' dir='ltr'>cunr</span> <span class='ocrx_word' id='word_1_256' title='bbox 1094 3429 1192 3480; x_wconf 89' lang='lat' dir='ltr'>rarae</span> <span class='ocrx_word' id='word_1_257' title='bbox 1221 3408 1414 3495; x_wconf 83' lang='lat' dir='ltr'>venustati,</span> <span class='ocrx_word' id='word_1_258' title='bbox 1443 3429 1512 3498; x_wconf 91' lang='lat' dir='ltr'>qua</span> <span class='ocrx_word' id='word_1_259' title='bbox 1538 3406 1613 3498; x_wconf 88' lang='lat' dir='ltr'>pel-</span> 
     </span>
     <span class='ocr_line' id='line_1_25' title="bbox 65 3527 1613 3620; baseline 0 -22"><span class='ocrx_word' id='word_1_260' title='bbox 65 3527 182 3615; x_wconf 90' lang='lat' dir='ltr'>lebat,</span> <span class='ocrx_word' id='word_1_261' title='bbox 211 3527 315 3599; x_wconf 87' lang='lat' dir='ltr'>etiam</span> <span class='ocrx_word' id='word_1_262' title='bbox 344 3527 420 3598; x_wconf 91' lang='lat' dir='ltr'>auri</span> <span class='ocrx_word' id='word_1_263' title='bbox 447 3529 589 3619; x_wconf 90' lang='lat' dir='ltr'>grandis</span> <span class='ocrx_word' id='word_1_264' title='bbox 618 3529 797 3620; x_wconf 86' lang='lat' dir='ltr'>quantitas</span> <span class='ocrx_word' id='word_1_265' title='bbox 826 3530 868 3600; x_wconf 92' lang='lat' dir='ltr'>ab</span> <span class='ocrx_word' id='word_1_266' title='bbox 897 3529 998 3602; x_wconf 80' lang='lat' dir='ltr'>Erico</span> <span class='ocrx_word' id='word_1_267' title='bbox 1026 3529 1160 3602; x_wconf 88' lang='lat' dir='ltr'>seniore</span> <span class='ocrx_word' id='word_1_268' title='bbox 1181 3528 1307 3600; x_wconf 90' lang='lat' dir='ltr'>Daciae</span> <span class='ocrx_word' id='word_1_269' title='bbox 1326 3529 1422 3619; x_wconf 88' lang='lat' dir='ltr'>Rege</span> <span class='ocrx_word' id='word_1_270' title='bbox 1441 3527 1526 3614; x_wconf 90' lang='lat' dir='ltr'>sibi,</span> <span class='ocrx_word' id='word_1_271' title='bbox 1556 3548 1613 3598; x_wconf 85' lang='lat' dir='ltr'>ve·</span> 
     </span>
     <span class='ocr_line' id='line_1_26' title="bbox 64 3645 1613 3738; baseline -0.001 -19"><span class='ocrx_word' id='word_1_272' title='bbox 64 3649 124 3719; x_wconf 93' lang='lat' dir='ltr'>lut</span> <span class='ocrx_word' id='word_1_273' title='bbox 150 3647 265 3737; x_wconf 89' lang='lat' dir='ltr'>nepti,</span> <span class='ocrx_word' id='word_1_274' title='bbox 295 3647 330 3718; x_wconf 89' lang='lat' dir='ltr'>in</span> <span class='ocrx_word' id='word_1_275' title='bbox 359 3653 469 3719; x_wconf 91' lang='lat' dir='ltr'>morte</span> <span class='ocrx_word' id='word_1_276' title='bbox 501 3649 686 3738; x_wconf 89' lang='lat' dir='ltr'>praestita,</span> <span class='ocrx_word' id='word_1_277' title='bbox 719 3657 753 3721; x_wconf 88' lang='lat' dir='ltr'>et</span> <span class='ocrx_word' id='word_1_278' title='bbox 780 3655 950 3721; x_wconf 88' lang='lat' dir='ltr'>terrarum</span> <span class='ocrx_word' id='word_1_279' title='bbox 984 3647 1236 3722; x_wconf 77' lang='lat' dir='ltr'>stetinensium</span> <span class='ocrx_word' id='word_1_280' title='bbox 1269 3647 1464 3734; x_wconf 79' lang='lat' dir='ltr'>desolatio,</span> <span class='ocrx_word' id='word_1_281' title='bbox 1498 3645 1613 3718; x_wconf 93' lang='lat' dir='ltr'>dotem</span> 
     </span>
     <span class='ocr_line' id='line_1_27' title="bbox 64 3767 1612 3858; baseline -0.001 -19"><span class='ocrx_word' id='word_1_282' title='bbox 64 3767 163 3839; x_wconf 87' lang='lat' dir='ltr'>hand</span> <span class='ocrx_word' id='word_1_283' title='bbox 192 3767 420 3857; x_wconf 89' lang='lat' dir='ltr'>spernendam</span> <span class='ocrx_word' id='word_1_284' title='bbox 447 3769 649 3855; x_wconf 86' lang='lat' dir='ltr'>conficiens,</span> <span class='ocrx_word' id='word_1_285' title='bbox 679 3769 895 3842; x_wconf 87' lang='lat' dir='ltr'>accessisset.</span> <span class='ocrx_word' id='word_1_286' title='bbox 925 3771 1010 3841; x_wconf 82' lang='lat' dir='ltr'>Ram</span> <span class='ocrx_word' id='word_1_287' title='bbox 1031 3774 1146 3840; x_wconf 90' lang='lat' dir='ltr'>tamen</span> <span class='ocrx_word' id='word_1_288' title='bbox 1165 3767 1443 3858; x_wconf 91' lang='lat' dir='ltr'>poenitudinem,</span> <span class='ocrx_word' id='word_1_289' title='bbox 1474 3767 1612 3856; x_wconf 90' lang='lat' dir='ltr'>quoties</span> 
     </span>
     <span class='ocr_line' id='line_1_28' title="bbox 65 3885 1611 3978; baseline -0.001 -19"><span class='ocrx_word' id='word_1_290' title='bbox 65 3887 222 3959; x_wconf 91' lang='lat' dir='ltr'>animum</span> <span class='ocrx_word' id='word_1_291' title='bbox 256 3885 391 3977; x_wconf 91' lang='lat' dir='ltr'>regium</span> <span class='ocrx_word' id='word_1_292' title='bbox 424 3887 565 3958; x_wconf 91' lang='lat' dir='ltr'>subibat</span> <span class='ocrx_word' id='word_1_293' title='bbox 597 3888 749 3960; x_wconf 89' lang='lat' dir='ltr'>charitas</span> <span class='ocrx_word' id='word_1_294' title='bbox 778 3895 813 3959; x_wconf 92' lang='lat' dir='ltr'>et</span> <span class='ocrx_word' id='word_1_295' title='bbox 840 3887 1010 3960; x_wconf 86' lang='lat' dir='ltr'>modestia</span> <span class='ocrx_word' id='word_1_296' title='bbox 1042 3907 1190 3978; x_wconf 87' lang='lat' dir='ltr'>sponsae</span> <span class='ocrx_word' id='word_1_297' title='bbox 1223 3907 1306 3958; x_wconf 92' lang='lat' dir='ltr'>snae</span> <span class='ocrx_word' id='word_1_298' title='bbox 1338 3887 1538 3973; x_wconf 83' lang='lat' dir='ltr'>Elisabeth,</span> <span class='ocrx_word' id='word_1_299' title='bbox 1568 3907 1611 3958; x_wconf 87' lang='lat' dir='ltr'>ex</span> 
     </span>
     <span class='ocr_line' id='line_1_29' title="bbox 64 4005 1610 4098; baseline 0 -20"><span class='ocrx_word' id='word_1_300' title='bbox 64 4008 140 4078; x_wconf 90' lang='lat' dir='ltr'>alto</span> <span class='ocrx_word' id='word_1_301' title='bbox 168 4005 339 4096; x_wconf 88' lang='lat' dir='ltr'>sanguine</span> <span class='ocrx_word' id='word_1_302' title='bbox 365 4005 550 4077; x_wconf 81' lang='lat' dir='ltr'>Caesarum</span> <span class='ocrx_word' id='word_1_303' title='bbox 579 4013 690 4094; x_wconf 90' lang='lat' dir='ltr'>satae,</span> <span class='ocrx_word' id='word_1_304' title='bbox 720 4012 755 4079; x_wconf 93' lang='lat' dir='ltr'>et</span> <span class='ocrx_word' id='word_1_305' title='bbox 782 4009 878 4098; x_wconf 90' lang='lat' dir='ltr'>prole</span> <span class='ocrx_word' id='word_1_306' title='bbox 912 4006 1072 4098; x_wconf 89' lang='lat' dir='ltr'>quinaria</span> <span class='ocrx_word' id='word_1_307' title='bbox 1099 4006 1168 4078; x_wconf 91' lang='lat' dir='ltr'>iam</span> <span class='ocrx_word' id='word_1_308' title='bbox 1198 4011 1376 4098; x_wconf 89' lang='lat' dir='ltr'>suscepta,</span> <span class='ocrx_word' id='word_1_309' title='bbox 1410 4007 1610 4098; x_wconf 91' lang='lat' dir='ltr'>Regnorum</span> 
     </span>
     <span class='ocr_line' id='line_1_30' title="bbox 64 4125 1609 4220; baseline 0 -22"><span class='ocrx_word' id='word_1_310' title='bbox 64 4147 206 4217; x_wconf 91' lang='lat' dir='ltr'>queque</span> <span class='ocrx_word' id='word_1_311' title='bbox 233 4133 268 4197; x_wconf 92' lang='lat' dir='ltr'>et</span> <span class='ocrx_word' id='word_1_312' title='bbox 296 4131 465 4196; x_wconf 90' lang='lat' dir='ltr'>terrarum</span> <span class='ocrx_word' id='word_1_313' title='bbox 493 4126 587 4198; x_wconf 88' lang='lat' dir='ltr'>iusta</span> <span class='ocrx_word' id='word_1_314' title='bbox 614 4131 648 4200; x_wconf 92' lang='lat' dir='ltr'>et</span> <span class='ocrx_word' id='word_1_315' title='bbox 675 4127 833 4220; x_wconf 88' lang='lat' dir='ltr'>legitima</span> <span class='ocrx_word' id='word_1_316' title='bbox 860 4127 1054 4215; x_wconf 85' lang='lat' dir='ltr'>devolutio,</span> <span class='ocrx_word' id='word_1_317' title='bbox 1083 4127 1127 4198; x_wconf 92' lang='lat' dir='ltr'>ad</span> <span class='ocrx_word' id='word_1_318' title='bbox 1153 4126 1256 4198; x_wconf 89' lang='lat' dir='ltr'>illum</span> <span class='ocrx_word' id='word_1_319' title='bbox 1283 4131 1319 4199; x_wconf 94' lang='lat' dir='ltr'>et</span> <span class='ocrx_word' id='word_1_320' title='bbox 1337 4131 1437 4199; x_wconf 89' lang='lat' dir='ltr'>natos</span> <span class='ocrx_word' id='word_1_321' title='bbox 1457 4147 1538 4198; x_wconf 90' lang='lat' dir='ltr'>sues</span> <span class='ocrx_word' id='word_1_322' title='bbox 1557 4125 1609 4198; x_wconf 92' lang='lat' dir='ltr'>di-</span> 
     </span>
     <span class='ocr_line' id='line_1_31' title="bbox 65 4244 897 4338; baseline 0.001 -21"><span class='ocrx_word' id='word_1_323' title='bbox 65 4246 216 4318; x_wconf 85' lang='lat' dir='ltr'>vinitate</span> <span class='ocrx_word' id='word_1_324' title='bbox 244 4244 397 4336; x_wconf 89' lang='lat' dir='ltr'>propitia</span> <span class='ocrx_word' id='word_1_325' title='bbox 423 4251 647 4335; x_wconf 82' lang='lat' dir='ltr'>perventura,</span> <span class='ocrx_word' id='word_1_326' title='bbox 676 4246 897 4338; x_wconf 91' lang='lat' dir='ltr'>dispellebat.</span> 
     </span>
    </p>
   </div>
   <div class='ocr_carea' id='block_1_3' title="bbox 173 4497 1559 4586">
    <p class='ocr_par' dir='ltr' id='par_1_3' title="bbox 173 4497 1559 4586">
     <span class='ocr_line' id='line_1_32' title="bbox 173 4497 1559 4586; baseline 0.001 -25"><span class='ocrx_word' id='word_1_327' title='bbox 173 4501 194 4582; x_wconf 76' lang='grc' dir='ltr'>ι)</span> <span class='ocrx_word' id='word_1_328' title='bbox 217 4503 328 4571; x_wconf 82' lang='lat' dir='ltr'>mensis</span> <span class='ocrx_word' id='word_1_329' title='bbox 350 4503 531 4579; x_wconf 76' lang='lat' dir='ltr'>Septembris</span> <span class='ocrx_word' id='word_1_330' title='bbox 553 4499 617 4564; x_wconf 86' lang='lat' dir='ltr'>Ed.</span> <span class='ocrx_word' id='word_1_331' title='bbox 640 4499 730 4586; x_wconf 77' lang='lat' dir='ltr'>Lips.</span> <span class='ocrx_word' id='word_1_332' title='bbox 759 4503 783 4582; x_wconf 84' lang='lat'>²)</span> <span class='ocrx_word' id='word_1_333' title='bbox 805 4503 836 4562; x_wconf 90' lang='lat' dir='ltr'>in</span> <span class='ocrx_word' id='word_1_334' title='bbox 858 4499 925 4567; x_wconf 71' lang='lat' dir='ltr'>Ed.</span> <span class='ocrx_word' id='word_1_335' title='bbox 950 4499 1039 4585; x_wconf 77' lang='lat' dir='ltr'>Lc&#39;pa.</span> <span class='ocrx_word' id='word_1_336' title='bbox 1063 4497 1091 4584; x_wconf 79' lang='lat'>³)</span> <span class='ocrx_word' id='word_1_337' title='bbox 1114 4501 1275 4564; x_wconf 75' lang='lat' dir='ltr'>casimirus</span> <span class='ocrx_word' id='word_1_338' title='bbox 1296 4502 1360 4563; x_wconf 85' lang='lat' dir='ltr'>Rex</span> <span class='ocrx_word' id='word_1_339' title='bbox 1382 4497 1445 4564; x_wconf 84' lang='lat' dir='ltr'>Ed.</span> <span class='ocrx_word' id='word_1_340' title='bbox 1469 4498 1559 4584; x_wconf 82' lang='lat' dir='ltr'>Lipa.</span> 
     </span>
    </p>
   </div>
   <div class='ocr_carea' id='block_1_4' title="bbox 0 0 2046 6284">
    <p class='ocr_par' dir='ltr' id='par_1_4' title="bbox 0 0 2046 6284">
     <span class='ocr_line' id='line_1_33' title="bbox 0 0 2046 6284; baseline 0 0"><span class='ocrx_word' id='word_1_341' title='bbox 0 0 2046 6284; x_wconf 95' lang='lat' dir='ltr'> </span> 
     </span>
    </p>
   </div>
  </div>
 </body>
</html>
