<?xml version="1.0" encoding="UTF-8"?>
<!DOCTYPE html PUBLIC "-//W3C//DTD XHTML 1.0 Transitional//EN"
    "http://www.w3.org/TR/xhtml1/DTD/xhtml1-transitional.dtd">
<html xmlns="http://www.w3.org/1999/xhtml" xml:lang="en" lang="en">
 <head>
  <title>
</title>
<meta http-equiv="Content-Type" content="text/html;charset=utf-8" />
  <meta name='ocr-system' content='tesseract 3.04.00' />
  <meta name='ocr-capabilities' content='ocr_page ocr_carea ocr_par ocr_line ocrx_word'/>
</head>
<body>
  <div class='ocr_page' id='page_1' title='image "./operaomnia06paulgoog_0025.png"; bbox 0 0 4264 6280; ppageno 0'>
   <div class='ocr_carea' id='block_1_1' title="bbox 200 593 1750 693">
    <p class='ocr_par' dir='ltr' id='par_1_1' title="bbox 200 593 1750 693">
     <span class='ocr_line' id='line_1_1' title="bbox 200 593 1750 693; baseline -0.001 -23"><span class='ocrx_word' id='word_1_1' title='bbox 200 595 266 693; x_wconf 86' lang='grc' dir='ltr'>(Α.</span> <span class='ocrx_word' id='word_1_2' title='bbox 287 595 332 668; x_wconf 89' lang='lat' dir='ltr'>D.</span> <span class='ocrx_word' id='word_1_3' title='bbox 353 593 479 692; x_wconf 68' lang='lat' dir='ltr'>todo.)</span> <span class='ocrx_word' id='word_1_4' title='bbox 715 619 828 670; x_wconf 75' lang='lat' dir='ltr'>arene</span> <span class='ocrx_word' id='word_1_5' title='bbox 855 617 1099 670; x_wconf 84' lang='lat' dir='ltr'>nuonecurus</span> <span class='ocrx_word' id='word_1_6' title='bbox 1128 599 1241 688; x_wconf 84' lang='lat' dir='ltr'>(xrrr).</span> <span class='ocrx_word' id='word_1_7' title='bbox 1703 599 1750 669; x_wconf 88' lang='lat'>13</span> 
     </span>
    </p>
   </div>
   <div class='ocr_carea' id='block_1_2' title="bbox 199 801 1859 2095">
    <p class='ocr_par' dir='ltr' id='par_1_2' title="bbox 199 801 1754 1854">
     <span class='ocr_line' id='line_1_2' title="bbox 199 801 1752 896; baseline -0.002 -19"><span class='ocrx_word' id='word_1_8' title='bbox 199 826 262 896; x_wconf 91' lang='lat' dir='ltr'>per</span> <span class='ocrx_word' id='word_1_9' title='bbox 292 803 452 876; x_wconf 84' lang='lat' dir='ltr'>Vicarios</span> <span class='ocrx_word' id='word_1_10' title='bbox 480 807 515 876; x_wconf 93' lang='lat' dir='ltr'>et</span> <span class='ocrx_word' id='word_1_11' title='bbox 541 803 725 876; x_wconf 77' lang='lat' dir='ltr'>Praesides</span> <span class='ocrx_word' id='word_1_12' title='bbox 757 802 847 894; x_wconf 89' lang='lat' dir='ltr'>regi,</span> <span class='ocrx_word' id='word_1_13' title='bbox 882 801 1172 893; x_wconf 88' lang='lat' dir='ltr'>quemadmodum</span> <span class='ocrx_word' id='word_1_14' title='bbox 1199 803 1236 874; x_wconf 92' lang='lat' dir='ltr'>in</span> <span class='ocrx_word' id='word_1_15' title='bbox 1264 807 1379 874; x_wconf 86' lang='lat' dir='ltr'>aetate</span> <span class='ocrx_word' id='word_1_16' title='bbox 1412 807 1530 874; x_wconf 89' lang='lat' dir='ltr'>tenera</span> <span class='ocrx_word' id='word_1_17' title='bbox 1563 801 1752 874; x_wconf 82' lang='lat' dir='ltr'>Wladislai</span> 
     </span>
     <span class='ocr_line' id='line_1_3' title="bbox 200 921 1751 1016; baseline -0.002 -19"><span class='ocrx_word' id='word_1_18' title='bbox 200 923 308 1016; x_wconf 84' lang='lat' dir='ltr'>Regis</span> <span class='ocrx_word' id='word_1_19' title='bbox 336 923 540 1016; x_wconf 88' lang='lat' dir='ltr'>Hungariae</span> <span class='ocrx_word' id='word_1_20' title='bbox 568 927 603 996; x_wconf 93' lang='lat' dir='ltr'>et</span> <span class='ocrx_word' id='word_1_21' title='bbox 629 923 810 1010; x_wconf 90' lang='lat' dir='ltr'>Poloniae,</span> <span class='ocrx_word' id='word_1_22' title='bbox 849 926 884 994; x_wconf 92' lang='lat' dir='ltr'>et</span> <span class='ocrx_word' id='word_1_23' title='bbox 916 921 952 993; x_wconf 93' lang='lat' dir='ltr'>in</span> <span class='ocrx_word' id='word_1_24' title='bbox 985 922 1144 994; x_wconf 88' lang='lat' dir='ltr'>absentia</span> <span class='ocrx_word' id='word_1_25' title='bbox 1177 944 1256 1010; x_wconf 92' lang='lat' dir='ltr'>sua,</span> <span class='ocrx_word' id='word_1_26' title='bbox 1295 943 1364 1013; x_wconf 89' lang='lat' dir='ltr'>qua</span> <span class='ocrx_word' id='word_1_27' title='bbox 1395 923 1516 1013; x_wconf 90' lang='lat' dir='ltr'>Regno</span> <span class='ocrx_word' id='word_1_28' title='bbox 1548 922 1751 1014; x_wconf 89' lang='lat' dir='ltr'>Hungariae</span> 
     </span>
     <span class='ocr_line' id='line_1_4' title="bbox 200 1041 1752 1136; baseline -0.001 -20"><span class='ocrx_word' id='word_1_29' title='bbox 200 1044 438 1136; x_wconf 73' lang='lat' dir='ltr'>praesidebat,</span> <span class='ocrx_word' id='word_1_30' title='bbox 469 1043 570 1115; x_wconf 90' lang='lat' dir='ltr'>annis</span> <span class='ocrx_word' id='word_1_31' title='bbox 598 1042 760 1134; x_wconf 88' lang='lat' dir='ltr'>pluribus</span> <span class='ocrx_word' id='word_1_32' title='bbox 788 1042 984 1132; x_wconf 83' lang='lat' dir='ltr'>regebatur.</span> <span class='ocrx_word' id='word_1_33' title='bbox 1015 1041 1282 1133; x_wconf 79' lang='lat' dir='ltr'>Cavendumque</span> <span class='ocrx_word' id='word_1_34' title='bbox 1306 1041 1519 1115; x_wconf 88' lang='lat' dir='ltr'>consiliariis</span> <span class='ocrx_word' id='word_1_35' title='bbox 1538 1042 1706 1115; x_wconf 91' lang='lat' dir='ltr'>Poloniae</span> <span class='ocrx_word' id='word_1_36' title='bbox 1726 1041 1752 1131; x_wconf 82' lang='grc' dir='ltr'>ι)</span> 
     </span>
     <span class='ocr_line' id='line_1_5' title="bbox 200 1162 1754 1256; baseline -0.003 -20"><span class='ocrx_word' id='word_1_37' title='bbox 200 1185 436 1256; x_wconf 88' lang='lat' dir='ltr'>summopere,</span> <span class='ocrx_word' id='word_1_38' title='bbox 465 1185 508 1236; x_wconf 93' lang='lat' dir='ltr'>ne</span> <span class='ocrx_word' id='word_1_39' title='bbox 536 1184 580 1236; x_wconf 85' lang='lat' dir='ltr'>ex</span> <span class='ocrx_word' id='word_1_40' title='bbox 608 1162 718 1234; x_wconf 88' lang='lat' dir='ltr'>nimia</span> <span class='ocrx_word' id='word_1_41' title='bbox 745 1162 995 1234; x_wconf 87' lang='lat' dir='ltr'>acceleratione</span> <span class='ocrx_word' id='word_1_42' title='bbox 1028 1163 1200 1233; x_wconf 90' lang='lat' dir='ltr'>bellorum</span> <span class='ocrx_word' id='word_1_43' title='bbox 1228 1167 1262 1234; x_wconf 91' lang='lat' dir='ltr'>et</span> <span class='ocrx_word' id='word_1_44' title='bbox 1289 1182 1494 1254; x_wconf 85' lang='lat' dir='ltr'>guerrarum</span> <span class='ocrx_word' id='word_1_45' title='bbox 1528 1162 1754 1234; x_wconf 82' lang='lat' dir='ltr'>suboriantur</span> 
     </span>
     <span class='ocr_line' id='line_1_6' title="bbox 200 1281 1752 1372; baseline -0.002 -17"><span class='ocrx_word' id='word_1_46' title='bbox 200 1284 455 1356; x_wconf 82' lang='lat' dir='ltr'>deformitates:</span> <span class='ocrx_word' id='word_1_47' title='bbox 485 1305 564 1356; x_wconf 89' lang='lat' dir='ltr'>curn</span> <span class='ocrx_word' id='word_1_48' title='bbox 591 1284 674 1354; x_wconf 85' lang='lat' dir='ltr'>Dux</span> <span class='ocrx_word' id='word_1_49' title='bbox 702 1281 905 1353; x_wconf 85' lang='lat' dir='ltr'>Kanimirus</span> <span class='ocrx_word' id='word_1_50' title='bbox 937 1282 1148 1354; x_wconf 86' lang='lat' dir='ltr'>Lithnaniae</span> <span class='ocrx_word' id='word_1_51' title='bbox 1185 1304 1253 1354; x_wconf 93' lang='lat' dir='ltr'>non</span> <span class='ocrx_word' id='word_1_52' title='bbox 1282 1284 1396 1354; x_wconf 92' lang='lat' dir='ltr'>solum</span> <span class='ocrx_word' id='word_1_53' title='bbox 1433 1303 1502 1354; x_wconf 92' lang='lat' dir='ltr'>non</span> <span class='ocrx_word' id='word_1_54' title='bbox 1530 1303 1657 1372; x_wconf 90' lang='lat' dir='ltr'>aequo,</span> <span class='ocrx_word' id='word_1_55' title='bbox 1692 1281 1752 1353; x_wconf 90' lang='lat' dir='ltr'>sed</span> 
     </span>
     <span class='ocr_line' id='line_1_7' title="bbox 200 1401 1750 1494; baseline -0.002 -18"><span class='ocrx_word' id='word_1_56' title='bbox 200 1425 316 1476; x_wconf 90' lang='lat' dir='ltr'>amaro</span> <span class='ocrx_word' id='word_1_57' title='bbox 345 1410 380 1476; x_wconf 91' lang='lat' dir='ltr'>et</span> <span class='ocrx_word' id='word_1_58' title='bbox 408 1401 602 1492; x_wconf 74' lang='lat' dir='ltr'>molesto²t</span> <span class='ocrx_word' id='word_1_59' title='bbox 631 1402 747 1474; x_wconf 92' lang='lat' dir='ltr'>animo</span> <span class='ocrx_word' id='word_1_60' title='bbox 775 1403 913 1472; x_wconf 89' lang='lat' dir='ltr'>laturus</span> <span class='ocrx_word' id='word_1_61' title='bbox 942 1401 1005 1490; x_wconf 89' lang='lat' dir='ltr'>sit,</span> <span class='ocrx_word' id='word_1_62' title='bbox 1035 1401 1066 1474; x_wconf 91' lang='lat' dir='ltr'>si</span> <span class='ocrx_word' id='word_1_63' title='bbox 1095 1402 1223 1474; x_wconf 92' lang='lat' dir='ltr'>solium</span> <span class='ocrx_word' id='word_1_64' title='bbox 1253 1423 1371 1490; x_wconf 90' lang='lat' dir='ltr'>snum,</span> <span class='ocrx_word' id='word_1_65' title='bbox 1401 1407 1654 1494; x_wconf 87' lang='lat' dir='ltr'>paternumque</span> <span class='ocrx_word' id='word_1_66' title='bbox 1682 1403 1750 1474; x_wconf 90' lang='lat' dir='ltr'>Re·</span> 
     </span>
     <span class='ocr_line' id='line_1_8' title="bbox 199 1521 1751 1616; baseline -0.001 -22"><span class='ocrx_word' id='word_1_67' title='bbox 199 1545 306 1616; x_wconf 92' lang='lat' dir='ltr'>gnum</span> <span class='ocrx_word' id='word_1_68' title='bbox 326 1524 508 1611; x_wconf 90' lang='lat' dir='ltr'>Poloniae,</span> <span class='ocrx_word' id='word_1_69' title='bbox 537 1522 630 1594; x_wconf 90' lang='lat' dir='ltr'>alius</span> <span class='ocrx_word' id='word_1_70' title='bbox 650 1521 849 1614; x_wconf 74' lang='lat' dir='ltr'>quicunque</span> <span class='ocrx_word' id='word_1_71' title='bbox 869 1522 1053 1613; x_wconf 79' lang='lat' dir='ltr'>Princeps,</span> <span class='ocrx_word' id='word_1_72' title='bbox 1075 1543 1113 1594; x_wconf 91' lang='lat' dir='ltr'>eo</span> <span class='ocrx_word' id='word_1_73' title='bbox 1133 1521 1245 1594; x_wconf 88' lang='lat' dir='ltr'>inrito</span> <span class='ocrx_word' id='word_1_74' title='bbox 1265 1528 1300 1593; x_wconf 91' lang='lat' dir='ltr'>et</span> <span class='ocrx_word' id='word_1_75' title='bbox 1318 1523 1566 1610; x_wconf 87' lang='lat' dir='ltr'>dissentiente,</span> <span class='ocrx_word' id='word_1_76' title='bbox 1587 1541 1751 1595; x_wconf 89' lang='lat' dir='ltr'>conscen-</span> 
     </span>
     <span class='ocr_line' id='line_1_9' title="bbox 200 1641 1748 1736; baseline -0.001 -21"><span class='ocrx_word' id='word_1_77' title='bbox 200 1643 303 1717; x_wconf 91' lang='lat' dir='ltr'>derit.</span> <span class='ocrx_word' id='word_1_78' title='bbox 331 1645 513 1716; x_wconf 88' lang='lat' dir='ltr'>Postremo</span> <span class='ocrx_word' id='word_1_79' title='bbox 540 1644 726 1735; x_wconf 90' lang='lat' dir='ltr'>rogabant,</span> <span class='ocrx_word' id='word_1_80' title='bbox 756 1647 796 1713; x_wconf 90' lang='lat' dir='ltr'>ut</span> <span class='ocrx_word' id='word_1_81' title='bbox 824 1649 1059 1733; x_wconf 88' lang='lat' dir='ltr'>temperarent</span> <span class='ocrx_word' id='word_1_82' title='bbox 1086 1642 1221 1714; x_wconf 87' lang='lat' dir='ltr'>animos</span> <span class='ocrx_word' id='word_1_83' title='bbox 1254 1641 1298 1713; x_wconf 90' lang='lat' dir='ltr'>ad</span> <span class='ocrx_word' id='word_1_84' title='bbox 1326 1643 1530 1715; x_wconf 92' lang='lat' dir='ltr'>electionem</span> <span class='ocrx_word' id='word_1_85' title='bbox 1555 1643 1662 1736; x_wconf 88' lang='lat' dir='ltr'>Regis</span> <span class='ocrx_word' id='word_1_86' title='bbox 1696 1643 1748 1713; x_wconf 84' lang='lat' dir='ltr'>ln·</span> 
     </span>
     <span class='ocr_line' id='line_1_10' title="bbox 200 1761 1753 1854; baseline 0 -20"><span class='ocrx_word' id='word_1_87' title='bbox 200 1764 274 1836; x_wconf 88' lang='lat' dir='ltr'>turi</span> <span class='ocrx_word' id='word_1_88' title='bbox 301 1763 513 1850; x_wconf 65' lang='lat' dir='ltr'>destinatos</span> <span class='ocrx_word' id='word_1_89' title='bbox 543 1783 606 1835; x_wconf 92' lang='lat' dir='ltr'>nec</span> <span class='ocrx_word' id='word_1_90' title='bbox 634 1769 706 1833; x_wconf 86' lang='lat' dir='ltr'>tam</span> <span class='ocrx_word' id='word_1_91' title='bbox 734 1763 894 1834; x_wconf 89' lang='lat' dir='ltr'>celeriter</span> <span class='ocrx_word' id='word_1_92' title='bbox 922 1761 1122 1834; x_wconf 87' lang='lat' dir='ltr'>memoriam</span> <span class='ocrx_word' id='word_1_93' title='bbox 1143 1766 1178 1834; x_wconf 91' lang='lat' dir='ltr'>et</span> <span class='ocrx_word' id='word_1_94' title='bbox 1196 1783 1321 1834; x_wconf 88' lang='lat' dir='ltr'>nomen</span> <span class='ocrx_word' id='word_1_95' title='bbox 1342 1761 1531 1833; x_wconf 87' lang='lat' dir='ltr'>Wladislai</span> <span class='ocrx_word' id='word_1_96' title='bbox 1551 1763 1753 1854; x_wconf 89' lang='lat' dir='ltr'>Hungariae</span> 
     </span>
    </p>

    <p class='ocr_par' dir='ltr' id='par_1_3' title="bbox 201 1863 1859 2095">
     <span class='ocr_line' id='line_1_11' title="bbox 201 1863 1859 1976; baseline -0.001 -20"><span class='ocrx_word' id='word_1_97' title='bbox 201 1888 237 1956; x_wconf 91' lang='lat' dir='ltr'>et</span> <span class='ocrx_word' id='word_1_98' title='bbox 264 1883 431 1955; x_wconf 90' lang='lat' dir='ltr'>Poloniae</span> <span class='ocrx_word' id='word_1_99' title='bbox 459 1884 567 1976; x_wconf 87' lang='lat' dir='ltr'>Regis</span> <span class='ocrx_word' id='word_1_100' title='bbox 595 1883 632 1955; x_wconf 93' lang='lat' dir='ltr'>in</span> <span class='ocrx_word' id='word_1_101' title='bbox 660 1883 822 1954; x_wconf 88' lang='lat' dir='ltr'>cordibus</span> <span class='ocrx_word' id='word_1_102' title='bbox 842 1883 916 1954; x_wconf 91' lang='lat' dir='ltr'>suis</span> <span class='ocrx_word' id='word_1_103' title='bbox 936 1881 1132 1954; x_wconf 80' lang='lat' dir='ltr'>exolevisse</span> <span class='ocrx_word' id='word_1_104' title='bbox 1152 1882 1408 1972; x_wconf 88' lang='lat' dir='ltr'>permitterent.</span> <span class='ocrx_word' id='word_1_105' title='bbox 1437 1883 1533 1955; x_wconf 92' lang='lat' dir='ltr'>Haec</span> <span class='ocrx_word' id='word_1_106' title='bbox 1552 1881 1659 1954; x_wconf 89' lang='lat' dir='ltr'>Ducis</span> <span class='ocrx_word' id='word_1_107' title='bbox 1680 1883 1752 1954; x_wconf 88' lang='lat' dir='ltr'>Ka·</span> <span class='ocrx_word' id='word_1_108' title='bbox 1856 1863 1859 1866; x_wconf 34' lang='lat'>¹</span> 
     </span>
     <span class='ocr_line' id='line_1_12' title="bbox 201 2002 511 2095; baseline 0 -21"><span class='ocrx_word' id='word_1_109' title='bbox 201 2003 316 2075; x_wconf 85' lang='lat' dir='ltr'>nimiri</span> <span class='ocrx_word' id='word_1_110' title='bbox 332 2002 362 2091; x_wconf 79' lang='lat'>³)</span> <span class='ocrx_word' id='word_1_111' title='bbox 392 2003 511 2095; x_wconf 89' lang='lat' dir='ltr'>legati.</span> 
     </span>
    </p>
   </div>
   <div class='ocr_carea' id='block_1_3' title="bbox 202 2355 1755 2685">
    <p class='ocr_par' dir='ltr' id='par_1_4' title="bbox 202 2355 1755 2685">
     <span class='ocr_line' id='line_1_13' title="bbox 202 2355 1755 2445; baseline -0.001 -17"><span class='ocrx_word' id='word_1_112' title='bbox 202 2357 377 2428; x_wconf 76' lang='lat' dir='ltr'>Senatores</span> <span class='ocrx_word' id='word_1_113' title='bbox 399 2356 501 2444; x_wconf 81' lang='lat' dir='ltr'>ltegni</span> <span class='ocrx_word' id='word_1_114' title='bbox 523 2355 687 2440; x_wconf 81' lang='lat' dir='ltr'>Poloniae,</span> <span class='ocrx_word' id='word_1_115' title='bbox 710 2356 876 2444; x_wconf 79' lang='lat' dir='ltr'>legatione</span> <span class='ocrx_word' id='word_1_116' title='bbox 893 2372 1102 2444; x_wconf 76' lang='lat' dir='ltr'>ratesponae</span> <span class='ocrx_word' id='word_1_117' title='bbox 1125 2355 1277 2426; x_wconf 72' lang='lat' dir='ltr'>[arimini</span> <span class='ocrx_word' id='word_1_118' title='bbox 1300 2355 1395 2426; x_wconf 77' lang='lat' dir='ltr'>breis</span> <span class='ocrx_word' id='word_1_119' title='bbox 1418 2355 1546 2442; x_wconf 82' lang='lat' dir='ltr'>audita,</span> <span class='ocrx_word' id='word_1_120' title='bbox 1568 2357 1617 2426; x_wconf 84' lang='grc' dir='ltr'>ιιι</span> <span class='ocrx_word' id='word_1_121' title='bbox 1640 2357 1755 2445; x_wconf 82' lang='lat' dir='ltr'>perciti</span> 
     </span>
     <span class='ocr_line' id='line_1_14' title="bbox 203 2475 1755 2565; baseline -0.001 -16"><span class='ocrx_word' id='word_1_122' title='bbox 203 2495 245 2549; x_wconf 84' lang='lat' dir='ltr'>er</span> <span class='ocrx_word' id='word_1_123' title='bbox 268 2476 511 2565; x_wconf 79' lang='lat' dir='ltr'>contemptione</span> <span class='ocrx_word' id='word_1_124' title='bbox 533 2475 620 2546; x_wconf 83' lang='lat' dir='ltr'>illius</span> <span class='ocrx_word' id='word_1_125' title='bbox 645 2492 744 2564; x_wconf 80' lang='lat' dir='ltr'>saepe</span> <span class='ocrx_word' id='word_1_126' title='bbox 767 2476 865 2564; x_wconf 87' lang='lat' dir='ltr'>petiti</span> <span class='ocrx_word' id='word_1_127' title='bbox 888 2475 999 2563; x_wconf 77' lang='lat' dir='ltr'>begis,</span> <span class='ocrx_word' id='word_1_128' title='bbox 1029 2475 1071 2546; x_wconf 87' lang='lat' dir='ltr'>ad</span> <span class='ocrx_word' id='word_1_129' title='bbox 1094 2476 1287 2547; x_wconf 82' lang='lat' dir='ltr'>electionem</span> <span class='ocrx_word' id='word_1_130' title='bbox 1317 2476 1454 2546; x_wconf 81' lang='lat' dir='ltr'>alterium</span> <span class='ocrx_word' id='word_1_131' title='bbox 1477 2477 1671 2564; x_wconf 69' lang='lat' dir='ltr'>procedure</span> <span class='ocrx_word' id='word_1_132' title='bbox 1697 2477 1755 2547; x_wconf 83' lang='lat' dir='ltr'>scd</span> 
     </span>
     <span class='ocr_line' id='line_1_15' title="bbox 397 2596 1560 2685; baseline 0 -19"><span class='ocrx_word' id='word_1_133' title='bbox 397 2614 432 2666; x_wconf 87' lang='lat' dir='ltr'>re</span> <span class='ocrx_word' id='word_1_134' title='bbox 455 2596 630 2685; x_wconf 85' lang='lat' dir='ltr'>diligenter</span> <span class='ocrx_word' id='word_1_135' title='bbox 654 2613 813 2685; x_wconf 84' lang='lat' dir='ltr'>expensa,</span> <span class='ocrx_word' id='word_1_136' title='bbox 835 2596 955 2666; x_wconf 85' lang='lat' dir='ltr'>iterum</span> <span class='ocrx_word' id='word_1_137' title='bbox 976 2597 1106 2684; x_wconf 79' lang='lat' dir='ltr'>legatos</span> <span class='ocrx_word' id='word_1_138' title='bbox 1130 2596 1172 2667; x_wconf 85' lang='lat' dir='ltr'>ad</span> <span class='ocrx_word' id='word_1_139' title='bbox 1194 2597 1389 2667; x_wconf 69' lang='lat' dir='ltr'>kazimirum</span> <span class='ocrx_word' id='word_1_140' title='bbox 1410 2596 1560 2667; x_wconf 89' lang='lat' dir='ltr'>mittunt.</span> 
     </span>
    </p>
   </div>
   <div class='ocr_carea' id='block_1_4' title="bbox 202 2841 1755 5095">
    <p class='ocr_par' dir='ltr' id='par_1_5' title="bbox 202 2841 1755 5095">
     <span class='ocr_line' id='line_1_16' title="bbox 306 2841 1751 2935; baseline -0.001 -20"><span class='ocrx_word' id='word_1_141' title='bbox 306 2842 513 2935; x_wconf 90' lang='lat' dir='ltr'>Legatione,</span> <span class='ocrx_word' id='word_1_142' title='bbox 542 2863 605 2913; x_wconf 90' lang='lat' dir='ltr'>seu</span> <span class='ocrx_word' id='word_1_143' title='bbox 632 2841 743 2934; x_wconf 84' lang='lat' dir='ltr'>magis</span> <span class='ocrx_word' id='word_1_144' title='bbox 771 2841 996 2932; x_wconf 87' lang='lat' dir='ltr'>responsione</span> <span class='ocrx_word' id='word_1_145' title='bbox 1023 2841 1196 2914; x_wconf 83' lang='lat' dir='ltr'>Karimiri</span> <span class='ocrx_word' id='word_1_146' title='bbox 1224 2841 1332 2913; x_wconf 89' lang='lat' dir='ltr'>Ducis</span> <span class='ocrx_word' id='word_1_147' title='bbox 1359 2841 1571 2915; x_wconf 88' lang='lat' dir='ltr'>Lithnaniae</span> <span class='ocrx_word' id='word_1_148' title='bbox 1603 2861 1665 2932; x_wconf 91' lang='lat' dir='ltr'>per</span> <span class='ocrx_word' id='word_1_149' title='bbox 1697 2862 1751 2913; x_wconf 92' lang='lat' dir='ltr'>or·</span> 
     </span>
     <span class='ocr_line' id='line_1_17' title="bbox 202 2960 1750 3058; baseline -0.003 -22"><span class='ocrx_word' id='word_1_150' title='bbox 202 2986 331 3058; x_wconf 85' lang='lat' dir='ltr'>ganum</span> <span class='ocrx_word' id='word_1_151' title='bbox 359 2984 500 3035; x_wconf 90' lang='lat' dir='ltr'>suorum</span> <span class='ocrx_word' id='word_1_152' title='bbox 529 2961 732 3033; x_wconf 92' lang='lat' dir='ltr'>nuntiorum</span> <span class='ocrx_word' id='word_1_153' title='bbox 759 2961 881 3033; x_wconf 87' lang='lat' dir='ltr'>andita</span> <span class='ocrx_word' id='word_1_154' title='bbox 914 2965 949 3034; x_wconf 92' lang='lat' dir='ltr'>et</span> <span class='ocrx_word' id='word_1_155' title='bbox 976 2961 1013 3032; x_wconf 94' lang='lat' dir='ltr'>in</span> <span class='ocrx_word' id='word_1_156' title='bbox 1041 2960 1328 3034; x_wconf 88' lang='lat' dir='ltr'>deliberationem</span> <span class='ocrx_word' id='word_1_157' title='bbox 1355 2981 1418 3052; x_wconf 92' lang='lat' dir='ltr'>per</span> <span class='ocrx_word' id='word_1_158' title='bbox 1444 2961 1581 3052; x_wconf 88' lang='lat' dir='ltr'>aliquot</span> <span class='ocrx_word' id='word_1_159' title='bbox 1612 2967 1750 3051; x_wconf 89' lang='lat' dir='ltr'>tempus</span> 
     </span>
     <span class='ocr_line' id='line_1_18' title="bbox 203 3082 1752 3176; baseline -0.003 -20"><span class='ocrx_word' id='word_1_160' title='bbox 203 3085 335 3176; x_wconf 89' lang='lat' dir='ltr'>posita,</span> <span class='ocrx_word' id='word_1_161' title='bbox 365 3105 443 3155; x_wconf 91' lang='lat' dir='ltr'>cum</span> <span class='ocrx_word' id='word_1_162' title='bbox 470 3088 654 3174; x_wconf 89' lang='lat' dir='ltr'>appareret</span> <span class='ocrx_word' id='word_1_163' title='bbox 681 3084 813 3155; x_wconf 90' lang='lat' dir='ltr'>Ducem</span> <span class='ocrx_word' id='word_1_164' title='bbox 844 3082 1080 3170; x_wconf 88' lang='lat' dir='ltr'>Kanimirum‚</span> <span class='ocrx_word' id='word_1_165' title='bbox 1114 3083 1369 3155; x_wconf 87' lang='lat' dir='ltr'>Lithnanorum</span> <span class='ocrx_word' id='word_1_166' title='bbox 1403 3082 1577 3170; x_wconf 92' lang='lat' dir='ltr'>consiliis,</span> <span class='ocrx_word' id='word_1_167' title='bbox 1610 3103 1752 3172; x_wconf 89' lang='lat' dir='ltr'>persua·</span> 
     </span>
     <span class='ocr_line' id='line_1_19' title="bbox 204 3202 1751 3294; baseline -0.003 -16"><span class='ocrx_word' id='word_1_168' title='bbox 204 3205 363 3278; x_wconf 89' lang='lat' dir='ltr'>sionibus</span> <span class='ocrx_word' id='word_1_169' title='bbox 391 3207 425 3275; x_wconf 93' lang='lat' dir='ltr'>et</span> <span class='ocrx_word' id='word_1_170' title='bbox 451 3202 782 3293; x_wconf 89' lang='lat' dir='ltr'>repromissionibus</span> <span class='ocrx_word' id='word_1_171' title='bbox 810 3203 1022 3274; x_wconf 87' lang='lat' dir='ltr'>fascinatum</span> <span class='ocrx_word' id='word_1_172' title='bbox 1050 3223 1142 3290; x_wconf 91' lang='lat' dir='ltr'>osse,</span> <span class='ocrx_word' id='word_1_173' title='bbox 1175 3207 1210 3275; x_wconf 88' lang='lat' dir='ltr'>et</span> <span class='ocrx_word' id='word_1_174' title='bbox 1236 3203 1351 3294; x_wconf 86' lang='lat' dir='ltr'>Regni</span> <span class='ocrx_word' id='word_1_175' title='bbox 1384 3202 1551 3274; x_wconf 90' lang='lat' dir='ltr'>Poloniae</span> <span class='ocrx_word' id='word_1_176' title='bbox 1578 3203 1671 3273; x_wconf 88' lang='lat' dir='ltr'>clere</span> <span class='ocrx_word' id='word_1_177' title='bbox 1698 3221 1751 3273; x_wconf 89' lang='lat' dir='ltr'>re-</span> 
     </span>
     <span class='ocr_line' id='line_1_20' title="bbox 203 3321 1753 3414; baseline -0.005 -16"><span class='ocrx_word' id='word_1_178' title='bbox 203 3345 344 3399; x_wconf 86' lang='lat' dir='ltr'>cusasse</span> <span class='ocrx_word' id='word_1_179' title='bbox 362 3323 533 3414; x_wconf 91' lang='lat' dir='ltr'>regimen,</span> <span class='ocrx_word' id='word_1_180' title='bbox 562 3322 717 3394; x_wconf 92' lang='lat' dir='ltr'>omnium</span> <span class='ocrx_word' id='word_1_181' title='bbox 736 3322 977 3394; x_wconf 91' lang='lat' dir='ltr'>Praelatorum</span> <span class='ocrx_word' id='word_1_182' title='bbox 1006 3329 1040 3394; x_wconf 94' lang='lat' dir='ltr'>et</span> <span class='ocrx_word' id='word_1_183' title='bbox 1057 3323 1242 3411; x_wconf 87' lang='lat' dir='ltr'>baronum,</span> <span class='ocrx_word' id='word_1_184' title='bbox 1262 3321 1503 3413; x_wconf 91' lang='lat' dir='ltr'>nobiliumque</span> <span class='ocrx_word' id='word_1_185' title='bbox 1527 3321 1651 3408; x_wconf 90' lang='lat' dir='ltr'>animi,</span> <span class='ocrx_word' id='word_1_186' title='bbox 1685 3342 1753 3392; x_wconf 93' lang='lat' dir='ltr'>non</span> 
     </span>
     <span class='ocr_line' id='line_1_21' title="bbox 204 3441 1754 3534; baseline -0.003 -18"><span class='ocrx_word' id='word_1_187' title='bbox 204 3445 351 3532; x_wconf 81' lang='lat' dir='ltr'>secus4)</span> <span class='ocrx_word' id='word_1_188' title='bbox 379 3449 420 3514; x_wconf 91' lang='grc' dir='ltr'>ιιι</span> <span class='ocrx_word' id='word_1_189' title='bbox 446 3463 509 3533; x_wconf 91' lang='lat' dir='ltr'>par</span> <span class='ocrx_word' id='word_1_190' title='bbox 537 3447 627 3530; x_wconf 87' lang='lat' dir='ltr'>erat,</span> <span class='ocrx_word' id='word_1_191' title='bbox 657 3442 701 3514; x_wconf 92' lang='lat' dir='ltr'>ad</span> <span class='ocrx_word' id='word_1_192' title='bbox 728 3441 858 3513; x_wconf 87' lang='lat' dir='ltr'>iustam</span> <span class='ocrx_word' id='word_1_193' title='bbox 890 3442 978 3514; x_wconf 88' lang='lat' dir='ltr'>iram</span> <span class='ocrx_word' id='word_1_194' title='bbox 1011 3463 1116 3533; x_wconf 89' lang='lat' dir='ltr'>super</span> <span class='ocrx_word' id='word_1_195' title='bbox 1143 3442 1354 3534; x_wconf 86' lang='lat' dir='ltr'>indignitate</span> <span class='ocrx_word' id='word_1_196' title='bbox 1381 3448 1416 3513; x_wconf 88' lang='lat' dir='ltr'>et</span> <span class='ocrx_word' id='word_1_197' title='bbox 1444 3446 1645 3533; x_wconf 91' lang='lat' dir='ltr'>contemptu</span> <span class='ocrx_word' id='word_1_198' title='bbox 1674 3461 1754 3512; x_wconf 89' lang='lat' dir='ltr'>con·</span> 
     </span>
     <span class='ocr_line' id='line_1_22' title="bbox 204 3549 1755 3654; baseline -0.003 -20"><span class='ocrx_word' id='word_1_199' title='bbox 204 3564 298 3637; x_wconf 82' lang='lat' dir='ltr'>uersi</span> <span class='ocrx_word' id='word_1_200' title='bbox 313 3563 356 3653; x_wconf 76' lang='lat'>⁵),</span> <span class='ocrx_word' id='word_1_201' title='bbox 386 3567 624 3653; x_wconf 90' lang='lat' dir='ltr'>contemptum</span> <span class='ocrx_word' id='word_1_202' title='bbox 652 3549 853 3653; x_wconf 86' lang='lat' dir='ltr'>contemptu</span> <span class='ocrx_word' id='word_1_203' title='bbox 881 3562 1070 3653; x_wconf 87' lang='lat' dir='ltr'>expiando,</span> <span class='ocrx_word' id='word_1_204' title='bbox 1100 3561 1234 3654; x_wconf 89' lang='lat' dir='ltr'>singuli</span> <span class='ocrx_word' id='word_1_205' title='bbox 1258 3582 1396 3653; x_wconf 90' lang='lat' dir='ltr'>quoque</span> <span class='ocrx_word' id='word_1_206' title='bbox 1415 3561 1458 3632; x_wconf 86' lang='lat' dir='ltr'>ad</span> <span class='ocrx_word' id='word_1_207' title='bbox 1478 3561 1684 3634; x_wconf 86' lang='lat' dir='ltr'>electionem</span> <span class='ocrx_word' id='word_1_208' title='bbox 1705 3561 1755 3631; x_wconf 91' lang='lat' dir='ltr'>al-</span> 
     </span>
     <span class='ocr_line' id='line_1_23' title="bbox 205 3680 1753 3774; baseline -0.002 -20"><span class='ocrx_word' id='word_1_209' title='bbox 205 3683 315 3755; x_wconf 89' lang='lat' dir='ltr'>terius</span> <span class='ocrx_word' id='word_1_210' title='bbox 342 3681 467 3774; x_wconf 77' lang='lat' dir='ltr'>RegiS,</span> <span class='ocrx_word' id='word_1_211' title='bbox 497 3680 655 3771; x_wconf 90' lang='lat' dir='ltr'>qnalibet</span> <span class='ocrx_word' id='word_1_212' title='bbox 682 3701 778 3751; x_wconf 90' lang='lat' dir='ltr'>mora</span> <span class='ocrx_word' id='word_1_213' title='bbox 805 3680 1086 3772; x_wconf 90' lang='lat' dir='ltr'>circumscripta,</span> <span class='ocrx_word' id='word_1_214' title='bbox 1120 3701 1231 3773; x_wconf 92' lang='lat' dir='ltr'>neque</span> <span class='ocrx_word' id='word_1_215' title='bbox 1258 3681 1410 3772; x_wconf 89' lang='lat' dir='ltr'>amplius</span> <span class='ocrx_word' id='word_1_216' title='bbox 1439 3683 1569 3753; x_wconf 89' lang='lat' dir='ltr'>Ducem</span> <span class='ocrx_word' id='word_1_217' title='bbox 1597 3680 1753 3752; x_wconf 81' lang='lat' dir='ltr'>Karimi-</span> 
     </span>
     <span class='ocr_line' id='line_1_24' title="bbox 203 3799 1752 3892; baseline -0.004 -16"><span class='ocrx_word' id='word_1_218' title='bbox 203 3825 281 3876; x_wconf 88' lang='lat' dir='ltr'>rum</span> <span class='ocrx_word' id='word_1_219' title='bbox 309 3801 410 3874; x_wconf 79' lang='lat' dir='ltr'>nouis</span> <span class='ocrx_word' id='word_1_220' title='bbox 443 3799 680 3892; x_wconf 85' lang='lat' dir='ltr'>legationibus</span> <span class='ocrx_word' id='word_1_221' title='bbox 711 3800 966 3888; x_wconf 89' lang='lat' dir='ltr'>honorandum,</span> <span class='ocrx_word' id='word_1_222' title='bbox 1000 3801 1246 3888; x_wconf 87' lang='lat' dir='ltr'>decernebant,</span> <span class='ocrx_word' id='word_1_223' title='bbox 1280 3805 1320 3872; x_wconf 89' lang='lat' dir='ltr'>ut</span> <span class='ocrx_word' id='word_1_224' title='bbox 1352 3801 1491 3874; x_wconf 89' lang='lat' dir='ltr'>tandem</span> <span class='ocrx_word' id='word_1_225' title='bbox 1524 3800 1752 3892; x_wconf 86' lang='lat' dir='ltr'>intelligeret,</span> 
     </span>
     <span class='ocr_line' id='line_1_25' title="bbox 205 3918 1752 4014; baseline -0.002 -21"><span class='ocrx_word' id='word_1_226' title='bbox 205 3944 293 4014; x_wconf 92' lang='lat' dir='ltr'>quos</span> <span class='ocrx_word' id='word_1_227' title='bbox 321 3921 517 4013; x_wconf 91' lang='lat' dir='ltr'>spernebat.</span> <span class='ocrx_word' id='word_1_228' title='bbox 547 3918 616 3992; x_wconf 86' lang='lat' dir='ltr'>Sed</span> <span class='ocrx_word' id='word_1_229' title='bbox 644 3924 679 3991; x_wconf 91' lang='lat' dir='ltr'>ot</span> <span class='ocrx_word' id='word_1_230' title='bbox 706 3919 862 4011; x_wconf 82' lang='lat' dir='ltr'>genitrix</span> <span class='ocrx_word' id='word_1_231' title='bbox 891 3941 955 3991; x_wconf 91' lang='lat' dir='ltr'>sua</span> <span class='ocrx_word' id='word_1_232' title='bbox 982 3920 1113 4010; x_wconf 85' lang='lat' dir='ltr'>Sophia</span> <span class='ocrx_word' id='word_1_233' title='bbox 1141 3920 1292 4013; x_wconf 84' lang='lat' dir='ltr'>Regina,</span> <span class='ocrx_word' id='word_1_234' title='bbox 1328 3943 1417 4011; x_wconf 92' lang='lat' dir='ltr'>quae</span> <span class='ocrx_word' id='word_1_235' title='bbox 1449 3921 1553 3992; x_wconf 88' lang='lat' dir='ltr'>etiam</span> <span class='ocrx_word' id='word_1_236' title='bbox 1587 3919 1645 3991; x_wconf 91' lang='lat' dir='ltr'>illi</span> <span class='ocrx_word' id='word_1_237' title='bbox 1672 3941 1752 3992; x_wconf 92' lang='lat' dir='ltr'>con-</span> 
     </span>
     <span class='ocr_line' id='line_1_26' title="bbox 205 4038 1755 4133; baseline -0.003 -18"><span class='ocrx_word' id='word_1_238' title='bbox 205 4043 364 4115; x_wconf 81' lang='lat' dir='ltr'>ventioni</span> <span class='ocrx_word' id='word_1_239' title='bbox 399 4060 564 4132; x_wconf 87' lang='lat' dir='ltr'>praesens</span> <span class='ocrx_word' id='word_1_240' title='bbox 601 4038 736 4128; x_wconf 88' lang='lat' dir='ltr'>aderat,</span> <span class='ocrx_word' id='word_1_241' title='bbox 774 4039 935 4130; x_wconf 82' lang='lat' dir='ltr'>quamvis</span> <span class='ocrx_word' id='word_1_242' title='bbox 969 4041 1135 4112; x_wconf 88' lang='lat' dir='ltr'>maternis</span> <span class='ocrx_word' id='word_1_243' title='bbox 1169 4041 1393 4133; x_wconf 88' lang='lat' dir='ltr'>quatiebatur</span> <span class='ocrx_word' id='word_1_244' title='bbox 1426 4039 1620 4112; x_wconf 86' lang='lat' dir='ltr'>visceribus</span> <span class='ocrx_word' id='word_1_245' title='bbox 1649 4059 1755 4130; x_wconf 89' lang='lat' dir='ltr'>snper</span> 
     </span>
     <span class='ocr_line' id='line_1_27' title="bbox 205 4158 1752 4252; baseline -0.003 -17"><span class='ocrx_word' id='word_1_246' title='bbox 205 4163 272 4236; x_wconf 88' lang='lat' dir='ltr'>tilii</span> <span class='ocrx_word' id='word_1_247' title='bbox 298 4161 498 4234; x_wconf 85' lang='lat' dir='ltr'>inconsulta</span> <span class='ocrx_word' id='word_1_248' title='bbox 515 4158 751 4247; x_wconf 76' lang='lat' dir='ltr'>recusatione,</span> <span class='ocrx_word' id='word_1_249' title='bbox 781 4180 859 4230; x_wconf 92' lang='lat' dir='ltr'>cum</span> <span class='ocrx_word' id='word_1_250' title='bbox 874 4160 905 4243; x_wconf 71' lang='grc' dir='ltr'>θ)</span> <span class='ocrx_word' id='word_1_251' title='bbox 934 4159 1171 4252; x_wconf 90' lang='lat' dir='ltr'>intelligebat,</span> <span class='ocrx_word' id='word_1_252' title='bbox 1193 4160 1293 4232; x_wconf 88' lang='lat' dir='ltr'>circa</span> <span class='ocrx_word' id='word_1_253' title='bbox 1312 4161 1430 4248; x_wconf 89' lang='lat' dir='ltr'>illum,</span> <span class='ocrx_word' id='word_1_254' title='bbox 1459 4164 1622 4251; x_wconf 86' lang='lat' dir='ltr'>portante</span> <span class='ocrx_word' id='word_1_255' title='bbox 1642 4160 1752 4232; x_wconf 87' lang='lat' dir='ltr'>altero</span> 
     </span>
     <span class='ocr_line' id='line_1_28' title="bbox 204 4278 1751 4375; baseline -0.004 -19"><span class='ocrx_word' id='word_1_256' title='bbox 204 4282 318 4375; x_wconf 83' lang='lat' dir='ltr'>Regni</span> <span class='ocrx_word' id='word_1_257' title='bbox 345 4279 511 4352; x_wconf 90' lang='lat' dir='ltr'>Poloniae</span> <span class='ocrx_word' id='word_1_258' title='bbox 539 4279 712 4366; x_wconf 91' lang='lat' dir='ltr'>diadema,</span> <span class='ocrx_word' id='word_1_259' title='bbox 742 4278 859 4350; x_wconf 91' lang='lat' dir='ltr'>studia</span> <span class='ocrx_word' id='word_1_260' title='bbox 887 4285 921 4351; x_wconf 90' lang='lat' dir='ltr'>et</span> <span class='ocrx_word' id='word_1_261' title='bbox 949 4279 1169 4352; x_wconf 89' lang='lat' dir='ltr'>devotionem</span> <span class='ocrx_word' id='word_1_262' title='bbox 1197 4280 1452 4352; x_wconf 89' lang='lat' dir='ltr'>Lithnanorum</span> <span class='ocrx_word' id='word_1_263' title='bbox 1477 4279 1578 4351; x_wconf 87' lang='lat' dir='ltr'>facile</span> <span class='ocrx_word' id='word_1_264' title='bbox 1595 4279 1625 4355; x_wconf 76' lang='lat' dir='ltr'>⁷l</span> <span class='ocrx_word' id='word_1_265' title='bbox 1655 4299 1751 4351; x_wconf 90' lang='lat' dir='ltr'>occa-</span> 
     </span>
     <span class='ocr_line' id='line_1_29' title="bbox 205 4399 1749 4491; baseline -0.003 -17"><span class='ocrx_word' id='word_1_266' title='bbox 205 4423 302 4491; x_wconf 89' lang='lat' dir='ltr'>sura,</span> <span class='ocrx_word' id='word_1_267' title='bbox 331 4404 366 4473; x_wconf 90' lang='lat' dir='ltr'>et</span> <span class='ocrx_word' id='word_1_268' title='bbox 393 4400 509 4490; x_wconf 90' lang='lat' dir='ltr'>ipsum</span> <span class='ocrx_word' id='word_1_269' title='bbox 537 4400 770 4486; x_wconf 76' lang='lat' dir='ltr'>vetrenere,</span> <span class='ocrx_word' id='word_1_270' title='bbox 799 4399 857 4470; x_wconf 84' lang='lat' dir='ltr'>rel</span> <span class='ocrx_word' id='word_1_271' title='bbox 886 4401 975 4471; x_wconf 83' lang='lat' dir='ltr'>ferro</span> <span class='ocrx_word' id='word_1_272' title='bbox 1007 4399 1211 4490; x_wconf 87' lang='lat' dir='ltr'>aliquoties,</span> <span class='ocrx_word' id='word_1_273' title='bbox 1246 4405 1281 4473; x_wconf 91' lang='lat' dir='ltr'>et</span> <span class='ocrx_word' id='word_1_274' title='bbox 1308 4401 1340 4472; x_wconf 89' lang='lat' dir='ltr'>si</span> <span class='ocrx_word' id='word_1_275' title='bbox 1367 4399 1553 4472; x_wconf 87' lang='lat' dir='ltr'>assertioni</span> <span class='ocrx_word' id='word_1_276' title='bbox 1580 4399 1749 4490; x_wconf 90' lang='lat' dir='ltr'>plurimo·</span> 
     </span>
     <span class='ocr_line' id='line_1_30' title="bbox 203 4519 1753 4612; baseline -0.003 -19"><span class='ocrx_word' id='word_1_277' title='bbox 203 4543 282 4593; x_wconf 93' lang='lat' dir='ltr'>rum</span> <span class='ocrx_word' id='word_1_278' title='bbox 310 4520 472 4592; x_wconf 90' lang='lat' dir='ltr'>standum</span> <span class='ocrx_word' id='word_1_279' title='bbox 501 4525 570 4605; x_wconf 90' lang='lat' dir='ltr'>ost,</span> <span class='ocrx_word' id='word_1_280' title='bbox 600 4519 730 4610; x_wconf 88' lang='lat' dir='ltr'>septies</span> <span class='ocrx_word' id='word_1_281' title='bbox 758 4519 827 4591; x_wconf 88' lang='lat' dir='ltr'>iem</span> <span class='ocrx_word' id='word_1_282' title='bbox 856 4520 924 4591; x_wconf 90' lang='lat' dir='ltr'>sibi</span> <span class='ocrx_word' id='word_1_283' title='bbox 952 4520 1191 4611; x_wconf 90' lang='lat' dir='ltr'>superioribus</span> <span class='ocrx_word' id='word_1_284' title='bbox 1219 4521 1342 4592; x_wconf 90' lang='lat' dir='ltr'>diebus</span> <span class='ocrx_word' id='word_1_285' title='bbox 1370 4542 1432 4612; x_wconf 91' lang='lat' dir='ltr'>per</span> <span class='ocrx_word' id='word_1_286' title='bbox 1459 4519 1753 4610; x_wconf 86' lang='lat' dir='ltr'>conspirationem</span> 
     </span>
     <span class='ocr_line' id='line_1_31' title="bbox 204 4639 1753 4732; baseline -0.002 -19"><span class='ocrx_word' id='word_1_287' title='bbox 204 4642 402 4732; x_wconf 89' lang='lat' dir='ltr'>aliquorum</span> <span class='ocrx_word' id='word_1_288' title='bbox 429 4639 620 4727; x_wconf 89' lang='lat' dir='ltr'>destinato,</span> <span class='ocrx_word' id='word_1_289' title='bbox 652 4639 838 4712; x_wconf 91' lang='lat' dir='ltr'>immature</span> <span class='ocrx_word' id='word_1_290' title='bbox 864 4640 1078 4730; x_wconf 89' lang='lat' dir='ltr'>periturum,</span> <span class='ocrx_word' id='word_1_291' title='bbox 1107 4640 1150 4711; x_wconf 91' lang='lat' dir='ltr'>ad</span> <span class='ocrx_word' id='word_1_292' title='bbox 1179 4640 1377 4732; x_wconf 91' lang='lat' dir='ltr'>eligendum</span> <span class='ocrx_word' id='word_1_293' title='bbox 1405 4645 1520 4712; x_wconf 91' lang='lat' dir='ltr'>tamen</span> <span class='ocrx_word' id='word_1_294' title='bbox 1548 4639 1657 4710; x_wconf 93' lang='lat' dir='ltr'>alium</span> <span class='ocrx_word' id='word_1_295' title='bbox 1685 4640 1753 4711; x_wconf 92' lang='lat' dir='ltr'>Re-</span> 
     </span>
     <span class='ocr_line' id='line_1_32' title="bbox 202 4759 1751 4854; baseline -0.002 -19"><span class='ocrx_word' id='word_1_296' title='bbox 202 4783 280 4854; x_wconf 93' lang='lat' dir='ltr'>gem</span> <span class='ocrx_word' id='word_1_297' title='bbox 307 4759 527 4833; x_wconf 88' lang='lat' dir='ltr'>consiliarios</span> <span class='ocrx_word' id='word_1_298' title='bbox 554 4781 778 4851; x_wconf 88' lang='lat' dir='ltr'>processuros</span> <span class='ocrx_word' id='word_1_299' title='bbox 802 4759 990 4832; x_wconf 90' lang='lat' dir='ltr'>animabat.</span> <span class='ocrx_word' id='word_1_300' title='bbox 1020 4760 1070 4832; x_wconf 90' lang='lat' dir='ltr'>Ut</span> <span class='ocrx_word' id='word_1_301' title='bbox 1089 4767 1207 4833; x_wconf 88' lang='lat' dir='ltr'>autern</span> <span class='ocrx_word' id='word_1_302' title='bbox 1226 4760 1352 4832; x_wconf 92' lang='lat' dir='ltr'>electio</span> <span class='ocrx_word' id='word_1_303' title='bbox 1374 4759 1484 4832; x_wconf 83' lang='lat' dir='ltr'>futuri</span> <span class='ocrx_word' id='word_1_304' title='bbox 1502 4760 1610 4851; x_wconf 86' lang='lat' dir='ltr'>Regis</span> <span class='ocrx_word' id='word_1_305' title='bbox 1630 4763 1751 4832; x_wconf 90' lang='lat' dir='ltr'>sancte</span> 
     </span>
     <span class='ocr_line' id='line_1_33' title="bbox 204 4879 1752 4973; baseline -0.003 -19"><span class='ocrx_word' id='word_1_306' title='bbox 204 4886 240 4955; x_wconf 89' lang='lat' dir='ltr'>et</span> <span class='ocrx_word' id='word_1_307' title='bbox 266 4879 424 4973; x_wconf 89' lang='lat' dir='ltr'>legitime</span> <span class='ocrx_word' id='word_1_308' title='bbox 451 4879 666 4970; x_wconf 82' lang='lat' dir='ltr'>proueniret,</span> <span class='ocrx_word' id='word_1_309' title='bbox 697 4884 731 4951; x_wconf 93' lang='lat' dir='ltr'>et</span> <span class='ocrx_word' id='word_1_310' title='bbox 759 4879 795 4950; x_wconf 94' lang='lat' dir='ltr'>in</span> <span class='ocrx_word' id='word_1_311' title='bbox 824 4879 950 4950; x_wconf 91' lang='lat' dir='ltr'>solium</span> <span class='ocrx_word' id='word_1_312' title='bbox 982 4879 1117 4971; x_wconf 89' lang='lat' dir='ltr'>regium</span> <span class='ocrx_word' id='word_1_313' title='bbox 1145 4880 1200 4952; x_wconf 81' lang='lat' dir='ltr'>uir</span> <span class='ocrx_word' id='word_1_314' title='bbox 1228 4881 1418 4954; x_wconf 89' lang='lat' dir='ltr'>secundum</span> <span class='ocrx_word' id='word_1_315' title='bbox 1451 4901 1509 4953; x_wconf 90' lang='lat' dir='ltr'>cor</span> <span class='ocrx_word' id='word_1_316' title='bbox 1542 4879 1608 4952; x_wconf 89' lang='lat' dir='ltr'>Dei</span> <span class='ocrx_word' id='word_1_317' title='bbox 1636 4901 1752 4951; x_wconf 90' lang='lat' dir='ltr'>surro-</span> 
     </span>
     <span class='ocr_line' id='line_1_34' title="bbox 203 4998 1753 5095; baseline -0.001 -23"><span class='ocrx_word' id='word_1_318' title='bbox 203 5006 361 5095; x_wconf 87' lang='lat' dir='ltr'>garetur,</span> <span class='ocrx_word' id='word_1_319' title='bbox 390 5019 509 5071; x_wconf 89' lang='lat' dir='ltr'>omnes</span> <span class='ocrx_word' id='word_1_320' title='bbox 539 4998 607 5070; x_wconf 92' lang='lat' dir='ltr'>sibi</span> <span class='ocrx_word' id='word_1_321' title='bbox 635 4998 867 5071; x_wconf 85' lang='lat' dir='ltr'>Divinitatem</span> <span class='ocrx_word' id='word_1_322' title='bbox 895 4999 1080 5071; x_wconf 92' lang='lat' dir='ltr'>missarum</span> <span class='ocrx_word' id='word_1_323' title='bbox 1111 5000 1308 5088; x_wconf 88' lang='lat' dir='ltr'>sacrificiis,</span> <span class='ocrx_word' id='word_1_324' title='bbox 1341 5001 1379 5072; x_wconf 94' lang='lat' dir='ltr'>iu</span> <span class='ocrx_word' id='word_1_325' title='bbox 1414 4999 1542 5091; x_wconf 90' lang='lat' dir='ltr'>quibus</span> <span class='ocrx_word' id='word_1_326' title='bbox 1576 5004 1611 5072; x_wconf 92' lang='lat' dir='ltr'>ot</span> <span class='ocrx_word' id='word_1_327' title='bbox 1638 4998 1753 5090; x_wconf 93' lang='lat' dir='ltr'>ponti-</span> 
     </span>
    </p>
   </div>
   <div class='ocr_carea' id='block_1_5' title="bbox 313 5286 1755 5372">
    <p class='ocr_par' dir='ltr' id='par_1_6' title="bbox 313 5286 1755 5372">
     <span class='ocr_line' id='line_1_35' title="bbox 313 5286 1755 5372; baseline 0.001 -23"><span class='ocrx_word' id='word_1_328' title='bbox 313 5289 335 5367; x_wconf 92' lang='lat'>¹)</span> <span class='ocrx_word' id='word_1_329' title='bbox 359 5289 454 5366; x_wconf 86' lang='lat' dir='ltr'>Regni</span> <span class='ocrx_word' id='word_1_330' title='bbox 476 5289 618 5350; x_wconf 88' lang='lat' dir='ltr'>Poloniae</span> <span class='ocrx_word' id='word_1_331' title='bbox 640 5286 703 5351; x_wconf 78' lang='lat' dir='ltr'>Eo.</span> <span class='ocrx_word' id='word_1_332' title='bbox 727 5286 816 5370; x_wconf 67' lang='grc' dir='ltr'>[ιρι.</span> <span class='ocrx_word' id='word_1_333' title='bbox 842 5287 868 5368; x_wconf 70' lang='lat'>⁹)</span> <span class='ocrx_word' id='word_1_334' title='bbox 892 5290 1025 5350; x_wconf 88' lang='lat' dir='ltr'>modesto</span> <span class='ocrx_word' id='word_1_335' title='bbox 1048 5287 1111 5350; x_wconf 84' lang='lat' dir='ltr'>Ed.</span> <span class='ocrx_word' id='word_1_336' title='bbox 1135 5287 1225 5372; x_wconf 83' lang='lat' dir='ltr'>Lipe.</span> <span class='ocrx_word' id='word_1_337' title='bbox 1251 5288 1277 5364; x_wconf 63' lang='grc'>3)</span> <span class='ocrx_word' id='word_1_338' title='bbox 1303 5291 1438 5351; x_wconf 73' lang='lat' dir='ltr'>casimiri</span> <span class='ocrx_word' id='word_1_339' title='bbox 1462 5291 1555 5350; x_wconf 85' lang='lat' dir='ltr'>Ducis</span> <span class='ocrx_word' id='word_1_340' title='bbox 1577 5289 1755 5351; x_wconf 84' lang='lat' dir='ltr'>Lithnaniae</span> 
     </span>
    </p>
   </div>
   <div class='ocr_carea' id='block_1_6' title="bbox 203 5388 1754 5578">
    <p class='ocr_par' dir='ltr' id='par_1_7' title="bbox 203 5388 1754 5578">
     <span class='ocr_line' id='line_1_36' title="bbox 203 5388 1754 5478; baseline 0.001 -22"><span class='ocrx_word' id='word_1_341' title='bbox 203 5389 267 5456; x_wconf 73' lang='lat' dir='ltr'>Ed.</span> <span class='ocrx_word' id='word_1_342' title='bbox 295 5389 383 5475; x_wconf 73' lang='grc' dir='ltr'>[ιρι.</span> <span class='ocrx_word' id='word_1_343' title='bbox 417 5389 443 5472; x_wconf 80' lang='lat'>⁴)</span> <span class='ocrx_word' id='word_1_344' title='bbox 469 5411 527 5452; x_wconf 93' lang='lat' dir='ltr'>non</span> <span class='ocrx_word' id='word_1_345' title='bbox 551 5411 637 5454; x_wconf 83' lang='lat' dir='ltr'>secus</span> <span class='ocrx_word' id='word_1_346' title='bbox 659 5411 747 5468; x_wconf 87' lang='lat' dir='ltr'>quam</span> <span class='ocrx_word' id='word_1_347' title='bbox 769 5389 832 5453; x_wconf 85' lang='lat' dir='ltr'>Ed.</span> <span class='ocrx_word' id='word_1_348' title='bbox 853 5389 945 5474; x_wconf 71' lang='grc' dir='ltr'>[ιρι.</span> <span class='ocrx_word' id='word_1_349' title='bbox 978 5390 1003 5471; x_wconf 77' lang='lat'>⁵)</span> <span class='ocrx_word' id='word_1_350' title='bbox 1028 5393 1176 5456; x_wconf 89' lang='lat' dir='ltr'>commissi</span> <span class='ocrx_word' id='word_1_351' title='bbox 1208 5389 1284 5455; x_wconf 77' lang='lat' dir='ltr'>cod.</span> <span class='ocrx_word' id='word_1_352' title='bbox 1315 5391 1424 5456; x_wconf 78' lang='lat' dir='ltr'>Przea.</span> <span class='ocrx_word' id='word_1_353' title='bbox 1457 5388 1484 5478; x_wconf 68' lang='grc'>6)</span> <span class='ocrx_word' id='word_1_354' title='bbox 1509 5395 1643 5472; x_wconf 84' lang='lat' dir='ltr'>quamvis</span> <span class='ocrx_word' id='word_1_355' title='bbox 1666 5396 1754 5457; x_wconf 83' lang='lat' dir='ltr'>etlam</span> 
     </span>
     <span class='ocr_line' id='line_1_37' title="bbox 203 5491 995 5578; baseline -0.005 -18"><span class='ocrx_word' id='word_1_356' title='bbox 203 5494 268 5560; x_wconf 78' lang='lat' dir='ltr'>Ed.</span> <span class='ocrx_word' id='word_1_357' title='bbox 292 5492 382 5578; x_wconf 69' lang='grc' dir='ltr'>[ιρι.</span> <span class='ocrx_word' id='word_1_358' title='bbox 409 5492 433 5574; x_wconf 87' lang='lat'>⁷)</span> <span class='ocrx_word' id='word_1_359' title='bbox 458 5495 489 5555; x_wconf 91' lang='lat' dir='ltr'>in</span> <span class='ocrx_word' id='word_1_360' title='bbox 511 5497 593 5557; x_wconf 90' lang='lat' dir='ltr'>illum</span> <span class='ocrx_word' id='word_1_361' title='bbox 615 5495 685 5557; x_wconf 92' lang='lat' dir='ltr'>inde</span> <span class='ocrx_word' id='word_1_362' title='bbox 707 5496 795 5557; x_wconf 81' lang='lat' dir='ltr'>facile</span> <span class='ocrx_word' id='word_1_363' title='bbox 816 5491 880 5556; x_wconf 79' lang='lat' dir='ltr'>Ed.</span> <span class='ocrx_word' id='word_1_364' title='bbox 905 5492 995 5578; x_wconf 87' lang='lat' dir='ltr'>Lipe.</span> 
     </span>
    </p>
   </div>
   <div class='ocr_carea' id='block_1_7' title="bbox 0 0 2140 6276">
    <p class='ocr_par' dir='ltr' id='par_1_8' title="bbox 0 0 2140 6276">
     <span class='ocr_line' id='line_1_38' title="bbox 0 0 2140 6276; baseline 0 0"><span class='ocrx_word' id='word_1_365' title='bbox 0 0 2140 6276; x_wconf 95' lang='lat' dir='ltr'> </span> 
     </span>
    </p>
   </div>
  </div>
 </body>
</html>
