4046 6278
61 518 124 618 (Α.
141 515 187 592 D.
207 514 336 615 1408.)
569 541 682 594 nnenn
708 539 952 594 nuonuemrue
980 523 1094 612 (nrm).
1526 521 1601 594 413

62 727 135 800 iem
160 725 328 818 liegistro
356 729 391 798 et
419 725 541 800 Ordini
566 731 604 800 et
629 746 714 800 suoe
736 725 830 818 perti
847 725 890 799 (lo
909 746 994 817 peoe
1014 726 1171 799 habende
1190 730 1374 817 perpetuu,
1397 724 1462 798 rub
1480 725 1603 819 aequis

62 844 333 934 eonditionilrus,
363 845 508 934 fusioni,
533 846 624 920 diem
643 851 678 921 et
695 847 811 920 loeuur
828 846 873 918 ed
890 846 1162 920 concludendam
1183 846 1209 934 ¹)
1236 865 1357 938 poeem
1376 845 1601 939 oonsiguent3

63 965 354 1040 oonfirmetionem
369 963 402 1055 2)
430 970 547 1040 tumen
578 967 693 1058 punis,
727 965 939 1040 oonsilieriie
971 966 1115 1058 eRege
1146 964 1327 1038 mittendis
1362 964 1604 1056 reservante.

63 1084 160 1160 Greti
187 1105 228 1158 eo
253 1085 480 1176 responsione
507 1085 625 1159 nuntii
651 1085 873 1175 Prutlrenioi‚
907 1085 1069 1158 honorati
1095 1106 1117 1158 s
1143 1085 1239 1178 Rege
1267 1085 1424 1158 uestibus
1452 1085 1602 1159 Sabelli·

63 1205 115 1280 nis
140 1208 175 1278 et
202 1205 429 1293 murduuinis,
458 1205 495 1280 in
522 1206 683 1298 pluribus
710 1226 849 1298 quoque
876 1226 1017 1279 suumn
1044 1204 1295 1280 neeessitetum
1322 1203 1435 1277 auditi
1459 1204 1601 1296 petitio·

64 1325 180 1414 nibus,
208 1325 353 1400 rediere.

375 1677 452 1750 lilio
473 1676 639 1751 llissleli
661 1678 821 1750 Kerimiro
842 1679 922 1769 uugi
945 1682 1026 1752 nutu
1048 1697 1123 1752 nox
1145 1679 1291 1754 noritur

164 1924 231 1997 Die
250 1924 360 2010 Solis,
380 1923 416 1996 in
436 1925 564 1997 testum
583 1923 731 1998 Senotee
749 1925 933 1998 Trinitatis
952 1927 1112 2015 esuriente,
1132 1948 1223 1999 none
1241 1925 1326 2000 lleii
1341 1926 1386 2018 ⁴),
1415 1927 1481 2000 sub
1499 1927 1609 2001 misse

66 2043 200 2132 ursioni,
231 2044 413 2118 Elisabeth
439 2044 605 2118 Poloniee
623 2045 759 2138 Regino
777 2045 945 2118 innostro
964 2045 1186 2119 cracoviensi
1208 2047 1316 2119 filium
1334 2051 1440 2142 portu
1457 2047 1607 2138 septimo

67 2164 203 2238 effodite
234 2185 323 2256 quae
348 2164 386 2236 in
411 2165 523 2237 eltsro
548 2165 607 2238 <lie
632 2165 745 2250 Solis,
775 2165 946 2238 sedecimo
965 2165 1065 2252 Maii,
1085 2166 1122 2238 in
1142 2166 1292 2239 eoelesiu
1307 2165 1530 2239 cracoviensi
1547 2187 1610 2259 per

66 2285 258 2360 Iohannem
276 2285 538 2358 Oruooriensem
555 2289 593 2357 et
611 2285 776 2358 Iacobum
795 2285 1143 2373 wladislaviensem,
1172 2285 1370 2378 episcopos,
1391 2285 1428 2357 in
1446 2305 1609 2377 proesen-

68 2404 115 2476 tie
129 2405 340 2477 Prnemislei
356 2404 636 2492 Theeohnensis,
649 2405 805 2477 Ianussii
818 2405 1116 2494 Rathiboriensis,
1132 2405 1356 2479 Prnemlronis
1375 2406 1609 2478 Thosueonen·

67 2523 129 2612 sis,
157 2523 359 2598 Wenosslai
386 2524 640 2611 Zethoriensis,
668 2523 824 2598 Iunussii
852 2524 1109 2613 &limenensis
1142 2530 1177 2599 et
1203 2524 1371 2598 Iohannis
1399 2525 1608 2599 Ribnieuen·

67 2643 130 2732 sis,
159 2644 298 2720 Durum
325 2643 517 2737 sentiente,
546 2641 730 2720 Elisabeth
748 2649 872 2717 roseta
890 2649 956 2717 eet.
984 2645 1080 2738 Quae
1098 2645 1189 2738 eund
1208 2643 1464 2719 Sendomirism
1490 2645 1611 2719 eedem

67 2762 135 2852 iio,
163 2783 235 2856 quo
263 2769 339 2840 orte
365 2767 494 2854 tumst,
523 2785 614 2838 enno
642 2764 869 2857 subsequenti
897 2765 1073 2852 meldens,
1100 2765 1195 2857 sonu
1217 2765 1481 2838 Oreoovisrsem
1498 2764 1609 2839 eoele-

67 2882 151 2960 siem
179 2885 399 2976 sepultorem
426 2885 464 2960 in
492 2886 627 2960 tumulo
656 2891 863 2959 ualerone
891 2905 973 2958 sune
1000 2885 1173 2978 Hedrigis
1201 2884 1346 2976 oeoepit.

128 3238 312 3316 Kuuiuim
333 3237 403 3318 lu
424 3255 496 3314 suu
514 3237 662 3312 mnam
684 3237 776 3328 ulgro
798 3237 882 3310 llum
905 3237 1126 3312 llesnloremi
1147 3255 1245 3329 super
1267 3238 1365 3312 torulo
1386 3237 1549 3312 luserim

565 3357 832 3432 eoumrleturum
854 3375 893 3429 se
913 3375 1003 3447 sporn
1023 3357 1116 3430 ierit.

170 3603 374 3680 Konimirus
391 3603 558 3679 Poloniee
573 3603 603 3692 5)
631 3603 724 3690 Rex,
753 3605 943 3677 mullorum
961 3604 1181 3696 Prineipum,
1210 3604 1271 3677 sed
1290 3604 1499 3692 miliorum,
1525 3623 1612 3695 quos

69 3727 173 3817 poulo
201 3731 283 3798 ente
309 3722 504 3811 nominavi,
533 3723 768 3816 legetionibus
796 3723 928 3795 auditis
956 3729 990 3797 et
1017 3724 1215 3816 benigniter
1243 3723 1435 3815 expeditis,
1463 3723 1615 3816 largitus

69 3847 214 3936 insuper
240 3844 277 3916 iu
306 3842 568 3934 stipendiarios,
597 3843 658 3934 qui
686 3863 729 3916 ex
756 3843 850 3916 omni
877 3842 1024 3916 Proseis
1050 3848 1299 3932 oonvenerenl‚
1329 3843 1532 3918 donativum
1559 3843 1613 3916 in-

70 3965 184 4057 signe,
214 3964 258 4036 ed
284 3963 386 4053 pluro
412 3961 527 4038 millio
552 3981 745 4036 mersorum
773 3981 811 4034 se
838 3962 1047 4051 extendens,
1075 3962 1132 4036 die
1159 3963 1306 4037 Veneris
1334 3963 1457 4056 quinte
1484 3961 1615 4036 mensis

70 4084 155 4158 Iulii
175 4103 221 4158 en
240 4081 403 4158 Oruoouie
425 4081 621 4170 dissensus,
655 4085 690 4154 et
716 4101 777 4173 per
804 4081 990 4172 Myeelrou,
1019 4082 1245 4175 Andrneyorn
1273 4084 1458 4174 Pyotrkow
1485 4082 1614 4156 irensi-

70 4214 144 4278 tum
183 4202 330 4288 lesione,
368 4201 405 4272 in
432 4201 631 4274 Lenoioium
658 4201 714 4274 die
732 4200 924 4276 'undeeimu
950 4201 1037 4276 Iulii
1052 4201 1083 4290 θ)
1120 4202 1277 4276 advenit:
1310 4202 1372 4275 ubi
1398 4221 1477 4276 oum
1500 4201 1614 4275 oonsi-

71 4324 203 4411 lionis,
232 4321 293 4413 qui
320 4325 553 4396 sevenerunt
569 4321 611 4410 7),
639 4321 744 4394 rebus
771 4319 935 4412 plurimis
953 4320 1105 4412 publiois
1124 4321 1345 4413 compositis,
1369 4327 1404 4396 st
1423 4321 1615 4414 stipendio·

71 4445 134 4518 riis
167 4443 207 4518 in
238 4439 419 4516 Pruesiem
454 4441 574 4529 ituris,
604 4439 793 4533 expeditis,
824 4440 861 4512 in
887 4439 1037 4514 Kolisoh
1059 4439 1221 4529 divertit,
1250 4441 1312 4516 ubi
1331 4445 1366 4514 et
1383 4440 1535 4514 diestem
1554 4462 1616 4533 pro

72 4566 160 4638 festo
191 4561 311 4636 Seneti
338 4559 457 4634 Ioeobi
484 4561 664 4652 Apostoli,
692 4560 730 4634 io
757 4559 847 4632 diem
875 4559 971 4632 Iouis
999 4558 1201 4633 rioesimem
1234 4565 1371 4634 sextum
1397 4559 1484 4634 Iulii
1499 4559 1531 4648 ⁸)
1558 4581 1615 4634 oe-

73 4685 229 4768 dentem‚
259 4701 337 4753 oum
364 4681 518 4754 conredo
546 4681 731 4754 Kenthuer
758 4680 857 4772 nigro
877 4681 972 4755 Duee
991 4679 1231 4756 Olesnioeensi
1254 4679 1383 4754 tenuit:
1412 4679 1449 4754 in
1468 4701 1537 4772 que
1554 4701 1617 4772 pro

73 4803 194 4891 terris,
215 4800 413 4888 Ploouensi‚
434 4799 631 4888 Belsuensi‚
661 4799 965 4888 Soohsououiensi,
985 4799 1141 4873 Revensi
1158 4803 1194 4874 et
1212 4799 1430 4889 Gestinensi,
1450 4821 1538 4892 ques
1555 4822 1616 4874 no·

74 4922 167 4996 mine
196 4920 318 4996 uxoris
345 4939 429 4994 sune
457 4919 712 5012 liergerethee‚
740 4918 834 4994 filies
862 4917 946 4991 olim
974 4918 1143 4992 Semouiti
1166 4919 1275 5012 Duois
1302 4918 1493 5008 llosouiue,
1521 4924 1617 5013 pete·

421 5107 487 5115 --.-

185 5209 206 5287 “)
229 5211 269 5274 ed
291 5210 522 5286 eouslguuudsm
550 5205 614 5270 Ed.
647 5205 737 5291 Lipe.
769 5207 793 5286 ²)
820 5209 1069 5272 eousumelionem
1098 5205 1161 5271 Ed.
1193 5205 1283 5290 Dipo.
1315 5204 1343 5290 θ)
1366 5213 1525 5272 reservent
1556 5204 1619 5271 Ed.

75 5311 165 5396 Dipo.
191 5309 220 5392 ⁴)
241 5331 320 5376 noue
342 5313 390 5374 die
411 5313 521 5375 mensis
543 5311 614 5372 nm
637 5307 699 5374 nd.
723 5307 816 5394 Lipr.
841 5308 867 5389 ὓ)
890 5311 1066 5374 Polonorum
1088 5307 1152 5372 Ed.
1183 5307 1276 5394 Lips.
1299 5306 1328 5393 ο)
1347 5311 1457 5376 mensis
1472 5311 1541 5372 Iulii
1554 5307 1618 5376 Bul

78 5413 166 5500 Lips.
193 5413 219 5494 ⁷)
242 5414 422 5476 advenerant
442 5411 506 5477 Ed.
531 5410 620 5497 Dipo.
645 5410 671 5492 ε)
695 5413 805 5475 mensis
827 5413 894 5522 Iulii
916 5408 980 5475 Ed.
1004 5409 1094 5496 Εὗρε.
