4052 6286
116 571 400 676 (1111417.)
633 595 745 648 arnna
771 593 1016 650 uuonucnrue
1043 577 1157 667 (xm).
1590 578 1666 649 475

115 779 361 873 Konopnicaki
396 781 439 854 de
477 781 668 873 Sternbarg
686 781 714 869 ¹)
750 779 960 872 burgrabius
991 780 1181 874 Pragensie
1213 784 1288 856 erat
1319 781 1496 873 princeps,
1530 782 1664 856 animos

114 921 138 971 a
158 921 195 974 so
212 900 384 974 alienatos
411 921 503 988 esse,
532 899 570 972 iu
597 900 730 974 bellum
748 899 805 972 illi
823 899 964 990 publice
983 901 1191 974 movendam
1210 906 1383 992 spectare:
1411 907 1553 994 propter
1572 902 1664 994 quod

113 1019 291 1094 Karimiri
321 1020 446 1113 Regis,
485 1021 583 1094 vaira
614 1020 702 1094 satis
736 1023 771 1094 11
803 1020 932 1094 callida
963 1021 1138 1114 legatione
1169 1023 1354 1114 palpabat,
1393 1024 1666 1117 explorabatque

112 1145 280 1214 mentem.
309 1141 440 1216 Litoris
467 1141 611 1232 insuper
637 1141 725 1214 satis
753 1140 920 1234 prolixis,
948 1147 984 1214 et
1011 1141 1191 1215 Karimiro
1218 1143 1309 1234 Regi
1336 1147 1371 1214 et
1398 1143 1560 1234 pluribus
1584 1145 1666 1218 aliis

111 1260 275 1354 Regibus
306 1261 488 1334 catholicis
521 1253 724 1350 destinatis,
761 1281 962 1351 processum
999 1261 1230 1354 depositionis
1261 1283 1324 1354 per
1355 1264 1487 1354 Papam
1523 1265 1664 1352 iactum,
1731 1355 1733 1360 Ι

110 1379 299 1470 intectum,
328 1401 469 1455 causam
497 1402 578 1454 rere
606 1402 705 1454 suam
733 1380 963 1454 iustificatum
991 1381 1051 1470 iri,
1081 1382 1322 1456 contendebat.
1351 1385 1395 1456 In
1415 1383 1542 1475 quibus
1562 1385 1663 1477 dege-

110 1521 199 1575 nere
229 1507 265 1574 et
297 1501 460 1574 indecora
491 1499 636 1574 vafricia
667 1501 750 1572 dum
782 1521 820 1573 se
850 1521 1001 1593 purgare
1028 1505 1063 1574 11
1090 1501 1277 1576 nobilitare
1309 1507 1507 1588 exaestuat,
1541 1504 1665 1578 maiori

111 1622 332 1696 fuscamento
359 1621 534 1714 denigrat:
563 1621 812 1693 nonnullorum
837 1642 978 1694 suorum
997 1621 1294 1710 consiliariorum,
1325 1629 1360 1696 et
1380 1623 1560 1716 signanter
1578 1625 1664 1699 Gre-

108 1741 206 1835 gorii
233 1743 274 1814 de
300 1741 481 1834 Hainberg
496 1740 539 1831 ²),
568 1740 801 1816 temeritatem
821 1745 856 1812 et
874 1741 1047 1814 insaniam
1067 1763 1166 1814 suam
1186 1742 1295 1815 cassis
1315 1743 1546 1816 nutrientium
1565 1765 1662 1836 prae-

110 1861 244 1949 coniis,
273 1862 317 1934 ad
345 1883 507 1934 vesanam
535 1864 685 1936 mentem
712 1865 902 1952 petractus.
935 1862 1174 1954 Depositionie
1201 1868 1318 1936 autem
1346 1885 1429 1937 suae
1457 1869 1557 1938 tenor
1583 1887 1663 1958 apo·

109 1981 310 2071 1111111113)
338 1982 422 2055 talis
451 1986 560 2055 extat.

224 2103 378 2192 ,Paulus
395 2102 608 2194 Episcopus,
639 2123 761 2176 servus
780 2123 959 2177 serrorum
978 2103 1055 2175 Dei.
1084 2103 1140 2176 Ad
1159 2108 1363 2195 perpetuam
1382 2105 1432 2178 rei
1451 2107 1663 2180 memoriam.

113 2224 304 2314 „Salvator
330 2226 449 2296 noster
480 2223 582 2296 Iesus
610 2221 786 2310 Christus,
821 2222 907 2295 ritis
936 2243 1033 2312 vera,
1068 2227 1103 2296 et
1129 2228 1229 2315 pater
1256 2224 1331 2297 eius
1359 2225 1529 2318 agricola,
1558 2226 1663 2300 disci-

112 2345 259 2436 „pulos,
288 2349 512 2435 caeterosque
530 2344 651 2418 fideles
671 2343 847 2416 suosillis
863 2343 894 2432 4)
921 2343 1113 2417 instituens
1141 2344 1273 2436 inquit:
1303 2345 1442 2436 Siquis
1465 2345 1502 2416 in
1521 2367 1576 2420 rue
1594 2369 1663 2420 non

111 2463 323 2554 „manserit
351 2463 513 2536 mittetur
540 2465 632 2536 foras
660 2468 695 2536 et
720 2467 866 2538 arescet.
895 2463 1001 2537 (laius
1022 2464 1149 2537 summi
1168 2465 1331 2538 Doctoris
1351 2470 1386 2538 et
1403 2465 1565 2558 Magistri
1584 2467 1662 2541 doc-

111 2584 268 2672 „trinam
286 2583 467 2658 imitantes
487 2589 522 2657 et
540 2585 703 2658 mandata
719 2584 750 2672 5)
778 2589 1007 2676 exequentes,
1037 2606 1117 2672 uos,
1147 2584 1207 2677 qui
1231 2585 1315 2658 licet
1337 2585 1520 2674 immeriti,
1549 2587 1663 2678 ipsius

111 2704 252 2794 „ricem
278 2703 433 2798 gerimus
461 2705 497 2778 in
524 2706 645 2795 terris,
673 2704 855 2797 palmitem
881 2705 952 2778 ianr
979 2704 1041 2778 diu
1069 2705 1205 2778 aridum
1233 2709 1268 2779 et
1295 2705 1439 2798 abipsa
1467 2724 1550 2780 uera
1576 2707 1662 2797 vite,

110 2847 229 2918 „quae
248 2829 302 2898 est
319 2825 480 2900 Christus
500 2827 663 2902 Salvator
689 2829 826 2914 noster,
856 2847 932 2898 aso
951 2826 1027 2918 ipso
1046 2825 1243 2917 praecisum
1261 2825 1299 2898 in
1318 2826 1421 2898 vinea
1439 2827 1580 2900 Domini
1599 2828 1661 2902 Sa·

111 2947 263 3036 „baotb,
300 2947 488 3039 Georgium
526 2946 615 3020 alias
651 2947 853 3034 1111111111)
885 2946 927 3020 de
959 2947 1142 3020 Kunstath
1174 2952 1210 3020 et
1236 2948 1510 3036 Posadnebrath,
1548 2948 1662 3042 Regni

110 3067 329 3158 „Bobeniae
356 3071 614 3159 occupatorem,
645 3067 797 3158 amplius
825 3068 913 3141 ferro
941 3071 977 3141 et
1003 3067 1176 3159 inspicere
1196 3089 1265 3140 non
1283 3069 1459 3157 valentes,
1488 3071 1580 3140 fama
1597 3089 1660 3160 pu·

110 3187 232 3277 „blica
258 3187 359 3260 nobis
387 3187 500 3279 ipsius
532 3187 674 3280 Georgii
700 3187 862 3260 haereses
890 3191 925 3260 et
952 3186 1189 3279 blasphemias
1213 3191 1247 3260 et
1266 3187 1450 3281 sacrilegia
1476 3190 1658 3278 referente,

109 3329 280 3398 „oausam
307 3307 550 3398 inquisitionis
578 3329 683 3399 super
709 3307 766 3380 his
794 3307 1012 3380 denuntiatis
1036 3307 1256 3396 excessibus,
1294 3307 1555 3382 venerabilibus
1592 3311 1659 3382 tra-

109 3427 253 3518 „tribue
280 3427 412 3500 nostris
438 3427 617 3501 Visarioni
645 3428 869 3516 Tusculensi,
898 3427 1049 3500 Iohanni
1067 3428 1270 3516 Portuensi,
1292 3433 1327 3500 et
1345 3428 1382 3501 in
1401 3429 1514 3520 ipsius
1533 3430 1659 3502 lohan-

107 3548 194 3638 „nis
221 3548 395 3636 absentia,
425 3547 603 3622 Guilermo
632 3547 787 3622 Ostiensi
803 3549 844 3637 ⁷),
874 3548 1074 3640 Episcopis,
1112 3569 1153 3621 ac
1180 3548 1357 3621 Bernardo
1385 3549 1483 3620 tituli
1512 3549 1660 3624 Sanctae

107 3668 287 3760 „Sabinae
323 3668 551 3759 Presbytero,
591 3669 839 3741 Sacroeanctae
877 3669 1054 3742 Romanae
1091 3668 1288 3742 Ecclesiae·
1308 3668 1572 3756 cardinalibus,
1616 3691 1659 3742 ex

108 3794 233 3880 „certa
259 3792 378 3862 nostra
405 3788 553 3862 scientia
581 3788 818 3861 commisimus
846 3787 1129 3876 examinandam,
1154 3793 1189 3861 et
1208 3789 1405 3861 successive
1429 3810 1543 3861 coranr
1571 3789 1659 3881 ipsis

108 3908 297 4002 „legitime
314 3907 508 3980 constituto
526 3928 706 4000 processu,
737 3909 903 3982 citatione
922 3909 1028 3982 etiam
1046 3908 1278 3999 personaliter
1300 3910 1454 3997 decreta,
1483 3930 1561 3982 cum
1579 3931 1657 4001 pro·
1715 3895 1721 3906 ’

107 4029 275 4121 „lixiori,
305 4049 408 4120 quam
437 4028 626 4121 expediens
645 4029 767 4116 fuerit,
796 4050 839 4102 ex
857 4029 1074 4122 benignitate
1092 4028 1305 4120 praefixione
1324 4029 1481 4116 termini,
1502 4030 1544 4100 ad
1565 4050 1656 4102 com-

108 4150 329 4242 „parendnm
356 4154 392 4222 ot
420 4170 457 4221 se
484 4149 527 4222 de
553 4149 743 4240 praedictis
771 4149 992 4238 criminibus,
1023 4149 1218 4242 dequibus
1246 4149 1436 4221 infamatus
1464 4153 1499 4221 st
1526 4149 1656 4222 denun-

107 4271 247 4361 „tiatus
275 4271 404 4357 iuerat,
433 4290 547 4342 coram
566 4269 733 4362 praefatis
752 4269 928 4342 iudicibus
947 4271 1200 4357 excusandum,
1234 4274 1269 4342 et
1296 4269 1408 4360 ipsius
1427 4291 1496 4341 non
1514 4291 1657 4361 eompa-

107 4390 247 4482 „rentis
266 4395 430 4464 accusata
448 4389 684 4477 contumacia,
705 4411 745 4462 ac
762 4390 839 4482 ipso
855 4411 898 4464 ex
914 4395 1034 4462 nostra
1052 4394 1087 4463 et
1106 4390 1331 4481 Apostolicae
1351 4389 1452 4463 Sedis
1471 4391 1657 4464 clementia

108 4517 173 4602 „et
191 4511 376 4602 patientia,
407 4509 438 4584 si
466 4511 555 4583 forte
576 4509 798 4601 resipisceret
817 4516 853 4582 et
871 4511 915 4582 ad
933 4531 992 4584 cor
1009 4510 1155 4599 rediret,
1185 4510 1290 4583 ctiam
1314 4515 1395 4601 post
1413 4511 1552 4600 lapsum
1571 4509 1658 4583 dicti

108 4631 339 4723 „prolixioris
366 4630 508 4704 termini
525 4630 688 4721 praefixi,
717 4630 759 4702 de
778 4631 940 4703 mandato
959 4635 1078 4703 nostro
1098 4635 1297 4722 expectato,
1327 4629 1476 4702 servatis
1497 4629 1656 4702 terminis

108 4756 174 4843 „et
199 4750 384 4843 prolixiori
410 4752 548 4824 cautela
574 4751 773 4837 iudiciaria,
803 4772 907 4842 quarn
935 4751 1090 4842 ipsorum
1117 4750 1302 4824 criminum
1321 4749 1498 4820 evidentia
1516 4753 1550 4822 et
1569 4769 1654 4840 qna-

109 4871 221 4962 „litas
248 4871 420 4964 exigeret,
450 4877 485 4943 et
512 4871 549 4942 iu
575 4871 664 4962 ipsis
692 4871 869 4958 terminis,
903 4871 1053 4963 singulis
1086 4870 1313 4944 citationibus
1341 4868 1495 4956 emissis,
1524 4869 1655 4941 exami·
1786 4914 1790 4920 ·

108 4991 230 5084 „natis
258 4991 363 5064 etiam
391 4991 580 5082 diligenter
605 5013 667 5083 per
694 4993 843 5064 alterurn
872 5013 915 5064 ex
944 4991 1048 5064 dictis
1080 4991 1252 5084 delegatis
1284 4989 1476 5077 iudicibue,
1505 4989 1655 5063 testibus

218 5281 241 5362 ¹)
264 5283 301 5343 de
323 5283 465 5359 Sterbarg
487 5276 551 5344 Ed.
575 5279 668 5364 Lips.
697 5279 720 5361 ¹)
744 5281 781 5342 de
802 5282 954 5358 Hamberg
975 5279 1037 5344 Ed.
1060 5279 1150 5363 Lips.
1174 5281 1225 5360 (de
1246 5281 1431 5360 Heimburg).
1456 5276 1481 5358 ³)
1505 5281 1655 5340 literarum

100 5387 345 5464 Apostolicarum
369 5383 433 5446 Ed.
458 5383 550 5467 Lips.
576 5383 603 5463 ⁴)
626 5387 657 5444 in
679 5385 738 5445 illis
760 5381 824 5445 Ed.
846 5381 938 5466 Lipe.
961 5383 986 5463 5)
1010 5391 1040 5445 11
1061 5385 1125 5445 sius
1146 5385 1286 5444 mandata
1308 5381 1370 5446 Ea.
1395 5381 1486 5464 Lips.
1510 5380 1536 5460 ⁶)
1561 5383 1654 5443 enai-

99 5492 181 5551 kurn
204 5485 268 5550 Ed.
291 5485 384 5572 Lipo.
409 5486 434 5569 ⁷)
460 5489 612 5550 Guilerino
633 5488 786 5548 Hortiensi
807 5484 871 5550 Ed.
894 5484 984 5569 Lips.
