4040 6290
98 529 168 634 (Α.
189 529 385 631 ibim)
616 553 730 620 unna
755 551 1003 618 nummum
1027 533 1142 626 (uu).
1575 533 1650 622 ddi

95 855 183 934 Para
205 856 293 932 nor
313 853 465 932 edema
486 855 522 928 at
542 853 724 944 limarum
749 852 855 946 timer
880 853 1047 942 onera.
1069 853 1235 936 metitur
1256 853 1480 944 amomon,
1503 873 1575 940 aas
1595 855 1650 942 te

96 977 169 1058 lora
192 974 545 1065 narentanorum,
568 973 623 1070 eui
638 973 681 1054 ad
695 973 1059 1178 &woman
1081 974 1215 1068 aman,
1229 991 1267 1054 aa
1282 978 1319 1056 at
1332 991 1393 1052 aaa
1412 976 1463 1060 ua
1478 976 1650 1070 ouante.

201 1343 292 1422 Paoe
327 1344 496 1434 perpetuu
532 1340 625 1433 apud
660 1339 856 1434 Antiquam
891 1340 1024 1425 Villam
1064 1344 1099 1416 et
1140 1340 1388 1424 Saramonieae
1425 1341 1502 1421 sino
1535 1345 1646 1421 refor-

95 1467 197 1539 mata
223 1463 299 1540 sire
326 1463 497 1552 eonfeoto,
526 1461 730 1540 Kaaimirus
756 1461 923 1542 Poloniae
950 1462 1045 1551 Rex,
1075 1462 1233 1540 exereitu
1259 1461 1441 1545 boentiato
1459 1467 1495 1538 et
1512 1464 1646 1558 stipen-

96 1582 225 1660 diariis
256 1581 401 1671 solutio,
438 1581 475 1659 iu
508 1602 594 1674 quos
626 1602 752 1676 magna
783 1581 1103 1675 unusquisquam
1135 1603 1290 1674 expensa
1316 1587 1386 1673 est,
1419 1584 1648 1676 quoniamst

95 1701 408 1796 stipendiariorum
435 1723 619 1775 numerum
645 1722 716 1774 nou
743 1703 1033 1776 contemnendum
1062 1701 1240 1777 Stiborins
1268 1704 1545 1785 'dbouaoaowslni
1576 1706 1645 1784 aa

93 1823 158 1918 gni
186 1821 376 1898 Bobemiae
403 1821 640 1896 Oanoellariue
667 1821 877 1912 adduxerat,
907 1826 941 1896 et
967 1823 1044 1914 ipse
1070 1823 1302 1914 personaliter
1329 1843 1408 1897 eum
1435 1825 1511 1899 suis
1533 1824 1571 1900 in
1589 1847 1643 1900 so·

94 1943 226 2018 latium
244 1945 272 2034 1)
299 1943 389 2038 Regi
420 1942 600 2016 Karimiro
631 1947 790 2031 uenerat,
823 1942 861 2016 in
891 1943 927 2016 N
928 1963 1029 2016 oram
1060 1942 1247 2017 Civitatem
1262 1941 1293 2033 ²)
1325 1944 1439 2034 uenit,
1468 1948 1503 2020 et
1531 1949 1646 2020 eastra

95 2064 263 2159 Smigrod
289 2068 325 2140 et
352 2062 518 2156 oppidum
544 2062 728 2142 diusebiue
743 2060 775 2152 ο)
801 2063 845 2140 ab
871 2062 1068 2158 Huugarir,
1096 2063 1247 2140 dominis
1274 2085 1409 2156 eorum,
1443 2065 1546 2142 iuxta
1572 2067 1644 2143 ioe-

94 2185 162 2258 dus
191 2185 302 2260 ietum
327 2183 517 2278 resignata.
545 2183 651 2262 btulti
677 2171 795 2262 terrm
813 2205 858 2260 ex
875 2183 1061 2262 Maianis
1079 2188 1114 2260 et
1132 2184 1329 2278 Huugarie,
1357 2185 1441 2258 dum
1467 2185 1645 2280 resignate

9 2319 12 2367 ι
92 2305 272 2399 praesidio
301 2304 477 2398 Smigrod,
505 2303 544 2377 in
562 2304 780 2398 Hungariam
805 2307 1079 2394 reuerterentur,
1108 2305 1152 2378 ab
1176 2305 1373 2399 agrestibus
1391 2305 1429 2380 in
1447 2305 1550 2380 siluis
1568 2305 1643 2380 uio·

93 2426 161 2506 lati
189 2431 226 2504 et
252 2424 452 2504 obtruneati
478 2427 578 2506 eunt:
607 2423 831 2514 insimulati,
850 2423 943 2518 quod
959 2444 1046 2517 paee
1064 2425 1237 2514 eonteota,
1256 2425 1357 2504 nouis
1377 2425 1502 2520 spoliis
1519 2425 1558 2510 in
1575 2427 1642 2502 Po·

93 2550 198 2628 lonos
225 2546 377 2623 fuissent
393 2543 558 2640 grassati.
588 2545 820 2628 Haerentem
846 2544 943 2639 panis
966 2545 1059 2622 inter
1076 2545 1192 2640 Reges
1210 2545 1396 2637 onnioetio,
1425 2546 1642 2634 rummiens

9 2663 13 2732 ὲ
93 2673 211 2744 terrae
238 2665 586 2760 drausyluaeiensin
615 2665 677 2758 qui
703 2687 815 2759 usque
842 2666 879 2744 in
907 2665 1157 2760 Opathouyenr
1175 2667 1220 2746 ad
1237 2667 1456 2748 Karimirum
1475 2667 1645 2750 Polouiae

92 2789 229 2882 Regem
255 2791 439 2877 renuant,
472 2807 509 2860 se
537 2790 572 2866 ot
598 2790 728 2868 arran
764 2787 1131 2881 dransyluanieusenn,
1166 2791 1202 2865 et
1229 2789 1345 2872 onnia
1372 2810 1436 2867 sua
1462 2790 1642 2874 Kariniro

9 2927 17 2976 r
93 2908 187 3002 Regi
213 2908 395 2997 dedentes,
416 2927 560 2992 ,maras
592 2908 751 2986 extersit
773 2908 936 2987 nonnas
960 2911 995 2982 et
1012 2907 1211 2988 anxietates
1229 2909 1432 2992 immensas.
1460 2909 1531 3004 spe
1549 2911 1642 2994 enim

91 3029 192 3123 pleni
218 3029 445 3118 aduenerant,
475 3027 603 3109 solatia
616 3028 649 3119 ⁴)
675 3028 842 3122 gentibus
868 3033 906 3106 et
931 3028 1090 3122 ueouniis
1117 3028 1227 3112 laturi
1253 3029 1345 3124 Regi
1358 3029 1403 3121 5),
1432 3030 1467 3106 εἰ
1490 3030 1640 3109 inbelle

9 3175 18 3222 n
92 3149 464 3244 nonannoeane,
493 3148 662 3230 infestum
687 3149 763 3224 illie
790 3154 995 3242 tyranuum,
1021 3149 1315 3243 perseuerandum
1340 3150 1514 3232 dannot.

192 3504 549 3586 benesonantem
573 3506 700 3595 amun
721 3504 842 3582 muta
863 3520 884 3582 a
905 3503 1027 3585 lania
1047 3503 1135 3594 dena
1156 3505 1191 3584 tu
1212 3505 1373 3616 warna
1396 3507 1539 3592 antina

194 3752 296 3826 Bello
322 3749 488 3829 Potonioo
515 3750 667 3830 Matbins
694 3751 897 3846 Hungariae
922 3751 1002 3828 Rex
1029 3755 1256 3842 exoneratus,
1286 3753 1323 3830 in
1345 3754 1489 3832 Petrum
1506 3754 1637 3834 Kone

90 3873 234 3963 ronski,
261 3893 388 3966 genere
414 3872 604 3961 Polonum,
632 3872 676 3949 de
701 3872 887 3950 nobilitate
918 3871 1122 3965 Giphorum,
1154 3873 1248 3966 quod
1281 3873 1351 3953 sibi
1378 3893 1514 3967 semper
1539 3873 1636 3954 ride·

89 3994 195 4068 batur
224 3991 363 4070 innisus
389 3995 425 4066 et
451 3994 654 4083 anapestus,
687 3995 723 4066 et
753 3992 798 4066 ad
824 3993 1024 4070 nouandum
1055 4013 1128 4082 res,
1161 3997 1197 4068 et
1223 3993 1267 4070 ad
1292 3993 1387 4070 bella
1417 4014 1556 4088 quoque
1581 3994 1635 4074 in·

14 4093 20 4202 ζ
91 4114 221 4195 tostino
246 4112 284 4185 in
311 4110 495 4204 Huugaria
520 4111 707 4190 exeitanda
733 4113 881 4204 (multos
908 4112 1001 4189 enim
1027 4113 1178 4192 babebat
1204 4112 1242 4188 in
1268 4113 1466 4207 Hungaria,
1495 4113 1558 4208 qui
1581 4134 1634 4190 er·
1756 4165 1760 4174 -

9 4217 13 4328 ]
92 4255 170 4316 eum
188 4231 401 4320 sentiebant)
428 4231 624 4326 proobvus,
651 4238 688 4306 et
714 4232 806 4324 quod
830 4233 1140 4326 seeundogenitum
1162 4232 1272 4326 Regis
1289 4233 1457 4312 Potoniae
1471 4234 1503 4324 ο)
1529 4234 1631 4312 Priu-

91 4354 201 4447 oipsnn
231 4350 452 4428 Kaaimirum
483 4350 601 4440 enine,
634 4352 717 4430 dum
749 4352 941 4429 Pannoniis
972 4351 1124 4444 redistis,
1161 4351 1344 4435 Potoniam
1378 4355 1631 4443 revertebatur,

92 4472 309 4560 omnifariam
336 4469 536 4561 adiuuaret,
565 4471 692 4550 oestuo
719 4475 755 4546 ot
781 4473 1033 4553 oomneatibus
1056 4477 1241 4567 exornant
1256 4471 1299 4563 ⁷),
1328 4493 1517 4566 omnesque
1534 4494 1633 4554 moos

40 4641 43 4648 -
91 4614 173 4673 suae
199 4590 403 4686 potestatis,
431 4611 518 4683 quae
536 4591 575 4668 in
592 4592 776 4686 Hungania
802 4593 997 4684 obtinebat,
1025 4594 1238 4672 traditurum
1265 4614 1303 4672 ee
1329 4594 1424 4672 ultro
1451 4593 1633 4674 Kaaimiro

9 4723 26 4816 f,
91 4711 359 4806 seeundogenito
385 4709 570 4786 offemebnt
584 4709 627 4801 Β),
655 4732 752 4790 arne
779 4712 905 4803 mouit,
944 4719 980 4788 et
1006 4712 1188 4794 fortalitiis
1215 4713 1447 4808 Rosemberg,
1475 4714 1630 4802 Hradelr,

91 4833 281 4927 Zabiuyeea
296 4831 341 4922 ⁹),
369 4830 489 4906 Veteri
515 4831 637 4906 (tastm
655 4836 690 4907 et
707 4832 742 4906 N
743 4833 835 4907 iklos
855 4833 911 4925 ¹⁰),
940 4833 1092 4926 aeeeptis
1110 4833 1168 4925 ¹¹),
1198 4853 1287 4927 quae
1305 4832 1375 4908 sibi
1393 4834 1549 4908 iussione
1567 4835 1631 4908 Pe-

194 5139 219 5225 ¹)
241 5143 273 5204 in
294 5141 436 5205 auxilinm
457 5135 521 5204 Ed.
544 5137 636 5225 Πρω.
668 5137 694 5224 ἢ
717 5142 749 5204 in
769 5159 877 5205 novam
899 5141 1049 5204 eivitatem
1070 5141 1199 5205 Karanis
1220 5137 1284 5206 Ed.
1307 5138 1398 5232 Lipe.
1426 5138 1453 5220 ⁸)
1475 5159 1511 5204 ae
1532 5140 1630 5204 dinsa·

89 5248 190 5310 sobiua
209 5243 274 5309 Ed.
297 5242 388 5328 Lipe.
412 5243 439 5325 ⁴)
461 5245 573 5308 auxilia
593 5242 657 5310 Ed.
680 5243 772 5330 Lipa.
804 5243 831 5327 ι)
852 5246 997 5309 casimiro
1018 5244 1094 5323 Regi
1116 5241 1179 5309 Ed
1201 5242 1292 5330 Lipe.
1325 5241 1352 5325 ¹)
1374 5244 1465 5322 Regis
1488 5243 1630 5306 Potontae
1752 5297 1758 5310 .

89 5349 221 5412 casimiri
241 5345 304 5412 Ed.
327 5345 417 5431 Dipo.
442 5345 468 5425 ⁷)
491 5349 640 5428 exeiperet
660 5345 723 5412 Ed.
745 5345 835 5433 Lipa.
861 5347 888 5429 ε)
909 5349 1028 5411 offerret
1041 5345 1105 5412 nd.
1121 5345 1212 5431 Lipa.
1236 5345 1442 5429 ⁰)Sobinyeoa
1456 5343 1520 5412 Ed.
1537 5343 1628 5430 Lina.

93 5449 130 5534 ¹⁰)
152 5453 254 5516 Sanoti
273 5451 423 5514 diikluseh
444 5448 509 5520 Ed.
532 5449 622 5536 Ltps.
650 5450 690 5531 ¹¹)
711 5452 841 5530 aeoeptis
863 5447 950 5515 deest
970 5449 1008 5514 a'a
1031 5444 1107 5515 Coei.
1132 5445 1220 5515 dae.
