4264 6280
401 523 449 596 62
910 544 1022 599 arama
1048 542 1294 599 nuommcmaus
1321 525 1436 612 (κω).
1673 520 1740 621 (Α.
1759 517 1952 618 onmes)

398 735 470 810 rat,
502 730 567 800 luit
596 730 790 814 subletum,
821 733 855 800 et
884 727 1045 800 nonnulli
1073 729 1273 802 cardinales
1297 728 1444 817 Felicis,
1474 727 1578 822 pauci
1611 732 1726 802 tamen
1754 729 1952 818 admodum,

402 847 439 920 in
467 849 690 923 lhvralinalatu
720 849 848 923 retenti
872 852 908 940 ι).

401 1206 596 1278 wladislaus
627 1207 797 1296 episeopus
828 1207 1106 1280 wladislavicrvie
1128 1208 1162 1280 in
1186 1208 1459 1298 archiepiscopum
1489 1207 1709 1280 decoramen
1737 1205 1950 1292 transierim

401 1326 549 1398 nicolaus
572 1327 745 1399 hessocahi
768 1328 802 1398 in
826 1329 1009 1418 episcopum
1031 1327 1334 1403 wladislaviensem
1356 1330 1566 1417 promovetur
1589 1329 1704 1398 contra
1725 1331 1838 1398 votvm
1860 1326 1957 1398 hazi-

606 1449 676 1519 miri
699 1449 810 1538 daps,
833 1449 887 1538 qvi
910 1449 1083 1521 Iohannem
1106 1447 1312 1520 durerinshi
1336 1447 1584 1538 praeludendum
1606 1449 1751 1520 curabat.

507 1697 682 1778 Nicolans¹
704 1698 799 1789 Papa
828 1697 989 1788 quintus,
1019 1717 1125 1790 agens
1154 1702 1238 1770 tunc
1265 1698 1302 1769 in
1331 1697 1490 1788 Spoleto,
1526 1696 1705 1770 Sedecima
1736 1695 1866 1768 mensis
1895 1696 1954 1768 In·

403 1816 453 1887 nii
482 1817 812 1891 Wladislaviensem
842 1817 1042 1908 episcopum
1071 1817 1307 1890 chdislaum
1335 1817 1372 1888 in
1399 1817 1698 1908 arehiepiscopum
1718 1816 1957 1889 Gnesnensem

403 1937 625 2026 pronuntiatu
659 1938 700 2008 de
729 1937 876 2010 eeclesia
903 1958 985 2010 vero
1013 1936 1307 2010 chdislaviensi
1334 1937 1368 2009 N
1372 1938 1482 2010 icolao
1510 1937 1699 2012 Lassoczlri
1718 1937 1855 2010 Decano
1876 1935 1957 2009 Ora·

404 2057 575 2144 coviensi,
608 2057 643 2128 in
664 2058 806 2148 spoleto
827 2058 1018 2149 praesenti,
1047 2059 1206 2150 neglecto
1234 2059 1390 2132 Iohanne
1418 2057 1663 2144 Gruscninslri,
1696 2078 1758 2147 pro
1787 2077 1855 2147 quo
1883 2056 1955 2128 Ka·

404 2176 549 2249 aiminus
587 2178 664 2249 Rex
681 2176 711 2267 2)
745 2199 822 2250 euna
851 2177 1063 2250 consiliariis
1092 2179 1166 2250 suis
1194 2177 1448 2264 intercedebat,
1482 2177 1654 2269 providet.
1681 2173 1836 2268 ’Propter
1864 2175 1956 2267 qnod

404 2300 519 2399 motus
548 2298 711 2370 nonnulli
739 2299 775 2370 iu
803 2298 969 2372 Poloniae
996 2299 1135 2390 Regno,
1164 2305 1199 2370 et
1226 2298 1464 2389 partialitatse
1483 2298 1615 2370 multae
1634 2298 1777 2370 fuerunt
1796 2301 1954 2368 exortae:

404 2437 483 2488 eum
515 2417 593 2488 Rex
610 2414 640 2506 3)
670 2423 705 2489 et
732 2419 844 2510 aliqui
877 2419 1024 2492 barones
1056 2418 1251 2510 provisioni
1282 2420 1325 2492 de
1357 2418 1504 2490 Nicolao
1537 2416 1726 2490 Lassocaki
1758 2417 1870 2489 factae
1897 2416 1953 2487 ad-

405 2542 643 2625 versarentur,
673 2537 757 2610 licet
784 2539 947 2610 nonnulli
979 2539 1119 2630 negotia
1152 2560 1216 2610 sua
1242 2538 1510 2630 promovissent.
1545 2538 1624 2609 Non
1651 2537 1813 2629 permisit
1839 2541 1954 2609 autem

404 2658 531 2748 ΒΘΗ)
560 2657 636 2730 dari
662 2659 917 2750 possessionem
946 2657 1256 2732 Wladislaviensis
1289 2659 1455 2732 ecclesiae
1488 2658 1634 2730 Nicolao
1663 2658 1867 2744 Lassoenbi,
1896 2657 1954 2730 sed

403 2798 466 2870 per
492 2777 673 2850 Praelatos
702 2783 736 2851 et
763 2778 953 2851 canonicos
981 2777 1297 2852 Wladislavienses
1325 2784 1439 2851 castra
1467 2783 1501 2850 et
1529 2779 1619 2850 bone
1646 2776 1861 2868 episcopalia
1888 2799 1950 2876 gu-

404 2897 606 2971 tornantur.
635 2899 804 2992 Magister
831 2920 912 2972 vero
940 2898 1107 2972 Prussiae
1134 2899 1328 2988 Conradus,
1357 2899 1508 2991 parendo
1536 2897 1711 2970 mandatis
1739 2897 1952 2990 apostolicis,

405 3015 449 3090 ad
476 3018 731 3109 possessionem
760 3018 931 3106 omnium,
966 3039 1054 3110 quae
1082 3019 1230 3092 ecelesia
1259 3018 1569 3092 Wladislavieneis
1597 3019 1634 3090 in
1662 3017 1869 3090 Pomorania
1896 3017 1952 3090 ob·

405 3137 512 3225 tinet,
542 3137 659 3228 ipsum
686 3138 885 3212 admiserat.

451 3492 588 3583 sbigneu
611 3495 762 3584 episcopo
784 3494 988 3566 dracovianri
1011 3494 1236 3568 brunuardo
1258 3496 1401 3584 insignia
1424 3511 1443 3566 a
1467 3495 1595 3566 llicolec
1617 3495 1701 3583 l’apa
1724 3493 1838 3584 quinto
1862 3510 1919 3582 per

648 3613 822 3686 Iohannem
844 3613 1005 3702 blugoach
1028 3613 1221 3686 duronicum
1243 3614 1487 3686 dracoviensem
1510 3614 1709 3685 adferuntur.

511 3861 630 3932 Prima
658 3860 713 3933 die
741 3861 871 3933 mensis
900 3863 1054 3954 Augusti
1081 3864 1260 3955 praefatus
1288 3862 1456 3934 Nicolaus
1473 3862 1503 3950 5)
1531 3863 1643 3954 Papa,
1673 3861 1858 3933 attendens
1878 3861 1955 3933 Sbi-

408 4003 536 4074 gneum
565 3982 606 4054 de
634 3981 861 4054 Olesobnicua
880 3983 1080 4076 episcopum
1103 3984 1382 4070 cracoviensem,
1412 4004 1473 4074 per
1492 3983 1686 4075 Eugenium
1706 3987 1871 4072 quartum
1890 3981 1956 4054 Pa-

406 4123 486 4193 pam
523 4107 558 4175 et
592 4122 654 4193 per
686 4103 840 4174 Felicem
878 4103 1039 4194 quintum
1076 4103 1185 4176 fnisse
1223 4104 1258 4175 in
1291 4103 1506 4176 Cardinalam
1547 4107 1762 4193 promotum,
1805 4101 1958 4193 cognitis

406 4222 568 4314 pluribus
597 4221 671 4294 suis
699 4221 908 4309 virtutibus
939 4244 1025 4313 quas
1053 4224 1137 4295 odor
1164 4225 1275 4296 famae
1303 4223 1454 4318 optimae
1483 4243 1543 4313 per
1571 4222 1777 4294 immensum
1807 4221 1957 4293 diffude-

406 4347 476 4430 rat,
517 4342 585 4414 sibi
622 4343 794 4433 capellum
827 4342 989 4430 rubeum,
1023 4343 1208 4436 dignitatis
1241 4344 1483 4417 Cardinaletus
1512 4343 1664 4434 insigne,
1698 4361 1740 4414 ex
1769 4341 1958 4426 Fabriano‚

406 4462 467 4534 ubi
495 4468 578 4534 tunc
610 4483 688 4534 curn
715 4463 816 4534 curia
842 4463 1032 4549 residebat,
1062 4485 1124 4554 per
1150 4464 1342 4536 Iohannem
1365 4463 1545 4555 Dlugosch
1564 4461 1749 4534 Custodem
1767 4461 1958 4533 Vislieien-

407 4601 480 4657 sein
509 4587 543 4654 et
571 4581 780 4654 canonicum
817 4583 1095 4668 cracoviensem,
1125 4584 1280 4656 eiusdem
1308 4583 1451 4675 Sbignei
1484 4581 1724 4668 secretarium,
1758 4580 1895 4652 nuntiis
1925 4587 1960 4654 et

406 4701 521 4774 literis
548 4702 671 4794 regiis,
701 4703 829 4793 quibus
858 4703 979 4774 missio
1007 4703 1207 4776 huiusmodi
1225 4705 1307 4794 plus
1327 4725 1430 4794 qnam
1449 4702 1605 4787 biennio,
1636 4701 1734 4773 velut
1763 4701 1958 4772 maximum

406 4822 610 4894 scismatum
639 4820 754 4914 ignem
782 4821 818 4894 in
846 4824 968 4915 Regno
1004 4823 1170 4895 Poloniae
1208 4824 1384 4910 excitura,
1422 4822 1694 4914 impediebatur,
1723 4821 1958 4912 nequicquam

405 4942 568 5029 attentis,
597 4942 819 5015 transmittit.
859 4943 925 5035 Qui
954 4944 1066 5034 prirna
1094 4943 1150 5016 die
1177 4943 1337 5016 Octobris
1353 4944 1384 5030 6)
1412 4943 1449 5014 in
1477 4941 1676 5015 Cracoviam
1706 4942 1867 5028 veniens,
1898 4963 1961 5033 per

405 5083 522 5136 omnes
551 5064 621 5135 lere
649 5064 829 5135 Praelatos
859 5069 893 5136 et
920 5063 1110 5136 Canonicos
1144 5063 1405 5151 cracovienses,
1439 5067 1474 5135 et
1501 5064 1621 5152 plures
1653 5063 1828 5134 notabiles
1857 5063 1940 5134 bare

514 5335 536 5416 ¹)
560 5339 666 5398 retenti
690 5343 766 5398 eunt.
790 5333 853 5398 Ed.
878 5334 970 5417 Lipe.
996 5335 1019 5415 2)
1043 5337 1184 5398 Poloniae
1206 5337 1270 5397 Rex
1293 5334 1355 5401 Ea.
1371 5334 1464 5418 Le'pe.
1483 5334 1509 5413 ³)
1523 5337 1587 5396 Rex
1603 5337 1765 5396 animirus
1782 5331 1847 5396 Ed.
1864 5333 1960 5418 Lips.

406 5439 432 5520 4)
456 5442 618 5502 Oasimirus
639 5441 704 5500 Rex
726 5435 789 5502 Ed.
810 5436 903 5521 Lapa.
929 5437 954 5518 ⁵)
972 5440 1114 5499 Nicolaus
1130 5441 1251 5516 quintus
1267 5436 1329 5501 Ed.
1346 5437 1438 5521 Lipe.
1456 5436 1483 5518 ⁶)
1500 5440 1610 5500 mensis
1626 5439 1763 5502 Octobris
1782 5435 1847 5501 Ed.
1864 5435 1959 5521 Lapa.
