4046 6278
374 549 451 626 430
881 572 996 629 crena
1021 535 1268 626 nuonnenrue
1295 553 1410 644 (xm).
1641 549 1708 650 (Α.
1729 549 1776 626 Ι).
1797 547 1931 648 lm.)

372 778 439 831 nus
468 757 598 832 etenim
626 757 786 847 erimine,
821 758 906 837 licet
938 759 1136 849 teterrimo,
1170 781 1274 853 quam
1307 758 1528 836 absolutione
1554 758 1763 852 deliquisse,
1794 759 1928 834 indica·

371 883 448 954 tum
475 883 546 967 est,
576 881 611 952 et
638 879 681 953 oh
708 879 745 953 id
771 881 932 957 adultera
963 880 1093 973 corripi
1120 885 1155 956 et
1182 880 1302 974 puniri
1330 880 1427 954 iussa
1459 884 1514 954 est
1549 901 1620 953 una
1651 885 1686 954 ot
1717 902 1800 954 cum
1827 880 1928 974 pedi·

371 1021 491 1093 sequa.
525 999 678 1093 Quarum
710 1021 826 1074 rerum
858 1001 1063 1095 priusquam
1095 1003 1194 1076 fieret
1221 1001 1397 1091 executio,
1431 1002 1608 1076 Dorothea
1638 1001 1761 1076 relicta
1790 1002 1836 1074 ad
1865 1003 1927 1075 ho-

372 1120 455 1195 stile
482 1120 520 1194 iu
547 1119 729 1196 Pruseiam
755 1123 970 1216 praesidium
996 1123 1196 1216 Davaldov,
1231 1122 1377 1198 tuitioni
1404 1143 1441 1197 sa
1468 1122 1616 1197 Bohemi
1642 1123 1805 1197 Mausuih
1832 1145 1927 1198 com·

371 1241 531 1332 mittens,
559 1243 714 1338 aufugit,
743 1249 779 1319 et
797 1246 972 1322 Iohannes
990 1245 1257 1338 Pyenyansaelr,
1288 1245 1381 1337 apud
1400 1248 1567 1337 cognatos
1586 1244 1777 1334 latitando,
1798 1266 1927 1318 manus

371 1365 698 1457 comprehensorum
725 1366 855 1456 evasit;
884 1367 1168 1442 archidiaconatu
1195 1371 1312 1442 tamen
1334 1365 1532 1442 (inesueusi
1562 1369 1597 1440 et
1628 1366 1801 1441 decanatu
1828 1365 1925 1439 Lan·

370 1483 514 1560 eiciensi
540 1507 603 1579 per
630 1487 755 1562 Sedem
782 1487 1025 1580 Apostolicom
1051 1488 1213 1581 privatus
1241 1492 1306 1562 est.
1335 1486 1514 1561 Creditum
1542 1493 1597 1561 est
1620 1488 1865 1574 anennullie,
1895 1493 1930 1560 et

370 1606 443 1696 illi,
473 1613 508 1682 et
533 1611 676 1701 propter
703 1630 767 1682 aua
793 1609 935 1702 propria
962 1614 997 1684 et
1024 1610 1067 1684 ob
1094 1612 1240 1703 paterna
1267 1609 1415 1697 scelera,
1437 1607 1565 1701 quibus
1584 1607 1826 1702 capitaneatui
1845 1608 1927 1682 Gra-

370 1727 527 1803 covionsi
553 1729 799 1822 praesidendo,
827 1731 975 1805 durante
1002 1729 1166 1805 scismate
1193 1729 1361 1806 ecclesiae
1388 1729 1644 1820 cracoviensis,
1673 1729 1874 1804 sacerdotio
1893 1729 1928 1802 iu

369 1871 518 1944 persona
545 1855 580 1926 et
606 1851 710 1926 rebus
738 1850 826 1941 vim,
859 1852 986 1944 probra
1014 1857 1049 1927 et
1077 1851 1192 1944 spolia
1223 1851 1409 1940 inferebat,
1444 1850 1506 1944 qui
1532 1850 1671 1944 etipse
1697 1851 1810 1946 (quod
1835 1872 1927 1924 nun·

370 1993 474 2065 quam
506 1976 694 2047 venturum
726 1977 943 2066 speraverat)
971 1974 1014 2047 de
1041 1973 1265 2065 capitaneatu
1297 1971 1519 2047 cracoviensi
1550 1971 1621 2046 fait
1645 1971 1864 2060 destitutus,
1894 1975 1929 2043 et

369 2096 442 2168 tam
460 2092 552 2186 ipse,
578 2114 683 2186 quam
701 2093 812 2184 filius,
842 2095 903 2187 qui
921 2094 1154 2170 sacerdotium
1176 2098 1406 2183 vexaverant,
1436 2093 1553 2188 plagis
1571 2093 1733 2186 pluribus
1750 2092 1927 2186 percussi.

369 2214 505 2288 Lentus
533 2215 690 2307 quidem,
719 2215 780 2288 sed
807 2215 1026 2290 pertissimus
1048 2217 1279 2290 humanarum
1298 2213 1638 2307 praevaricationum
1661 2214 1798 2287 vindex
1816 2215 1926 2302 Deus,

369 2356 495 2430 magno
522 2335 721 2411 deterrendi
748 2340 903 2412 caeteros
931 2339 1109 2431 exemplo,
1138 2337 1176 2410 iu
1202 2340 1309 2429 caput
1334 2335 1596 2410 decernentium
1619 2339 1654 2409 et
1672 2333 1927 2427 exequentium

368 2456 435 2530 Dei
453 2454 695 2530 ministrorum
718 2456 960 2547 exiliationcs,
990 2457 1286 2551 expulsionosque
1312 2456 1522 2545 immeritas,
1551 2455 1719 2550 regessit,
1739 2459 1784 2528 ut
1801 2455 1927 2528 iustis·

369 2576 458 2650 simo
485 2577 670 2671 expiarent
705 2579 896 2671 supplicio,
935 2580 1027 2672 quod
1058 2601 1120 2672 per
1151 2579 1292 2672 iniquas
1324 2575 1590 2652 adinventiones
1623 2582 1685 2650 out
1712 2577 1926 2662 intulerant,

369 2701 432 2772 aot
463 2697 586 2772 inferri
619 2699 871 2774 mandaverant
903 2699 1095 2776 sacerdotio
1128 2701 1171 2773 ab
1203 2699 1298 2774 omui
1329 2699 1408 2773 labe
1426 2699 1453 2788 ¹)
1486 2717 1597 2772 vacuo
1634 2701 1669 2772 et
1703 2697 1836 2771 alieno.
1874 2697 1928 2769 hd

368 2839 424 2894 res
452 2818 577 2894 deinde
603 2820 852 2912 Pruthenicas,
881 2821 925 2896 ad
952 2843 1041 2915 quas
1067 2821 1321 2914 promovendas
1349 2818 1492 2895 Gabriel
1510 2819 1553 2894 de
1572 2819 1714 2912 Bepsen
1741 2817 1927 2910 palatinus

368 2939 581 3029 dulmensis,
608 2939 643 3015 N
645 2940 779 3015 icolaus
805 2941 990 3032 Pilawahi,
1020 2942 1195 3016 Iohannes
1222 2942 1265 3015 de
1292 2941 1432 3034 Bapsen
1462 2939 1559 3014 filius
1590 2938 1862 3034 gubernatoris,
1891 2945 1928 3012 et

367 3060 553 3135 civitatum
580 3059 736 3151 Theron,
766 3061 909 3138 Gdansk
937 3067 972 3137 et
999 3062 1131 3156 Elbing
1156 3061 1275 3136 nuntii
1302 3061 1531 3150 advenerant,
1560 3059 1673 3134 emnia
1693 3081 1780 3134 cura
1807 3080 1925 3134 versa.

367 3181 436 3256 Pro
463 3181 592 3274 quibus
620 3182 707 3256 bene
733 3181 895 3276 gerendis
923 3182 1113 3274 sancitum,
1142 3185 1183 3256 ut
1206 3181 1409 3256 Kanimirus
1427 3179 1594 3255 Polouiae
1612 3181 1692 3255 Rex
1710 3201 1793 3254 cum
1812 3181 1924 3255 eccle-

368 3300 522 3376 siasticis
550 3305 586 3376 et
612 3301 852 3378 saecularibus
875 3303 1105 3394 consiliariis,
1133 3307 1169 3378 et
1187 3323 1266 3377 cum
1283 3303 1420 3396 aliquot
1442 3301 1600 3386 millibus
1628 3301 1792 3396 gentium
1817 3321 1924 3395 eque·

369 3421 495 3499 atrium
523 3426 558 3496 et
584 3421 800 3515 pedestrium
827 3422 1008 3500 Pruseiam
1034 3423 1155 3513 vadat,
1184 3425 1220 3496 et
1245 3423 1284 3496 in
1306 3421 1530 3516 Marionburg
1547 3421 1806 3496 habitationem
1825 3443 1925 3496 suam

367 3545 498 3633 firmet,
527 3543 689 3617 hostibus
716 3543 982 3636 impressionem
1009 3547 1044 3622 et
1069 3544 1219 3633 bellurn,
1249 3541 1402 3617 subditis
1429 3563 1511 3616 vero
1534 3547 1571 3617 et
1587 3542 1830 3617 auxiliaribus
1848 3543 1923 3616 ani·

367 3685 463 3736 mum
490 3667 526 3736 et
552 3663 749 3739 relevamen
775 3663 1024 3757 praestiturus.
1054 3664 1153 3758 Quod
1179 3669 1220 3738 ut
1246 3663 1387 3738 facilius
1414 3665 1579 3756 perficere
1605 3663 1736 3756 possit,
1766 3664 1924 3737 fertones

367 3805 412 3858 ex
438 3783 533 3878 agris
569 3789 604 3859 et
631 3783 857 3876 molendinis,
891 3790 934 3870 et¹
953 3785 1133 3860 nobilibus
1168 3784 1373 3858 hmethonee
1409 3805 1479 3858 nou
1514 3783 1743 3873 habentibus,
1783 3784 1924 3858 exactm

366 3924 449 3978 vere
476 3903 623 3978 duorum
649 3925 868 3998 grossorum,
898 3911 933 3980 et
960 3905 1080 3981 Orissa
1094 3904 1126 3995 ²)
1153 3906 1198 3979 ad
1223 3927 1333 3978 unum
1360 3927 1490 3978 annum
1517 3905 1701 3993 duratura,
1730 3903 1821 3977 item
1838 3905 1921 3978 sub

366 4025 497 4099 sidium
523 4024 794 4100 contributionis
821 4026 1096 4116 ecclesiasticae,
1129 4025 1198 4102 sihi
1224 4027 1364 4101 decreta
1391 4032 1486 4099 sunt.
1520 4025 1596 4118 Qua
1621 4023 1852 4099 conclusione
1879 4024 1922 4098 ah

366 4145 528 4220 omnihus
554 4145 747 4238 approbata
773 4151 809 4220 et
836 4152 993 4241 accepta,
1022 4145 1207 4221 conventio
1226 4146 1532 4240 Ppotrkeviensis,
1561 4146 1796 4239 quaediebus
1815 4145 1920 4239 quin·

365 4267 479 4342 decim
505 4266 663 4356 duravit,
692 4266 810 4340 soluta
836 4272 905 4357 est,
935 4273 971 4342 et
997 4267 1200 4342 Karimirus
1228 4267 1323 4358 Rex,
1356 4272 1397 4341 ut
1424 4267 1566 4341 facilius
1594 4270 1629 4340 et
1655 4265 1786 4340 melius
1813 4267 1920 4340 rebus

366 4385 594 4462 Pruthenieie
621 4384 837 4480 provideret,
870 4409 994 4464 versus
1030 4387 1231 4464 Lanoiciam
1258 4393 1294 4464 et
1320 4389 1512 4481 Brcescape
1543 4407 1587 4462 ex
1617 4386 1808 4479 Pyotrlrov
1836 4408 1916 4480 pro

365 4507 487 4597 cessit,
516 4511 552 4582 et
578 4507 672 4600 apud
698 4507 898 4584 Laodiciam
925 4509 1062 4584 Pascha
1087 4508 1230 4583 Domini
1256 4529 1335 4584 eum
1362 4507 1534 4584 contorali
1562 4528 1625 4581 sna
1652 4507 1736 4600 egit.

473 4765 496 4849 Ι)
518 4767 636 4830 aaa·
658 4761 737 4833 eae.
758 4764 869 4832 aaa.
893 4764 920 4848 q
943 4765 1032 4829 ozae
1054 4760 1131 4831 coa.
1154 4763 1265 4830 aaa
1288 4765 1422 4846 (ram).
