4082 6284
109 527 179 630 (Α.
201 530 245 602 D.
266 529 392 628 14112.)
622 555 734 606 niusa
761 557 1005 608 6666666666
1035 539 1149 628 (uuir).
1586 531 1657 605 341

103 738 240 810 tionem
277 738 406 830 Regni,
443 737 598 812 inaffecti
618 742 656 830 ¹),
686 745 721 814 66
749 742 869 816 eadem
896 745 1034 816 Ducum
1061 745 1238 817 116666166
1265 745 1444 836 prosapia,
1477 743 1659 838 Principa-

106 863 184 930 tum
205 859 428 931 Plocnensem
458 881 676 954 summopere
694 867 894 955 satagentes
914 865 1128 954 continuari,
1152 865 1303 957 primum
1322 865 1560 954 catherinam,
1589 867 1661 937 Du-

106 979 162 1051 cis
190 979 465 1052 llichalushonis
482 979 512 1070 2)
540 981 751 1056 Lithuaniao
779 984 955 1073 relictam,
989 985 1025 1056 in
1054 991 1206 1058 castrum
1239 987 1427 1059 Ploeneuse
1455 987 1660 1059 admittunt.

107 1099 181 1172 Sed
209 1121 286 1173 cum
314 1100 495 1174 muliebris
524 1103 676 1176 conditio
705 1125 940 1178 successorem
969 1106 1118 1196 (sterilis
1147 1107 1239 1178 enim
1268 1109 1396 1196 luerat)
1425 1129 1493 1179 non
1517 1107 1660 1179 relictu-

105 1243 151 1293 ra
166 1219 208 1309 3),
238 1221 351 1293 maius
384 1222 459 1294 illis
491 1223 676 1296 dissidium
710 1247 812 1315 quam
845 1227 1039 1318 protectum
1071 1228 1223 1299 allatura
1250 1227 1443 1300 uideretur:
1479 1248 1519 1300 ea
1546 1233 1663 1300 amota

108 1347 149 1414 66
177 1342 356 1433 aliquibus
384 1343 661 1446 haereditatibus
689 1346 847 1436 prouisa,
876 1348 972 1420 Dure
996 1347 1260 1420 Warsuovionso
1284 1348 1455 1436 Conrado,
1485 1347 1546 1440 qui
1565 1348 1659 1420 inter

108 1463 239 1536 fratres
267 1462 377 1534 maior
403 1469 489 1536 natu
517 1469 607 1553 crat,
637 1467 821 1554 accersito,
851 1473 1003 1539 castrum
1032 1469 1088 1540 illi
1107 1469 1295 1541 Plocnense
1315 1474 1349 1541 et
1369 1474 1496 1540 terram
1515 1469 1659 1554 dedunt,

108 1583 435 1676 subiectionemque
464 1585 608 1658 faciunt.
638 1586 847 1660 Seiunxorat
867 1609 904 1661 se
924 1589 966 1660 ab
985 1590 1050 1660 hae
1069 1589 1245 1660 deditione
1265 1595 1300 1662 ot
1320 1588 1536 1662 subiectione
1555 1591 1662 1661 Rana

108 1711 149 1776 66
176 1703 339 1778 Gestiniu
367 1711 496 1793 castre,
526 1727 614 1797 quae
642 1729 662 1778 a
690 1707 867 1781 Grothone
899 1709 1046 1781 Guesnih
1078 1709 1119 1782 de
1147 1709 1249 1781 Nova
1276 1709 1427 1782 Ciuitate
1456 1731 1561 1800 supra
1588 1709 1662 1781 Pil·

108 1845 225 1913 cnam,
254 1832 334 1916 post
361 1827 495 1898 Ducum
523 1827 765 1900 Plocuensium
795 1829 928 1902 obitum
956 1851 1133 1922 possessa,
1163 1831 1230 1902 etsi
1254 1830 1402 1922 quadam
1421 1830 1661 1916 neutralitate,

109 1945 222 2017 donec
249 1946 490 2018 Praelatorum
518 1953 553 2020 66
579 1948 763 2034 baronum,
793 1955 864 2022 tam
892 1950 1005 2043 Regni
1032 1950 1215 2039 Poloniae,
1246 1973 1349 2043 quam
1373 1952 1529 2023 Dueatus
1548 1947 1662 2021 Maso·

109 2067 208 2150 vine,
238 2067 566 2158 66666166161666,
596 2070 675 2160 6616
703 2071 832 2142 1666166
859 2071 1083 2162 Principatus
1112 2071 1312 2145 Ploczsusis
1332 2092 1510 2144 successor
1529 2069 1663 2144 censeri

110 2187 270 2274 deberet,
299 2188 555 2277 decerneretur,
577 2195 795 2279 tenerentur;
823 2191 860 2262 in
884 2195 1017 2282 partem
1038 2197 1152 2264 tamen
1171 2192 1301 2284 regiam
1322 2192 1505 2264 constabat
1524 2189 1564 2262 ea
1583 2211 1660 2280 pro·

106 2305 258 2382 61161666
284 2329 370 2380 6666.
400 2308 1017 2401 666666666611661666(1661666166,
1052 2312 1374 2400 Μ161661661666164)
1413 2311 1553 2400 relicta,
1582 2331 1660 2383 cuum

111 2429 296 2500 nonnullis
315 2430 556 2504 Plocaensium
576 2432 780 2518 baronibus,
805 2433 1038 2526 gentibusque
1058 2455 1100 2505 66
1121 2434 1270 2505 Plocnho
1293 2433 1434 2505 Rauam
1463 2431 1664 2524 adveniens,

111 2555 232 2622 castra
258 2549 335 2639 ipsa
363 2571 530 2641 occupare
550 2552 585 2623 61
606 2558 667 2624 666
686 2553 861 2626 161161666
880 2553 1080 2625 6616666616
1099 2554 1319 2626 moliebatur.
1350 2553 1417 2625 Sed
1436 2554 1519 2624 dum
1539 2574 1559 2623 6
1578 2551 1664 2625 (166-

112 2671 223 2742 thouc
250 2669 396 2743 Gnesnik
424 2677 458 2744 et
485 2671 660 2745 militibus
691 2694 769 2746 oum
797 2675 859 2745 illo
888 2674 1154 2761 sentientibus„
1176 2673 1306 2746 deditio
1339 2678 1531 2765 spontanea
1558 2693 1662 2764 nega·

112 2795 229 2880 retur,
258 2790 313 2862 616
342 2813 478 2882 666666
504 2794 661 2884 repulsa,
696 2799 730 2866 et
758 2795 893 2886 aliquot
922 2793 1321 2866 6616661116116616666
1353 2793 1461 2866 occisi
1489 2795 1601 2865 166666
1616 2791 1664 2881 ⁵):

111 2911 276 2984 ulteriori
303 2916 496 2984 castrorum
513 2913 769 3005 praedictorum
788 2915 1047 3008 expugnatione
1066 2914 1195 2987 omissa
1215 2913 1394 3006 (quoniam
1414 2919 1449 2986 66
1466 2913 1555 3006 regii
1574 2934 1663 2984 uun·

113 3032 177 3121 tii,
207 3031 268 3123 qui
295 3032 518 3106 advenientes
547 3034 816 3123 denuntiabant,
845 3037 1037 3108 6666166
1064 3035 1171 3108 armis
1199 3035 1349 3107 Dueissa
1375 3033 1584 3120 abstineret,
1604 3053 1665 3123 pa-

114 3174 237 3226 vororn
264 3153 320 3226 illi
342 3174 411 3224 nou
430 3153 636 3226 mediocrem
664 3155 913 3246 incusserant),
947 3157 984 3228 16
1011 3157 1197 3228 Plocnham
1229 3155 1346 3228 rediit.
1380 3153 1583 3227 Kanimirus
1611 3151 1664 3224 in-

115 3273 269 3362 6661666)
299 3275 509 3345 Polonornm
537 3276 631 3364 Rex,
661 3277 703 3347 61
731 3278 955 3350 Ρ1666666666
988 3279 1160 3349 Ducatum
1188 3276 1467 3367 consequendum
1494 3274 1666 3365 aspirans,

116 3395 156 3468 in
185 3394 320 3466 Louien
348 3415 425 3466 cnm
453 3395 629 3468 Praelatis
658 3401 693 3468 66
721 3397 908 3469 baronibus
936 3396 1050 3489 Regni
1076 3417 1138 3488 pro
1167 3396 1335 3470 vicesima
1361 3395 1474 3488 prima
1497 3395 1553 3467 die
1571 3415 1665 3466 men-

117 3516 171 3588 sis
199 3514 318 3586 Martii
345 3515 502 3604 aduenit,
531 3538 592 3607 per
619 3517 762 3589 nuntios
782 3539 918 3609 quoque
938 3524 1008 3588 tam
1032 3516 1304 3604 ecclesiasticos,
1334 3537 1438 3608 quam
1458 3516 1666 3596 saeculares,

117 3637 313 3710 Iohannem
341 3635 689 3724 wladislaviensem,
718 3639 894 3710 Andream
921 3637 1209 3725 Posuauiensem,
1230 3637 1427 3728 episcopos,
1448 3637 1578 3708 Lucam
1597 3635 1664 3707 Po·

119 3755 358 3843 suauiensem,
387 3757 530 3830 Petrum
558 3758 837 3848 Lanciciensem,
858 3758 1049 3850 paletiuoS,
1073 3759 1265 3830 Iohannem
1289 3756 1515 3829 Tharnowslri
1542 3755 1668 3828 castel-

119 3879 241 3949 lanum
271 3876 558 3964 Sandecneusom,
589 3879 626 3949 16
653 3880 840 3952 Ploenkam
859 3879 1069 3966 1666166666,
1094 3878 1187 3969 apud
1205 3879 1412 3950 Plocnenses
1433 3877 1521 3970 egit,
1541 3883 1581 3947 ut
1600 3875 1669 3947 sibi

121 4004 237 4070 castro
265 3997 462 4080 Plocnensi,
491 3999 642 4090 61116666
670 4000 925 4072 munitionibus
945 3999 1099 4072 eiusdem
1119 3998 1224 4070 sortis
1243 3998 1407 4086 redditis,
1429 3998 1514 4070 fides
1534 4006 1568 4069 66
1587 3997 1668 4068 sub·

121 4118 226 4190 iectio
254 4139 315 4207 per
341 4119 549 4191 Ploencnscs
576 4125 828 4210 praestaretur,
859 4141 936 4192 cunr
965 4140 1064 4191 nemo
1092 4119 1155 4190 illo
1184 4117 1342 4209 superior
1368 4131 1487 4210 posset
1506 4117 1596 4203 iure,
1626 4116 1668 4187 li-

121 4238 209 4311 teris
238 4238 342 4310 otiam
359 4238 389 4324 7)
427 4243 461 4312 66
488 4240 685 4333 privilegiis
713 4241 942 4329 illustrando,
971 4239 1120 4327 censeri;
1150 4238 1181 4310 si
1195 4239 1226 4328 8)
1254 4238 1393 4330 661116
1413 4239 1596 4310 advorsum
1617 4236 1668 4308 ni·

48 4421 51 4426 .
123 4359 495 4447 666666Ρ166666666,
523 4382 646 4451 parum
673 4362 780 4452 probe
808 4383 870 4433 suo
898 4361 1021 4432 honori
1054 4361 1287 4432 consulturos
1321 4358 1560 4450 Purgantibus
1588 4358 1669 4428 Plo-

123 4479 308 4552 cuensibus
337 4501 439 4550 suum
468 4480 619 4569 facinus,
649 4487 683 4553 66
709 4481 800 4553 611611
828 4503 865 4553 66
892 4487 953 4553 666
980 4481 1180 4573 indignum,
1210 4483 1270 4551 ant
1297 4479 1529 4551 inofficiosum
1558 4478 1671 4569 egisse

124 4600 382 4686 astruentibus,
416 4600 532 4672 diaeta
563 4601 655 4692 apud
687 4601 913 4674 Lanciciense
946 4602 1128 4692 oppidum,
1167 4601 1210 4672 ad
1243 4599 1432 4673 sedandum
1469 4597 1671 4669 huiusmodi

124 4719 329 4806 dissidium,
362 4742 423 4811 pro
458 4722 607 4793 secunda
640 4721 866 4810 1161161111),
894 4744 956 4813 per
982 4726 1115 4812 partem
1149 4726 1333 4812 utramque
1365 4725 1507 4810 accepta
1534 4723 1599 4791 ast.
1628 4719 1672 4789 ln

126 4863 231 4933 quam
251 4861 344 4928 eum,
373 4839 984 4948 1166166166116666666666611166116
1012 4842 1087 4914 suis
1113 4847 1295 4933 praesente
1316 4841 1372 4930 10),
1402 4839 1574 4926 Barbara,
1604 4838 1671 4910 Bo-

235 5151 258 5230 ¹)
281 5171 339 5212 non
362 5154 459 5214 affecti
483 5149 545 5213 Ed.
569 5150 659 5235 Lips.
684 5151 888 5228 1)11161666116
912 5148 975 5212 Ed.
999 5148 1092 5232 Lipe.
1117 5147 1143 5228 1)
1168 5151 1344 5210 derelictura
1367 5146 1431 5208 Ed.
1456 5146 1547 5229 Lips.
1571 5144 1597 5223 4)
1621 5147 1674 5206 111-

125 5257 239 5318 6666116
261 5253 324 5317 Ed.
349 5253 439 5338 Lips.
464 5253 699 5338 5)666666Ε(1.
724 5252 813 5337 Lips.
845 5252 871 5333 6)
894 5260 991 5315 antem
1014 5251 1077 5314 Ea.
1101 5251 1192 5335 Lips.
1225 5249 1330 5329 7)1666
1352 5253 1449 5328 ipsum
1471 5252 1559 5312 etiam
1581 5251 1675 5310 literis

126 5357 191 5420 Ed.
217 5356 311 5440 Lupe.
336 5357 363 5438 ⁸)
386 5360 445 5420 Sed
467 5357 530 5421 Ed.
555 5358 645 5441 Lips.
670 5358 696 5438 ⁹)
718 5359 829 5420 mensis
851 5359 921 5418 111611
944 5355 1007 5419 Ed.
1033 5355 1123 5440 Lips.
1152 5353 1190 5435 ¹⁰)
1215 5355 1375 5416 Oasimirns
1390 5355 1531 5416 Polonlae
1545 5354 1623 5432 Rex,
1646 5358 1676 5412 et

127 5463 297 5530 consiliarii
320 5464 379 5542 sni,
401 5469 557 5543 praesente
579 5460 642 5524 Ed.
666 5460 755 5545 Lips.
