4040 6290
105 578 174 680 (Α.
193 577 238 654 D.
260 579 385 678 1474.)
620 571 732 655 nunus
759 603 1003 656 nuonncrmus
1031 586 1145 676 (x111).
1582 581 1652 656 611

105 811 182 879 sos,
210 788 253 862 ad
283 793 422 861 centum
449 787 564 861 millia
590 765 784 861 marcarum
811 787 1031 877 aestimatos,
1061 794 1219 863 exuerat.
1248 791 1329 863 Ibat
1356 789 1475 882 itaque
1493 789 1650 864 Kanimi·

104 931 168 984 rus
196 911 288 1000 Rex,
323 909 463 1003 singula
489 930 552 1002 por
580 909 765 982 circuitum
798 910 879 1003 igno
906 913 942 983 et
967 909 1085 1004 gladio
1117 931 1336 984 consumens.
1370 911 1416 982 Et
1443 911 1535 984 Odra
1562 912 1654 1003 apud

104 1030 372 1123 (lhraplrouione
391 1031 418 1120 ¹)
447 1031 535 1103 vade
564 1037 726 1122 superato
755 1035 893 1120 (tenuas
921 1030 1014 1104 onim
1043 1035 1127 1104 tuno
1153 1032 1304 1106 habebat
1326 1031 1466 1121 undas),
1496 1052 1574 1104 oum
1593 1033 1653 1104 ho·

105 1157 162 1224 ste
188 1151 322 1224 Mathia
349 1151 551 1244 Hungariao
573 1152 685 1244 Rege,
715 1150 873 1242 quicum
894 1172 957 1224 sex
976 1151 1136 1226 millibus
1155 1155 1367 1224 armatorum
1388 1151 1654 1226 wratislaviam

103 1271 301 1364 ingressus,
330 1271 496 1344 Poloniae
523 1271 631 1365 Regis
647 1269 678 1361 2)
705 1269 782 1344 illic
810 1271 1056 1363 opperiebatur
1074 1272 1279 1362 adrentum,
1308 1273 1491 1347 decernere
1517 1277 1655 1347 aestua·

103 1392 178 1465 bat.
206 1393 273 1466 Sed
300 1392 412 1485 magis
439 1392 476 1465 id
503 1392 578 1466 fieri
605 1392 782 1484 placebat,
812 1413 933 1484 quam,
963 1393 1133 1485 quomodo
1152 1393 1267 1482 fieret,
1295 1393 1397 1465 hoste
1416 1414 1485 1465 non
1506 1393 1655 1467 iaciente

103 1513 240 1606 copiam
267 1532 421 1605 pugnas,
451 1517 486 1585 et
513 1534 592 1586 oum
620 1513 694 1586 suis
723 1535 760 1587 se
788 1513 881 1586 iutra
908 1535 1025 1587 muros
1050 1514 1266 1604 continente,
1296 1513 1514 1606 expediebat.
1543 1515 1654 1588 Veno-

102 1639 188 1706 runt
214 1633 354 1707 interim
383 1633 426 1706 ad
452 1634 672 1706 Kauimirum
704 1635 835 1727 Regem
851 1632 881 1721 3)
914 1635 1031 1708 nuntii
1067 1633 1221 1708 Mathiae
1252 1634 1455 1728 Hungariao
1488 1640 1523 1708 ot
1555 1636 1653 1709 Wla·

103 1754 211 1827 dislai
235 1755 424 1827 Bohemiae
447 1756 600 1848 Regum,
635 1755 800 1830 videlieet
823 1756 986 1848 Zdenyeh
1012 1755 1272 1848 Konopnieuhi‚
1307 1755 1522 1828 Wilhelmus
1550 1756 1653 1846 Rebi,

102 1875 333 1949 Wenceslaus
352 1875 620 1966 Ouarnohorslri,
639 1881 816 1969 petentes,
833 1880 873 1948 ut
887 1877 1021 1950 bellum
1040 1879 1200 1968 coeptum
1219 1875 1387 1950 triennali
1405 1875 1608 1950 sufferentia
1622 1877 1653 1968 4)

104 1996 343 2089 suspenderet.
372 1995 440 2068 His
468 2017 673 2087 responsum
701 2000 772 2070 est:
802 1997 899 2089 Rege
928 1995 1116 2069 Bohemiae
1131 1995 1162 2086 5)
1191 1995 1414 2086 adveniente,
1443 1999 1479 2069 et
1501 2018 1571 2068 non
1589 1997 1654 2070 ali·

104 2121 159 2190 ter
184 2117 226 2190 de
252 2137 336 2210 pace
365 2121 399 2190 et
426 2118 469 2190 dc
495 2121 619 2210 treuga
633 2117 665 2207 6)
697 2117 755 2210 agi
786 2137 900 2209 posse.
935 2116 1091 2210 Spiritus
1124 2115 1248 2190 deinde
1279 2116 1474 2191 discordiae
1505 2115 1655 2191 intrarit

101 2241 219 2310 castra
245 2237 414 2310 Poloniao
441 2237 549 2331 Regis
581 2243 616 2310 et
643 2237 924 2311 consiliariorum
952 2237 1038 2312 cius.
1068 2238 1233 2311 Prooercs
1261 2237 1354 2311 onim
1378 2241 1551 2311 terrorum
1578 2239 1650 2312 Ma·

102 2359 189 2432 ioris
207 2358 375 2432 Poloniae
394 2358 506 2432 satius
526 2358 792 2447 existimabant,
813 2357 1101 2432 Wratislariensi
1119 2357 1258 2431 ciuitati
1276 2379 1345 2430 non
1360 2359 1651 2451 appropinquare,

102 2500 148 2552 ne
166 2479 260 2553 hosti
278 2480 322 2552 ad
340 2479 574 2553 invadendum
592 2483 704 2554 terras
732 2479 861 2573 Regni,
891 2479 1026 2554 Slesiae
1054 2479 1206 2569 uicinas,
1234 2479 1396 2552 nudando
1425 2478 1524 2568 illas,
1552 2501 1651 2572 prae·

101 2599 244 2673 beretur
272 2599 422 2672 occasio:
451 2599 487 2672 id
515 2599 596 2672 aliis
615 2604 787 2673 terrarum
807 2599 1088 2674 Oraooviensium
1112 2599 1403 2694 improbantibus.
1432 2601 1476 2673 In
1495 2621 1564 2693 qua
1581 2600 1653 2674 iur-

101 2719 244 2812 gatioue
271 2719 406 2811 aliquot
433 2720 556 2794 diebus
583 2721 816 2813 nequicquam
843 2720 1056 2813 absumptis,
1085 2722 1129 2793 ud
1156 2720 1323 2813 oppidum
1351 2719 1483 2814 Opolye
1505 2743 1650 2813 perren-

101 2847 179 2913 tum
211 2845 275 2914 est.
313 2840 412 2934 Quod
444 2841 512 2914 etsi
545 2841 648 2914 facile
680 2841 875 2934 expugnari
906 2841 1039 2934 potuit:
1077 2840 1280 2913 Kanimirus
1313 2846 1430 2914 tamen
1446 2841 1477 2931 7)
1511 2862 1653 2915 suorum

101 2962 258 3034 militum
285 2961 419 3034 veritus
447 2961 651 3052 discrimen,
680 2962 717 3035 in
746 2966 908 3036 euentum
936 2961 1149 3036 uniuersalis
1178 2961 1414 3035 dimicationis
1433 2962 1590 3056 integros
1609 2963 1652 3036 il-

100 3084 158 3156 los
185 3086 405 3172 servaturus,
434 3083 608 3156 insultum
636 3087 757 3157 contra
789 3082 920 3176 Opolye
947 3082 1023 3158 heri
1050 3081 1242 3176 prohibuit.
1272 3081 1411 3156 Abinde
1438 3103 1520 3157 uero
1548 3084 1654 3157 motis

102 3203 263 3294 stativis,
301 3204 344 3275 ad
376 3203 503 3296 oppida
534 3205 699 3298 Bregam,
736 3204 905 3293 Olawom,
944 3203 1184 3297 inexpugnata
1219 3223 1260 3277 ea
1290 3202 1510 3298 relinquens,
1543 3203 1652 3278 uenit.

102 3323 176 3398 Ubi
195 3325 238 3397 ad
257 3344 356 3397 suam
384 3324 615 3398 Serenitatom
639 3325 851 3398 Marchiouis
884 3323 1092 3398 Misenensis
1124 3323 1285 3414 Amasti,
1320 3324 1454 3398 bellum
1481 3323 1652 3418 intercep-

101 3446 175 3518 turi
212 3449 382 3535 oratores,
416 3445 583 3519 videlieet
615 3445 824 3519 Missncnsis
856 3445 1090 3520 Theodericus
1122 3441 1167 3518 dd
1197 3444 1429 3538 Storimberg‚
1464 3443 1651 3538 Hugoldus

99 3567 145 3640 do
169 3567 317 3639 Sluuicn
345 3566 504 3659 superior
530 3567 724 3640 Marsalcus
751 3565 941 3640 Misnensis
956 3565 1000 3656 ⁸),
1029 3567 1211 3657 explorato
1239 3566 1400 3658 perprius
1429 3565 1521 3658 apud
1546 3565 1646 3640 Wra-

99 3687 281 3760 tislauiam
300 3688 454 3761 Mothiac
473 3687 675 3780 Hungariao
693 3687 801 3781 Regis
821 3687 953 3776 auimo,
982 3687 1167 3775 accedunt,
1193 3685 1360 3778 pacisque
1378 3689 1568 3760 tractatum
1587 3687 1652 3760 sub

101 3813 305 3901 treugarum
319 3807 351 3897 9)
379 3811 462 3899 typo
483 3812 517 3881 et
535 3809 658 3881 umbra
678 3808 878 3897 ordiuntur,
907 3806 1087 3880 Konimiro
1115 3806 1282 3880 Poloniue
1301 3807 1397 3900 Rege
1415 3827 1436 3879 a
1454 3806 1550 3899 pacis
1570 3787 1653 3879 conl

101 3929 195 4002 siliis
226 3950 295 4002 non
327 3929 546 4002 abhorrente.
578 3929 727 4002 Interim
759 3929 912 4001 Mathias
945 3927 1148 4021 Hungariao
1180 3926 1275 4018 Rex,
1312 3931 1499 4020 postquam
1531 3932 1650 4019 aperto

100 4051 213 4123 Marte
241 4049 284 4122 oh
311 4049 524 4142 paucitatem
552 4071 695 4122 suorum
721 4049 906 4141 nequibat,
935 4049 1026 4121 dolis
1053 4069 1201 4137 usurus,
1231 4069 1367 4146 omnem
1395 4047 1591 4140 equitatum
1615 4052 1651 4122 et

99 4171 315 4264 peditatum,
344 4170 386 4244 de
413 4175 490 4243 octo
518 4169 694 4259 millibus,
723 4171 813 4243 clam
832 4173 933 4242 nocte
952 4168 989 4241 in
1009 4169 1214 4261 crepusculo
1234 4168 1276 4241 de
1295 4165 1527 4242 Wratislaria
1546 4167 1646 4240 emit-

98 4291 162 4365 tit:
192 4291 298 4384 Regis
317 4291 362 4381 10)
390 4290 548 4364 Poloniei
578 4291 770 4364 exercitum
794 4290 859 4363 sub
884 4289 1074 4363 securitate
1092 4293 1295 4381 treugarum
1315 4289 1359 4378 ιι)
1387 4287 1649 4377 consistentem,

99 4413 274 4502 alatore,
302 4415 343 4483 ut
371 4411 402 4483 si
428 4416 572 4503 possent
599 4411 636 4484 in
664 4409 817 4483 transitu
849 4410 1004 4483 fluminis
1036 4409 1180 4500 Missae,
1215 4413 1276 4481 aut
1304 4409 1336 4480 si
1363 4409 1400 4481 id
1426 4407 1543 4481 minus
1570 4429 1649 4500 pro-

99 4533 252 4621 cederet,
282 4532 506 4624 pabulatores
535 4533 609 4606 cius
637 4532 854 4606 inuasurum.
882 4532 920 4604 Is
949 4535 1023 4604 tota
1049 4535 1150 4605 nocte
1177 4529 1242 4602 illa
1260 4529 1465 4622 procedens,
1494 4529 1531 4601 in
1564 4529 1650 4601 soh's

99 4659 196 4743 ortu,
226 4651 282 4727 die
305 4653 468 4727 Mercurii
496 4653 699 4727 duodecima
727 4651 903 4742 Octobris,
932 4653 1158 4744 pabulatores
1186 4650 1362 4724 exereitus
1381 4649 1558 4739 Poloniei,
1587 4649 1649 4741 qui

208 4895 232 4976 ¹)
255 4895 475 4974 (ihraplowicue
496 4887 560 4957 Ed.
584 4891 675 4976 Lips.
699 4893 878 4973 (Krappitu).
903 4887 929 4976 ²)
945 4892 1036 4970 Regis
1052 4891 1189 4952 (iasimiri
1204 4887 1268 4952 Ea.
1285 4887 1374 4971 Lapa.
1395 4885 1421 4968 8)
1437 4889 1578 4950 Poloniae
1592 4888 1648 4950 Ra·

96 5021 167 5082 gem
189 4998 254 5064 Ed.
278 4999 368 5083 Lipo.
393 4997 418 5078 ⁴)
434 4999 629 5062 triennalibus
644 4998 771 5060 induciis
786 4994 850 5058 Ed.
865 4993 956 5080 laps.
980 4993 1006 5075 6)
1021 4995 1104 5073 Rege
1118 4994 1279 5056 Bohemiae
1293 4992 1461 5053 Wladislco
1478 4987 1541 5052 Ed.
1557 4989 1648 5073 Lipe.

99 5106 128 5188 ⁰)
144 5109 183 5170 do
204 5107 330 5168 induciis
352 5101 416 5168 Ed.
433 5101 525 5187 Lupa.
543 5101 569 5184 τ)
585 5103 746 5165 casimirus
760 5106 859 5163 umen
874 5102 939 5162 Rex
953 5095 1016 5186 Ed.
1033 5096 1125 5181 Lips.
1147 5093 1175 5182 8)
1191 5097 1331 5159 videlicet
1344 5095 1523 5175 Vilhelmus,
1539 5095 1648 5158 Comes

97 5217 129 5276 ot
150 5211 295 5273 Dominus
316 5210 348 5270 in
369 5209 568 5287 Horumbcrg‚
590 5207 746 5268 Hndoldus
762 5205 799 5267 do
815 5205 950 5284 Gliwicz,
973 5203 1108 5281 superior
1129 5200 1331 5262 Marschalous
1346 5199 1536 5278 Misenensis,
1551 5198 1648 5258 Theo·

98 5317 217 5378 doricus
240 5314 277 5374 de
300 5313 495 5391 Stournberg,
518 5311 662 5389 Magister
684 5309 804 5388 (iuriae,
827 5313 858 5370 ot
879 5309 1005 5369 Ioannes
1028 5305 1134 5368 Suwclx
1156 5305 1357 5367 GanoeMarius
1382 5302 1557 5364 Missncnsis
1584 5297 1648 5363 Ed.

96 5417 190 5502 Lips.
214 5417 378 5496 (Diotricus
396 5417 433 5477 do
448 5415 638 5491 Schocnberg
653 5419 682 5474 et
697 5413 851 5490 Hugoldus
867 5411 905 5472 de
919 5410 1063 5490 Sleinitu).
1079 5408 1106 5490 ⁹)
1121 5409 1304 5472 induciarum
1325 5403 1389 5469 Eo.
1413 5402 1503 5491 Lips.
1531 5402 1571 5486 ¹⁰)
1594 5403 1648 5467 (ia-

98 5522 193 5584 simiri
214 5519 305 5597 Regis
327 5517 390 5582 Ed.
414 5516 503 5603 Lips.
532 5516 572 5599 ¹¹)
596 5517 779 5579 induciarum
802 5511 864 5577 Ed.
888 5511 979 5600 Lips.
