4152 6270
98 561 155 664 (Α.
169 561 367 662 litim.)
596 589 715 646 unaue
737 585 985 642 uuouseruua
1014 567 1127 659 (xm).
1554 561 1633 646 ’1111

97 777 217 873 gnitate
245 781 280 850 61
309 775 571 850 conservatione
597 775 761 850 resistere
789 775 974 869 sanguine,
999 775 1108 850 tactis
1136 779 1171 848 et
1196 773 1323 863 armis3
1350 791 1634 868 personantem

95 901 136 974 61
161 898 388 972 violationem
415 897 562 988 iunium,
591 897 794 972 libertatum
821 903 856 972 et
883 902 1054 972 metarum
1074 899 1101 988 ¹)
1129 897 1384 988 intendentem,
1414 898 1554 972 etiamsi
1582 918 1635 972 re-

96 1020 161 1118 gali
178 1021 416 1114 praefulgeret
435 1019 623 1114 dignitate,
653 1020 746 1092 omni
773 1019 937 1113 prosequi
957 1021 1205 1116 castigatione,
1227 1020 1343 1094 studio
1363 1025 1555 1095 61666616.
1586 1019 1636 1092 Ut

97 1141 178 1237 Regi
197 1141 471 1236 adiungerentur
489 1146 639 1236 quatuor
657 1141 866 1230 consiliarii,
896 1141 971 1217 sinc
991 1164 1137 1234 quorum
1165 1164 1336 1216 66666666
1363 1142 1454 1216 nihil
1478 1142 1510 1217 61
1533 1161 1636 1236 agere

96 1266 129 1340 in
152 1264 257 1338 rebus
284 1264 452 1358 grauibus
479 1263 617 1354 liceret,
646 1263 829 1357 omniaque
854 1263 952 1358 regia
979 1265 1131 1355 decreta,
1165 1263 1215 1338 eis
1244 1263 1547 1353 dissentientibus,
1581 1283 1635 1338 66-

95 1389 167 1460 6661
194 1385 306 1458 irrita.
335 1385 386 1459 Ut
413 1406 531 1459 omnes
558 1384 730 1458 Lithuani
756 1386 997 1479 relegarentur
1023 1385 1060 1459 iu
1088 1386 1331 1475 Lithuauiam,
1361 1407 1508 1478 quorum
1532 1383 1633 1459 iasci-

94 1507 229 1580 natione
257 1511 292 1580 61
314 1505 501 1598 166116616,
525 1511 740 1600 compertum
759 1511 849 1597 crat,
878 1508 1009 1601 Regem
1025 1505 1056 1598 2)
1084 1507 1239 1582 animum
1266 1508 1308 1580 16
1336 1529 1405 1580 non
1430 1508 1632 1581 confirman-

94 1629 143 1702 dis
165 1627 312 1702 'iuribus
344 1628 474 1722 Regni,
509 1627 718 1701 obstinassc.
752 1628 866 1702 Utin
894 1628 1106 1702 stationibus
1138 1629 1246 1723 regiis
1280 1632 1383 1702 uetus
1416 1628 1635 1702 moderamen

93 1754 305 1839 seruaretur,
335 1749 441 1822 simul
469 1753 503 1823 et
530 1749 567 1822 in
594 1750 793 1840 Poduodis,
827 1752 929 1824 nouis
952 1751 1223 1845 ,gravaminibus
1252 1755 1287 1826 61
1314 1750 1396 1825 61116
1424 1749 1545 1824 1166116
1573 1750 1633 1823 ab·

91 1872 232 1966 rogatis.
265 1873 342 1946 Hae
374 1870 615 1945 conclusiones
631 1868 663 1963 3)
696 1892 774 1945 cum
807 1872 897 1966 Regi
911 1873 942 1964 ⁴)
969 1895 1032 1966 por
1063 1895 1230 1968 organum
1263 1872 1457 1947 Gardiualis
1491 1870 1635 1966 Sbiguci

92 1993 244 2088 episcopi
271 1993 508 2067 Crotoniensis
535 1993 703 2067 recitatas
731 1999 864 2084 666661,
886 2001 1074 2089 rogaretur
1101 2017 1254 2089 quoquc,
1284 1999 1324 2069 ut
1347 1997 1485 2070 Ducatu
1508 1994 1634 2088 Magno
1711 2061 1715 2066 ,

90 2115 300 2190 1111666166
332 2116 441 2190 611666
474 2115 579 2204 Duci,
614 2114 682 2189 sibi
715 2121 751 2190 et
783 2117 903 2210 Regno
931 2118 1102 2192 benevolo
1136 2123 1171 2191 61
1202 2117 1314 2204 fideli,
1340 2116 1386 2190 'iu
1413 2120 1571 2191 tenutam
1600 2118 1636 2190 61

90 2237 326 2313 commendam
358 2237 455 2326 dato,
488 2237 564 2330 ipse
596 2237 842 2331 gubernationi
875 2238 988 2332 Regni
1020 2239 1186 2314 Polcuiae
1219 2238 1398 2332 operosius
1426 2237 1633 2326 intenderet,

90 2383 166 2436 cum
187 2359 261 2432 'sub
290 2358 365 2433 eius
392 2357 576 2466 regimine,
603 2359 719 2432 diuiso
745 2364 779 2432 et
797 2359 982 2449 diotrepto,
1016 2359 1201 2454 utriusque
1228 2360 1383 2434 Dominii
1410 2381 1466 2433 666
1493 2357 1636 2452 publica

87 2481 278 2576 plurimum
311 2479 510 2554 vacillaret:
545 2481 698 2555 dolorem
732 2481 984 2574 tristitiamque
1016 2481 1125 2556 animi
1156 2487 1228 2558 tam
1255 2486 1357 2576 gestu
1386 2503 1489 2575 quam
1517 2478 1634 2554 uerbis

88 2604 199 2698 coepit
228 2603 427 2693 ostendere,
455 2607 491 2676 61
518 2603 682 2676 maiorem
709 2603 988 2678 benevolentiam
1015 2603 1181 2696 petitioni
1209 2603 1323 2678 iustae
1349 2607 1540 2696 praestare.
1570 2602 1633 2676 al-

87 2732 159 2801 tera
187 2746 326 2818 quoque
353 2724 425 2809 dic,
454 2746 521 2817 quo
549 2745 605 2799 666
634 2725 799 2798 secretior
825 2727 939 2814 lieret,
960 2725 1187 2800 ‘Primoribue
1220 2724 1415 2814 advocatis,
1445 2729 1480 2798 61
1507 2724 1634 2799 16616-

86 2849 153 2923 cim
180 2869 227 2922 cx
256 2847 512 2921 communitate
544 2846 741 2935 6666661116,
780 2846 817 2920 16
845 2847 1141 2922 confirmationem
1173 2847 1303 2922 iurium
1331 2846 1582 2936 consentiens,
1598 2846 1635 2922 in

85 2969 249 3044 manibus
277 2968 422 3063 Sbignei
449 2968 643 3042 0661166116
670 2967 904 3044 iuramentum
936 2991 1015 3044 aum
1041 2971 1145 3062 pleno
1173 2970 1280 3044 titulo
1307 2968 1488 3062 praestitit
1515 2988 1634 3061 corpo·

84 3093 156 3166 rale
189 3092 257 3166 sub
284 3092 349 3164 hac
376 3091 559 3164 uerborum
588 3091 712 3164 forma:
741 3091 815 3183 ligo
843 3090 1045 3166 Karimirus
1073 3092 1151 3166 Rex
1175 3091 1357 3178 Pelopiae,
1386 3092 1534 3186 Magnus
1552 3091 1634 3168 Dux

84 3213 300 3288 Lithuaniae
328 3213 511 3286 ethaeros
539 3213 706 3302 Russiae,
739 3213 832 3303 iuro,
867 3214 1019 3305 spondeo
1047 3217 1083 3288 61
1109 3213 1293 3307 promitto,
1327 3213 1636 3288 611666666616

84 3336 146 3409 liei
174 3334 387 3428 Evangelia,
418 3335 509 3426 quod
537 3335 653 3408 omnia
680 3334 772 3424 iura,
802 3335 1000 3425 libertates,
1029 3335 1232 3430 priuilegia,
1265 3335 1404 3424 litorea,
1433 3334 1633 3408 immunita

85 3461 137 3530 tes
165 3456 286 3550 Regni
306 3456 381 3529 mei
409 3455 576 3530 Poloniae
604 3457 861 3530 ecclesiasticas
885 3463 920 3530 61
939 3458 1151 3547 6666616666,
1170 3457 1339 3532 ecclesiis
1367 3461 1402 3530 et
1428 3458 1549 3551 Regno
1568 3457 1634 3530 Po·

83 3578 217 3668 louiae,
248 3577 439 3667 Praelatis,
468 3577 709 3671 Principibus,
729 3578 935 3669 baronibus,
960 3579 1155 3668 nobilibus,
1185 3578 1339 3669 ciuibus,
1359 3578 1485 3652 incolis
1504 3582 1538 3653 et
1557 3576 1634 3670 qui-

81 3700 292 3793 buscunque
317 3699 492 3793 personis,
521 3699 761 3794 cuiuscunque
789 3705 904 3774 616166
932 3705 993 3774 661
1021 3699 1231 3774 conditionis
1252 3700 1424 3790 existant,
1452 3721 1514 3794 per
1533 3699 1633 3772 diuos

79 3821 285 3914 Principes,
318 3822 451 3926 Reges,
482 3821 596 3895 Duces
624 3825 660 3895 61
687 3842 912 3915 6666666666
940 3821 1107 3894 Dominus
1135 3826 1170 3896 61
1196 3822 1361 3896 16666166
1390 3821 1504 3916 Regni
1531 3823 1632 3896 Polo·

79 3943 176 4032 niae,
213 3947 252 4016 et
284 3943 463 4036 signanter
494 3963 556 4035 per
583 3943 822 4017 ¹lilladislaum
853 3943 1048 4037 genitorem
1080 3949 1114 4016 et
1147 3943 1381 4017 Wladislaum
1418 3965 1632 4038 germanum,

79 4086 191 4153 meos,
224 4065 340 4157 Reges
364 4063 531 4136 Pcloniae
550 4084 748 4153 concessas,
777 4063 923 4158 largitas
952 4068 986 4138 et
1005 4065 1168 4154 1666166,
1197 4066 1446 4156 manutensb0,
1475 4066 1632 4156 6666616,

78 4186 281 4259 custodiam
310 4185 548 4259 6161166166
575 4185 612 4258 in
641 4185 801 4260 omnibus
829 4185 1087 4260 conditionibus
1120 4190 1225 4280 atque
1252 4187 1410 4280 punctis3
1445 4192 1483 4266 ,61
1516 4187 1633 4260 omnia

77 4308 210 4382 illicite
242 4307 285 4380 ab
313 4307 430 4380 codem
458 4307 579 4400 Regno
605 4307 775 4397 alienata,
805 4313 866 4382 aut
894 4308 1079 4396 distracta,
1108 4330 1171 4402 pro
1198 4331 1302 4402 posse
1319 4331 1395 4385 mco
1414 4311 1459 4384 61
1477 4309 1631 4402 proprie·

76 4433 189 4504 tatem
226 4427 383 4502 eiusdem
416 4428 530 4521 Regni
563 4429 630 4502 mei
661 4430 839 4519 reducam,
870 4429 1037 4504 terminos
1069 4431 1184 4524 Regni
1216 4431 1284 4504 mei
1315 4453 1384 4506 non
1411 4431 1629 4520 imminuam,

77 4552 140 4624 661
173 4572 244 4644 pro
276 4570 377 4642 posse
413 4570 490 4623 meo
526 4549 707 4625 defendam
735 4558 769 4624 61
797 4551 963 4625 11161616.
1002 4551 1062 4625 Sic
1093 4573 1147 4626 me
1184 4554 1277 4626 Deus
1315 4553 1456 4627 adiuret
1488 4556 1523 4626 et
1549 4554 1634 4628 hacc

76 4679 204 4748 sancta
234 4670 430 4764 Evangelia
445 4670 489 4761 5).
517 4671 651 4745 Exacto
678 4672 880 4746 huiusmodi
907 4673 1121 4764 iuramento,
1155 4674 1391 4748 substiterunt
1417 4673 1573 4752 Praelati
1588 4679 1635 4748 -et

75 4797 232 4871 barones
262 4793 393 4867 maiora
420 4793 512 4867 velle
530 4815 551 4866 a
568 4795 664 4888 Rege
692 4794 845 4889 exigere,
875 4795 1136 4886 existimantes,
1167 4795 1321 4870 animum
1345 4795 1537 4884 infirmum,
1566 4794 1634 4868 6161

75 4938 145 4989 666
174 4914 334 5004 6611666,
369 4913 488 4988 saltim
521 4920 675 5009 tempore
702 4917 836 5006 sanari,
870 4921 1021 5007 attento,
1057 4917 1149 5010 quod
1176 4917 1415 5007 intellexerat,
1444 4917 1547 4990 fidem
1573 4915 1633 4990 Li·

76 5040 299 5112 thuanorum
327 5057 513 5130 argaeum
541 5037 702 5127 labilem,
730 5038 932 5130 fluxamque
960 5060 1052 5112 esse:
1082 5039 1119 5111 in
1138 5060 1284 5131 quorum
1303 5040 1456 5112 fauorem
1474 5042 1545 5112 tam
1565 5038 1633 5110 lor·

75 5164 146 5233 tem
176 5180 216 5232 se
249 5157 292 5230 de
319 5178 388 5230 non
415 5159 658 5232 confirmandis
677 5159 813 5232 iuribus
840 5159 1028 5234 exhibebat
1047 5160 1254 5253 agonistam.
1284 5159 1441 5234 Ducibus
1469 5160 1633 5232 Bolesluo

185 5437 210 5518 1)
234 5440 382 5498 anemium
403 5437 497 5514 Regni
519 5432 582 5500 Ed.
606 5433 697 5521 Lc'pa
722 5436 748 5517 ⁹)
772 5438 946 5502 Oasimirum
968 5439 1080 5516 Regem
1101 5435 1166 5500 Ed.
1190 5435 1280 5521 Lips.
1306 5435 1331 5516 3)
1354 5437 1537 5503 conditiones
1556 5432 1632 5506 cod.

74 5538 185 5604 Przcz.
213 5537 243 5616 4)
270 5539 413 5602 Oasimiro
434 5541 509 5618 Regi
532 5537 594 5603 Ed.
618 5537 711 5624 Lips.
735 5539 760 5621 ³)
783 5546 886 5605 666616
907 5542 966 5604 Dei
987 5543 1163 5620 Evangelia.
1184 5536 1265 5606 'coa
1288 5539 1398 5606 Proca.
