4046 6278
386 519 461 602 438
892 531 1006 602 amna
1033 539 1278 598 auennenrus
1305 523 1419 616 (xm).
1654 509 1791 624 (U).
1809 521 1934 624 lm.)

386 726 542 826 prietrde,
562 729 753 818 retinendi,
773 729 882 802 salvo
910 728 1018 822 Regis
1046 735 1082 802 et
1109 729 1223 822 Regni
1250 730 1417 822 obsequio
1444 735 1480 804 et
1508 721 1621 804 leudo.
1659 731 1769 804 Tulit·
1788 735 1827 804 et
1854 732 1936 808 hana

385 847 597 942 legationem
624 849 826 922 Kanimirus
854 850 932 923 Rex
961 871 1040 923 eum
1067 849 1141 922 suis
1169 849 1331 922 omuibus
1359 849 1447 924 satie
1466 849 1626 943 indigne,
1654 852 1792 928 vairam
1812 871 1889 926 eam
1905 859 1937 926 et

385 967 550 1042 eallidam
582 973 638 1061 (ut
672 973 775 1060 erat),
813 970 1006 1044 Heariaum
1035 971 1255 1062 Stalpensem
1288 972 1435 1062 Duaem,
1469 972 1512 1044 de
1538 971 1704 1046 universa
1729 973 1936 1046 Pomeranir

346 1094 348 1098 ’
386 1089 586 1184 oeaupanda
612 1095 647 1164 et
675 1090 712 1164 in
739 1112 838 1164 suum
871 1093 1138 1185 proprietatem,
1171 1089 1396 1184 permittente
1424 1111 1476 1182 se,
1510 1093 1742 1181 vendiaanda,
1780 1113 1881 1185 spem
1906 1103 1937 1167 et

387 1209 613 1286 ambitionem
640 1213 877 1304 eomplexum,
906 1217 1021 1298 ratus,
1050 1211 1187 1285 nuntiis
1214 1211 1306 1286 nihil
1324 1213 1411 1287 aerti
1429 1213 1668 1306 respondendo
1695 1213 1875 1306 iniungit:
1902 1221 1937 1286 ut

387 1332 519 1406 Duaem
546 1332 739 1406 Henrieum
766 1333 809 1405 ad
837 1353 875 1406 se
902 1339 982 1425 poet
1009 1333 1084 1406 dies
1113 1333 1311 1426 quindeaim
1330 1334 1367 1406 in
1386 1333 1605 1428 Bidgastiam
1628 1334 1869 1426 personaliter
1886 1354 1938 1407 ve·

387 1451 462 1526 nire
481 1452 658 1542 ordinent,
687 1452 730 1526 de
749 1453 916 1548 singulis,
937 1474 1027 1545 quae
1045 1455 1304 1545 postulaverat,
1325 1453 1436 1527 amieo
1454 1473 1550 1528 more
1567 1474 1645 1528 aum
1665 1453 1764 1548 Rege
1782 1459 1937 1528 mansue

386 1576 517 1646 turum.
546 1573 694 1648 Interim
721 1578 838 1648 tamen
865 1595 1084 1666 summepere
1106 1579 1244 1664 caveat,
1273 1596 1316 1648 ue
1334 1575 1496 1649 hostibus
1517 1579 1676 1668 paetum,
1704 1575 1743 1647 ia
1762 1574 1938 1648 reddenda

387 1692 547 1784 eaptivos
575 1699 610 1768 et
637 1715 777 1781 aurum,
815 1699 944 1768 servet:
980 1695 1202 1788 dispendium
1235 1696 1353 1788 potius
1386 1716 1456 1770 nou
1492 1695 1740 1770 restituturum
1775 1691 1939 1768 munitio

387 1835 472 1888 num
498 1815 670 1909 lamberg
697 1819 733 1888 et
760 1815 898 1896 Bithevv
925 1817 1067 1906 toleret,
1097 1817 1263 1890 hostilem
1286 1817 1441 1890 animum
1460 1815 1497 1890 iu
1515 1815 1646 1910 Regem
1666 1809 1938 1902 monsmaturus',

388 1933 420 2007 ei
439 1955 538 2009 seaue
559 1936 679 2030 egerit.
708 1936 902 2010 Verebatur
929 1935 1102 2028 siquidem
1129 1937 1332 2011 Karimirus
1360 1937 1438 2011 Rex
1457 1936 1484 2027 ¹)
1512 1941 1548 2010 et
1575 1935 1773 2010 consiliarii
1798 1937 1875 2023 sni,
1902 1957 1942 2009 ne

389 2075 474 2129 auro
501 2077 523 2128 a
550 2057 645 2130 Duae
682 2056 862 2149 Stolpenei
894 2057 945 2130 eis
977 2057 1166 2147 reddenda,
1201 2078 1309 2130 novus
1336 2079 1381 2131 ex
1408 2057 1599 2134 Almannia
1625 2057 1764 2150 aopiae,
1796 2057 1940 2130 solutio

392 2196 472 2250 nem
500 2177 702 2250 huiusmodi
729 2177 799 2250 iam
827 2177 957 2250 dudum
985 2177 1022 2250 in
1049 2178 1137 2251 loeis
1165 2179 1270 2252 aertis
1294 2178 1529 2270 opperientes,
1557 2177 1679 2252 hostes
1701 2183 1943 2270 compararent

389 2299 425 2368 et
452 2297 495 2368 ln'
515 2297 699 2370 Prussianu
724 2297 952 2385 adducerent,
986 2317 1208 2391 progressum
1239 2319 1355 2372 rerum
1382 2298 1557 2392 regiarum
1584 2298 1705 2372 teti're
1731 2298 1942 2391 provenien-

387 2414 479 2488 tium
504 2416 678 2490 aversuri:
708 2421 743 2490 et
769 2422 953 2510 prepterea
980 2425 1051 2491 tam
1071 2419 1194 2493 striata
1212 2417 1463 2512 prohibitione,
1493 2440 1538 2495 ne
1564 2420 1791 2494 solverentur
1818 2439 1940 2492 aurun

388 2540 424 2610 et
450 2535 598 2629 eaptivi,
628 2537 771 2612 nunties
798 2538 907 2612 Duais
936 2543 971 2611 et
998 2539 1129 2613 Duaem
1157 2539 1378 2632 Stelpensem
1406 2539 1575 2614 oneravit.

389 2891 537 2966 mam
559 2893 705 2966 srallv
727 2911 784 2983 por
805 2861 974 2966 nanum
998 2894 1193 2966 expertura
1215 2893 1380 2966 alaman
1402 2893 1528 2966 noma
1550 2893 1645 2964 mou
1668 2892 1860 2982 sarpanas
1874 2892 1943 2964 aa

540 3013 761 3103 interaipttar,
784 3017 820 3087 et
843 3014 1029 3103 erptivetnr
1052 3013 1205 3103 tauram
1228 3013 1447 3086 henbrovrkl
1469 3014 1663 3104 ospitium
1684 3010 1787 3084 illine.

493 3261 616 3336 Altero
644 3261 789 3354 posthae
805 3261 835 3352 2)
863 3261 920 3336 die
947 3263 1082 3349 Lunae,
1117 3260 1282 3335 videlieet
1309 3259 1477 3334 vieesima
1508 3257 1661 3334 seeunda
1686 3258 1777 3331 Iulii
1797 3257 1842 3349 ³),
1873 3261 1939 3332 lla-

390 3379 535 3456 uimirue
561 3382 639 3456 Rex
654 3381 686 3471 4)
714 3404 757 3456 ex
777 3381 1094 3472 Iunivvladielavia,
1123 3381 1372 3455 annitentibus
1392 3401 1470 3455 eum
1489 3379 1626 3454 nuntiis
1645 3379 1755 3453 Duais
1776 3379 1938 3472 Stolpen-

390 3500 457 3588 sis,
486 3521 665 3594 egressus,
693 3503 731 3576 in
759 3502 977 3595 Bidgostiam
1005 3503 1091 3592 (iam
1119 3501 1211 3576 enim
1229 3503 1324 3574 haud
1342 3501 1612 3576 aentemnendae
1631 3500 1753 3592 aepiae
1773 3500 1820 3572 ad
1840 3499 1938 3573 illum

390 3621 659 3712 aanveuiebaut)
688 3623 856 3696 viaesima
882 3622 988 3696 tertia
1014 3622 1102 3695 Iulii
1117 3621 1148 3712 5)
1175 3623 1352 3714 pervenit,
1385 3622 1447 3696 ubi
1474 3622 1531 3696 illi
1558 3621 1663 3695 velox
1691 3619 1855 3712 quidem,
1885 3621 1939 3695 sed

389 3761 512 3834 parum
540 3744 654 3816 laetus
681 3742 829 3816 nuntius
856 3743 987 3816 allatus
1006 3751 1074 3816 est:
1104 3747 1258 3816 austrum
1277 3763 1380 3815 suum
1399 3741 1537 3835 insigne
1556 3741 1727 3828 Sleahavv,
1748 3741 1817 3814 sub
1837 3741 1938 3814 Geor·

389 3862 447 3956 gio
466 3863 705 3938 Dambrowski
724 3855 799 3938 eius
819 3864 1017 3957 aapitaneo,
1041 3885 1103 3956 per
1121 3863 1311 3937 Martinam
1330 3862 1535 3936 Srierevvien
1554 3867 1589 3935 et
1606 3881 1795 3953 germanae
1815 3881 1899 3933 sues
1911 3861 1939 3948 l)

390 3983 582 4058 Iohannem
601 3989 636 4057 et
654 3984 813 4073 Petrum,
843 3984 885 4058 de
913 3985 1095 4076 Stolpensi
1122 3985 1277 4073 Durata,
1306 3984 1538 4075 interaeptum
1566 4001 1654 4054 esse.
1683 3980 1876 4053 Praefatae
1894 3981 1936 4054 si·

391 4102 531 4194 quidem
567 4104 741 4178 Martinus
769 4105 974 4180 Saiauoviun
1001 4106 1039 4178 in
1066 4105 1166 4177 dome
1194 4125 1257 4177 sua
1284 4105 1326 4178 ab
1354 4103 1431 4196 ipso
1459 4101 1608 4195 Georgia
1636 4101 1883 4174 Dambrovvski
1908 4108 1938 4173 et

391 4222 465 4297 suis
492 4224 535 4296 de
563 4225 722 4300 Sloahov
749 4231 873 4317 eaptus
900 4229 936 4298 et
963 4225 1000 4298 in
1027 4225 1181 4299 vinaulis
1209 4229 1345 4314 tentus,
1373 4243 1453 4297 eum
1479 4221 1572 4295 inter
1599 4241 1682 4294 suos
1710 4221 1840 4313 opibus
1865 4241 1936 4294 aen·

391 4347 526 4418 seretur
557 4346 744 4433 exaellere,
778 4345 822 4419 ad
855 4367 1025 4419 summam
1056 4345 1263 4434 notabilem,
1295 4366 1359 4437 pro
1392 4342 1599 4417 liberatione
1631 4363 1697 4416 sua
1724 4342 1934 4416 solvendam.

391 4465 603 4540 arctabatur.
632 4465 740 4538 ouius
776 4465 987 4540 solutionem
1024 4467 1203 4554 elueurue,
1237 4466 1350 4538 multa
1377 4485 1414 4538 se
1442 4463 1607 4538 comitate
1634 4469 1669 4537 et
1696 4463 1936 4537 benevolentia

392 4584 541 4678 Georgia
569 4586 808 4660 Dambrovvski
840 4587 1095 4660 insinuaverat:
1125 4608 1146 4659 a
1173 4607 1241 4678 quo
1274 4585 1527 4679 indulgentius,
1563 4603 1666 4676 quam
1700 4603 1777 4656 sors
1810 4583 1935 4676 eaptiri

392 4705 513 4793 ferret,
541 4704 684 4779 habitus
700 4706 730 4796 7)
759 4711 795 4780 et
813 4707 1031 4799 frequentius
1049 4707 1087 4780 in
1106 4707 1261 4796 domum,
1289 4709 1593 4798 representatume
1613 4724 1651 4777 se
1669 4704 1868 4790 viaeversa,
1887 4723 1933 4776 re·

392 4825 538 4915 missus,
567 4827 664 4900 Duae
690 4826 843 4900 Henriao
875 4827 1054 4921 Stolpensi
1082 4828 1140 4901 vel
1166 4827 1375 4920 instigante,
1410 4826 1467 4898 vel
1493 4823 1736 4918 permittente,
1770 4823 1933 4897 inaertnn

391 4949 461 5034 est,
491 4967 659 5039 oaaupare
686 4951 839 5020 austrum
868 4949 1040 5038 Sleahovv,
1069 4947 1192 5022 videns
1219 4947 1311 5021 illud
1337 4967 1461 5040 perum
1479 4944 1671 5039 vigilanter
1689 4943 1876 5033 custodiri,
1901 4943 1933 5016 in

498 5237 522 5318 ¹)
544 5240 684 5303 Pelopiae
706 5239 770 5303 Rex
792 5236 855 5303 Ed.
880 5237 970 5337 Dipo.
994 5239 1019 5317 ²)
1041 5184 1147 5317 postea
1168 5234 1230 5300 Ed.
1258 5233 1346 5320 lae'pr.
1370 5235 1396 5316 8)
1418 5183 1530 5299 blensle
1552 5237 1621 5298 Iulii
1642 5232 1705 5298 Ed.
1730 5231 1822 5318 Lipe.
1838 5232 1866 5314 ⁴)
1880 5233 1933 5294 Pa·

388 5344 486 5407 lunias
507 5341 572 5404 Rex
594 5340 656 5406 hd.
681 5340 770 5427 Lupe.
795 5343 822 5420 ο)
845 5345 990 5422 vigesima
1010 5345 1099 5404 tertia
1120 5341 1169 5404 die
1189 5342 1301 5406 mensis
1322 5341 1390 5402 Iulii
1412 5337 1475 5404 Ed
1503 5337 1593 5423 Lipe.
1618 5335 1645 5418 ο)
1670 5339 1734 5400 eius
1756 5334 1820 5399 Ed
1842 5333 1927 5419 Lipe.

395 5443 421 5527 ⁷)
444 5445 564 5510 habitere
586 5452 632 5511 eet
654 5441 718 5512 Ed.
742 5444 835 5534 [lips.
1701 5483 1704 5488 -
