4152 6270
156 532 222 634 (Α.
244 534 288 608 D.
309 533 424 633 1451.)
672 559 785 612 mame
811 560 1056 613 nuonnonrus
1084 545 1197 633 (ιιιιι).
1661 545 1709 616 83

156 741 377 815 cracoviensi
403 743 562 835 neglecto
591 744 753 835 episeopo
774 745 811 832 ¹),
841 744 971 836 uliquis
1000 767 1044 818 ιιι
1071 746 1146 818 illis
1174 746 1211 818 in
1240 747 1450 840 dignitatem
1477 748 1591 840 ipsam
1611 771 1708 823 evec-

155 867 213 934 tus
243 862 379 936 fuisset.
409 863 476 936 His
504 863 722 936 sermonibus
750 864 952 938 Kanimirus
980 867 1058 938 Rex
1074 865 1104 956 2)
1134 871 1169 938 ιι
1194 887 1312 940 omnes
1332 868 1488 940 Praeleti
1508 874 1542 942 et
1561 870 1708 944 barones

156 983 217 1075 qui
244 983 404 1072 ederant,
435 983 611 1072 calefacti,
640 984 731 1056 nihil
758 985 910 1075 primum
929 987 1102 1078 agendum
1122 987 1159 1058 in
1178 987 1255 1078 ipsa
1274 987 1504 1062 conventione
1522 990 1591 1061 reti
1611 995 1706 1076 sunt,

154 1103 224 1176 nisi
250 1107 291 1175 ut
319 1105 432 1177 omnis
459 1103 672 1196 ambiguitas
700 1109 735 1177 et
753 1105 1000 1197 tergiversatio
1028 1107 1070 1179 de
1095 1107 1322 1180 Cardinalatu
1346 1109 1542 1181 tolleretur.
1572 1111 1707 1183 Primo-

153 1223 251 1298 ribus
279 1223 390 1317 igitur
416 1224 591 1298 Praelatis
620 1229 654 1297 et
680 1224 871 1298 baronibus
899 1227 1101 1299 Kanimirus
1129 1229 1206 1301 Rex
1230 1228 1350 1318 lectis,
1380 1229 1626 1302 universorum
1646 1253 1705 1323 ep-

153 1345 358 1435 probetioue
387 1351 422 1416 et
450 1346 596 1418 consilio
616 1345 786 1418 decrevit:
815 1351 855 1418 ιιι
875 1347 1049 1438 Sbigneus
1068 1349 1307 1420 cracoviensis
1328 1349 1512 1442 episcopus
1532 1352 1574 1422 ab
1595 1351 1705 1422 omni-

152 1465 218 1536 bus
247 1470 407 1538 teneatur
433 1471 468 1538 et
486 1470 673 1540 veneretur
690 1469 731 1537 ut
750 1466 958 1539 Cardinalis.
989 1468 1027 1541 Si
1047 1474 1164 1540 eutem
1184 1469 1402 1541 Wladislaus
1422 1469 1705 1562 archiepiscopus

153 1584 369 1658 Gnesnensis
398 1587 593 1674 existimat,
622 1588 917 1678 praeeminentiae
946 1611 1029 1661 suae
1057 1589 1333 1680 metropoliticae
1360 1611 1421 1680 per
1448 1590 1702 1681 promotionem

153 1705 298 1798 Sbignei
314 1704 345 1796 3)
372 1706 410 1779 in
437 1707 654 1780 cardinalem
687 1709 724 1779 in
752 1707 870 1799 aliquo
905 1708 1079 1801 derogari,
1114 1709 1198 1782 licet
1230 1710 1331 1782 nulla
1363 1709 1541 1801 derogatio
1570 1711 1704 1783 censeri

151 1826 281 1917 possit,
310 1827 348 1898 in
371 1828 525 1920 hospitio
546 1849 583 1900 se
603 1829 799 1918 contineat,
829 1831 912 1901 dum
932 1830 1105 1922 Sbigneus
1125 1830 1320 1902 Cardinalis
1340 1830 1376 1901 in
1396 1830 1542 1902 consilio
1560 1831 1657 1922 regio
1673 1831 1705 1920 4)

152 1951 241 2036 stat,
270 1953 304 2020 et
331 1948 409 2020 illic
436 1949 560 2021 stando
589 1950 630 2021 de
658 1950 762 2024 rebus
789 1950 942 2042 publicis
971 1953 1142 2023 consulat.
1173 1951 1211 2024 Si
1238 1972 1320 2023 vero
1346 1951 1460 2022 locum
1480 1951 1633 2024 voluerit
1652 1955 1702 2024 te-

150 2088 232 2141 nere
262 2067 478 2157 inferiorem,
508 2070 735 2161 quandolibet
763 2070 949 2143 consilium
975 2071 1110 2163 regium
1134 2071 1289 2144 accedet:
1325 2071 1508 2144 Oerdinule
1527 2078 1644 2144 tamen
1665 2093 1701 2144 se

150 2186 350 2261 inferiorem
382 2210 451 2262 non
483 2189 632 2262 dubitet.
666 2190 852 2264 Adiectum
886 2191 1031 2283 insuper
1063 2197 1131 2264 est:
1165 2196 1206 2263 ut
1233 2192 1429 2264 decaetero
1449 2191 1703 2284 archiepiscopi

150 2314 187 2380 et
214 2309 369 2400 episcopi
396 2309 578 2398 Poloniae,
607 2310 678 2382 nisi
705 2311 800 2402 Rege
830 2313 989 2384 consulto
1019 2317 1053 2384 et
1081 2311 1309 2399 consiliariis,
1339 2332 1400 2402 pro
1428 2311 1601 2403 dignitate
1620 2312 1700 2384 Our-

147 2428 327 2502 dinalatus
354 2437 416 2502 aut
435 2431 557 2502 officio
585 2431 788 2523 legationis
808 2453 876 2503 non
896 2432 1041 2505 instent.
1071 2434 1167 2506 Haec
1195 2432 1402 2505 constitutio
1432 2432 1499 2503 etsi
1526 2431 1715 2520 neminem,

147 2549 297 2637 efficiet,
326 2555 387 2622 eut
405 2550 509 2643 liget,
539 2571 617 2623 eum
636 2551 833 2624 conditores
853 2551 953 2623 illius
973 2553 1108 2624 nullam
1126 2553 1324 2625 habuerunt
1343 2551 1530 2640 condendi,
1562 2556 1597 2624 et
1615 2553 1700 2640 Deo,

147 2670 364 2762 Summoque
392 2670 557 2743 Pontifici
591 2671 853 2762 praescribendi
878 2677 1106 2764 potestatem,
1135 2677 1175 2743 ut
1202 2693 1346 2764 prorsus
1370 2671 1559 2744 ridiculum
1583 2671 1701 2744 videa-

145 2797 209 2863 tur
235 2791 475 2864 huiuscemodi
503 2792 615 2884 legem
643 2793 900 2885 promulgasse,
930 2813 1018 2884 quae
1046 2793 1214 2864 virtutem
1242 2792 1470 2865 conscendere
1494 2791 1531 2864 in
1550 2792 1623 2864 alta
1641 2814 1700 2866 ve·

145 2915 216 2986 tet:
254 2911 291 2983 in
326 2911 444 3003 ipsius
482 2917 598 2986 tamen
636 2911 780 3004 Sbignei
816 2912 1011 2985 Curdinalis
1049 2911 1303 3004 amplissimam
1340 2913 1478 2985 leudem
1514 2912 1698 3001 redundet,

145 3031 252 3124 quusi
279 3032 342 3104 ille
369 3031 495 3105 unicus
523 3032 768 3104 derdinaletus
796 3037 831 3106 et
857 3033 1062 3126 Legationis
1090 3033 1244 3106 fascibus
1268 3031 1396 3125 dignus
1416 3032 1537 3120 luerit,
1568 3036 1701 3123 etpost

144 3153 251 3224 illum
279 3152 372 3224 alins
399 3174 552 3245 unquam
569 3153 599 3242 5)
628 3153 779 3241 extabit3
814 3175 932 3226 omnes
965 3159 1082 3226 tomen
1108 3155 1172 3226 hos
1201 3154 1301 3226 funes
1329 3158 1364 3226 et
1391 3153 1498 3225 nodos
1527 3153 1602 3224 sole
1628 3152 1698 3225 uir-

144 3279 208 3345 tus
226 3293 297 3345 uno
315 3273 403 3345 datu
422 3273 594 3346 dissolvet
613 3279 648 3345 et
666 3274 872 3366 disrumpet.
901 3274 972 3346 Vix
1000 3278 1155 3346 statuere
1182 3274 1275 3364 apud
1302 3273 1456 3346 animum
1485 3293 1599 3346 meum
1618 3294 1697 3364 pos-

144 3415 243 3482 sum,
263 3415 307 3465 un
325 3393 558 3485 perniciosior
581 3395 660 3485 ipsa
678 3394 864 3480 ordinatio,
895 3416 939 3466 an
966 3393 1209 3485 perniciosiori
1236 3397 1416 3486 gereretur
1437 3394 1615 3484 exemplo:
1645 3414 1698 3466 re-

143 3515 308 3586 dundans
328 3514 365 3586 in
383 3513 540 3587 universi
558 3515 674 3608 Regni
692 3514 859 3587 Poloniae
884 3516 1050 3603 dedecus,
1076 3520 1111 3588 et
1129 3514 1295 3586 iniuriam
1320 3513 1490 3601 omnium,
1525 3513 1586 3604 qni
1612 3513 1700 3586 bene

142 3634 272 3708 mereri
299 3640 479 3728 satagunt,
509 3639 582 3707 tem
600 3636 854 3726 praesentium,
884 3658 988 3727 quam
1009 3636 1216 3707 futurorum.
1245 3635 1336 3706 Item
1355 3635 1392 3705 in
1411 3634 1696 3707 eadem'eonven·

142 3756 243 3828 tione
270 3755 339 3827 fuit
370 3756 589 3828 conclusum:
620 3761 660 3826 ut
686 3757 835 3846 pecunia
863 3757 999 3829 minuta
1026 3757 1101 3829 sine
1129 3753 1403 3827 contradictione
1429 3753 1619 3843 recipiatur
1637 3775 1699 3845 per

140 3874 351 3960 universnm
378 3877 555 3968 Regnum,
585 3875 665 3947 aliis
694 3877 842 3949 monetis
863 3877 1058 3950 forensibus
1074 3876 1105 3965 6)
1133 3875 1289 3948 reiectis:
1319 3896 1430 3966 poena
1450 3874 1486 3945 in
1506 3878 1626 3946 contra
1646 3875 1694 3946 fa-

142 3997 278 4069 cientes
305 3996 404 4088 gravi
435 3996 608 4086 apposita.
641 3997 731 4068 Item
759 3997 945 4069 innovatae
973 3997 1115 4068 fuerunt
1143 3994 1411 4067 constitutiones
1440 3994 1541 4065 divae
1569 4015 1695 4066 menno·

139 4117 218 4188 riae
246 4115 421 4188 Kenimiri
449 4117 556 4208 Regis
585 4117 728 4190 secundi
756 4117 798 4189 de
827 4118 946 4189 ordine
979 4117 1193 4207 Zupperum‚
1224 4135 1262 4187 eo
1291 4115 1383 4204 quod
1410 4115 1556 4185 barones
1588 4113 1695 4186 meio-

138 4259 217 4324 res‚
248 4241 368 4308 eontra
394 4237 666 4328 prohibitionem
694 4237 986 4309 constitutionum
1014 4235 1230 4323 huiusmodi,
1260 4235 1392 4326 passim
1422 4235 1560 4324 Zuppes
1585 4233 1693 4326 intra-

137 4359 247 4446 bant,
276 4357 488 4448 Zupperium
517 4363 552 4430 ιι
571 4358 725 4430 officium
754 4357 829 4430 eine
847 4359 876 4446 7)
905 4356 1151 4448 perturbando.

251 4649 274 4726 1)
304 4651 443 4726 episeopo
473 4649 602 4725 Sbigneo
633 4645 695 4708 Ed.
720 4643 809 4729 Lipe.
842 4642 869 4727 2)
893 4647 1034 4707 ΡοΙοιιίιι
1064 4647 1127 4706 Rex
1157 4641 1218 4705 Ed.
1243 4643 1333 4726 Lipe.
1366 4641 1389 4722 ³)
1415 4643 1536 4720 Sbignei
1559 4645 1691 4720 episcopi

137 4755 351 4817 Oreeoviensis
372 4750 436 4814 ad.
461 4751 551 4834 Lipe.
577 4749 602 4829 ⁴)
625 4752 716 4827 Regis
739 4747 803 4810 md.
827 4747 920 4832 Lips.
939 4748 963 4828 5)
980 4767 1129 4826 nunquam
1144 4746 1207 4810 Ed.
1225 4744 1314 4829 Lipe.
1333 4745 1358 4824 6)
1376 4747 1505 4807 externis
1520 4743 1584 4806 Ed.
1599 4743 1691 4829 Lips.

137 4855 166 4936 ⁷)
192 4858 366 4933 Zupparum
388 4860 418 4916 et
439 4874 539 4916 earum
561 4855 688 4916 officium
710 4851 773 4915 Ed.
799 4850 891 4935 Lipe.
