4040 6290
101 556 174 660 (Α.
194 560 240 638 D.
261 560 388 660 1473.)
620 581 733 638 urens
759 581 1005 638 uuourrcmrus
1033 566 1147 655 (xrrr).
1582 559 1659 641 593

100 881 253 955 iohanne
274 882 481 954 dmoriarti
503 883 612 956 autito
634 884 742 955 morto
766 883 930 969 extincto,
956 883 1090 955 lacobus
1112 884 1152 954 olo
1176 884 1283 956 Seruo
1297 885 1332 956 iu
1348 886 1661 974 archiepiscopatum

101 1001 342 1088 tlnmucurour,
357 1001 515 1092 stigandus
530 1019 608 1074 voro
624 1003 664 1074 do
679 1002 932 1074 lllosclruicraiu
945 1003 1166 1091 episcopatum
1181 1003 1485 1077 wladislaviensem
1501 1006 1657 1078 succedit.

210 1248 275 1322 Die
307 1247 469 1337 Veneris,
503 1252 627 1322 octava
659 1248 820 1323 Octobris
839 1250 878 1338 1),
912 1249 1085 1322 Iohannes
1118 1249 1347 1322 (trasariuslri
1374 1251 1656 1343 archiepiscopus

101 1367 338 1456 Gnesneusis,
373 1367 549 1440 vocationi
580 1367 696 1461 regiae
712 1367 743 1456 ²)
779 1369 947 1460 parendo,
981 1367 1182 1440 Oracoviam
1214 1369 1295 1440 dum
1329 1369 1501 1458 venisset,
1534 1371 1657 1462 paucis

1 1497 2 1501 ’
99 1485 184 1560 illic
210 1487 415 1560 immoratus
444 1487 584 1576 diebus,
615 1487 776 1579 quamvis
804 1487 896 1560 diem
924 1489 1187 1579 praecedentem
1215 1493 1251 1560 et
1278 1509 1460 1580 vesperam
1486 1490 1654 1580 usquein

1 1605 3 1652 ἱ
99 1605 228 1679 horam
246 1607 449 1695 secundam,
478 1627 557 1678 cum
576 1607 784 1680 necessariis
812 1608 926 1680 laetus
946 1612 980 1679 et
999 1605 1172 1680 iucundus
1191 1607 1464 1698 absumpsisset,
1493 1613 1574 1699 post
1593 1610 1654 1680 ho-

2 1739 7 1777 1
99 1746 181 1798 ram
207 1725 347 1798 tertiam
374 1725 487 1798 noctis
520 1727 636 1799 subito
665 1727 832 1818 languore
859 1726 1020 1814 invasus,
1050 1727 1093 1798 ad
1122 1732 1317 1799 extremum
1345 1747 1426 1799 vero
1455 1727 1573 1800 valido
1602 1729 1655 1800 tu·

5 1895 11 1902 -
99 1865 184 1918 rore
202 1850 380 1936 correptus
399 1851 435 1918 et
452 1845 489 1918 iu
508 1845 696 1918 amentiam
724 1866 863 1933 versus,
895 1845 1128 1917 familiaribus
1156 1845 1313 1919 salubria
1336 1846 1468 1918 monita
1496 1850 1531 1921 et
1550 1868 1655 1920 evan-

1 1976 13 2027 ῑῑ
100 1964 239 2057 gelidas
266 1963 450 2052 lectiones,
485 1970 709 2057 caeterasque
741 1965 1030 2053 exorcisationes,
1066 1965 1167 2057 quasi
1195 1964 1458 2056 energuminum
1486 1966 1656 2056 curaturi,

100 2083 338 2176 nequicquam
365 2083 631 2173 adhibentibus,
661 2085 745 2157 adeo
772 2105 834 2175 per
861 2088 997 2158 noctem
1025 2084 1125 2157 illam
1143 2085 1361 2178 agitabatur,
1383 2106 1565 2178 quousque
1585 2086 1657 2178 spi·

1 2200 3 2203 ’
101 2204 217 2276 ritum
241 2202 279 2275 iu
297 2203 398 2276 domo
426 2204 563 2277 abbatis
591 2204 847 2278 Thiuicaisusis
862 2202 906 2294 ³),
935 2205 973 2276 in
1001 2226 1070 2296 qua
1093 2204 1356 2295 hospitabatur,
1385 2206 1606 2280 inconfessus
1626 2210 1661 2279 et

100 2323 352 2412 inviatieatus,
381 2327 417 2397 et
444 2325 557 2398 omnis
583 2324 732 2398 rationis
760 2345 901 2415 expers,
931 2325 1129 2398 exhalaret:
1159 2325 1400 2398 scandalcsam
1428 2330 1464 2398 et
1487 2325 1658 2398 lubricam

3 2472 18 2519 :-
101 2443 218 2517 vitam
235 2443 273 2516 in
291 2443 407 2517 tribus
433 2444 697 2536 pontificatibus
724 2444 871 2532 ducens,
900 2444 992 2518 inter
1020 2434 1166 2518 clericos
1185 2449 1220 2518 et
1238 2444 1400 2537 vulgum,
1427 2447 1462 2538 et
1481 2464 1539 2516 ecs
1558 2465 1657 2536 prae-

1 2613 6 2662 5
102 2563 247 2652 sertim,
282 2583 429 2656 quorum
461 2565 611 2638 antistes
639 2569 728 2652 erat,
758 2563 950 2656 plurimum
977 2563 1136 2652 infamis,
1165 2567 1288 2656 utpote
1312 2565 1373 2657 qui
1391 2567 1527 2638 nullius
1548 2586 1657 2656 quan·

14 2757 23 2767 ,
101 2687 321 2775 tumcunque
349 2684 501 2758 enormis
527 2684 660 2778 patrati
688 2683 847 2772 sceleris,
876 2705 939 2756 nac
965 2704 1137 2770 remorsu,
1166 2703 1230 2756 nec
1256 2684 1486 2772 couscientia,
1515 2705 1579 2758 noc
1597 2684 1658 2756 ad·

102 2802 312 2890 monitione,
342 2804 458 2876 omnia
486 2805 555 2877 sibi
582 2805 712 2878 ducens
738 2825 801 2896 pro
828 2803 931 2876 libito
947 2804 990 2892 4),
1019 2804 1244 2896 tangebatur,
1274 2804 1381 2876 talem
1409 2809 1555 2877 mortem
1585 2824 1656 2875 sor·

102 2923 213 3008 titas,
241 2924 380 3014 qualem
408 2924 518 2996 vitam
546 2925 724 2996 duxeratz-
742 2922 939 2996 iustissima
958 2923 994 2994 id
1013 2929 1221 2995 consecutus
1249 2924 1341 3014 lege,
1367 2927 1407 2994 ut
1427 2923 1488 3014 qui
1507 2923 1657 2996 vivendo

4 3067 24 3138 Ιζ
102 3041 381 3116 obliviscebatur
408 3044 490 3132 Dei,
519 3043 714 3130 moriendo,
742 3042 844 3114 iuxta
871 3042 966 3115 beati
993 3042 1186 3135 Augustini
1215 3042 1440 3131 sententiam,
1470 3043 1656 3119 oblivisce·

102 3165 206 3234 retur
224 3161 290 3234 sui.
321 3162 481 3236 Creditur
499 3163 644 3255 insuper
663 3166 716 3236 ast
735 3185 756 3234 a
774 3162 972 3250 nonnullis,
997 3167 1069 3234 tam
1088 3162 1241 3235 terribili
1260 3167 1369 3235 morte
1389 3163 1492 3234 illum
1512 3162 1654 3250 obiisse,

103 3280 201 3372 quod
218 3287 299 3374 post
317 3287 464 3356 mortem
487 3284 637 3355 Thomas
653 3282 684 3371 ὃ)
712 3281 867 3374 episcopi
895 3281 1152 3369 cracoviensis
1182 3281 1364 3354 ecclesiam
1392 3281 1551 3374 legitimo
1581 3281 1657 3354 eius

22 3439 28 3464 ι
103 3401 286 3496 episcopo,
314 3401 441 3474 Iacobo
469 3403 512 3475 de
540 3403 653 3476 Senno
669 3403 713 3491 6),
746 3406 921 3494 potestate
949 3401 1046 3495 regia
1073 3407 1108 3473 et
1136 3401 1324 3490 saeculari,
1352 3400 1513 3494 pervim
1542 3405 1577 3474 et
1603 3401 1657 3474 in-

1 3519 30 3609 ,
102 3521 233 3595 iuriam
266 3522 413 3596 exiliato
440 3522 609 3613 primum,
639 3522 763 3594 deinde
791 3523 950 3608 excluso,
980 3522 1168 3594 adiuvante
1192 3521 1295 3592 illum
1323 3522 1480 3594 Iohanne
1498 3521 1657 3592 Luthho·

12 3707 24 3729 ,
102 3643 164 3715 uis
187 3642 229 3714 de
248 3643 420 3734 Brnesnye
453 3641 567 3734 Regni
594 3642 761 3715 Polouiae
785 3641 1087 3729 vicecancellario,
1117 3641 1179 3731 qui
1206 3640 1274 3712 sibi
1299 3639 1336 3712 in
1356 3639 1657 3728 Wladislaviensi,

5 3814 29 3853 ;,,
102 3756 231 3835 deinde
257 3761 295 3834 iu
321 3761 544 3835 cracoviensi
571 3761 745 3849 ecclesiis,
775 3780 1018 3834 successurum
1046 3764 1102 3850 (ut
1125 3760 1313 3851 contingit)
1342 3759 1521 3851 sperabat,
1549 3780 1658 3851 pravo

5 3860 29 3940 f
102 3883 269 3974 ingressu
297 3886 538 3974 occupaverat.
573 3881 791 3973 Quapropter
817 3901 886 3952 non
914 3880 989 3952 siue
1017 3879 1247 3953 admiratione
1275 3881 1465 3952 multorum
1494 3878 1655 3970 contigit,

0 4071 33 4100 ¹
100 4007 148 4074 at
174 4023 336 4094 quorum,
364 4001 408 4074 ad
435 4001 630 4074 vexandam
657 3999 920 4074 Oracoviensem
948 3999 1130 4072 ecclesiam
1163 4003 1198 4072 et
1225 3999 1301 4072 eius
1328 3998 1527 4091 legitimum
1551 4018 1655 4089 spou-

102 4143 201 4210 snm,
230 4143 327 4196 meus
355 4125 430 4194 erat
456 4143 542 4210 uua,
570 4142 634 4213 par
660 4141 797 4212 quoque
817 4121 906 4192 ieret
924 4119 1053 4193 obitus.
1082 4119 1187 4210 Apud
1206 4118 1468 4192 cracoviensem
1487 4117 1579 4190 euim
1597 4137 1655 4188 ur·

103 4242 187 4314 bem
214 4242 330 4329 umbo,
359 4241 595 4314 Sacramentis
623 4239 872 4314 ecclesiasticis
900 4261 969 4311 nou
996 4239 1188 4330 perfuncti,
1222 4238 1338 4310 subito
1366 4237 1484 4310 morbo
1513 4241 1548 4308 et
1576 4255 1656 4308 aare

103 4359 222 4434 alieno
250 4360 410 4449 obnoxii,
440 4359 615 4433 obierunt:
645 4361 889 4432 documentum
917 4359 1109 4431 maximum
1137 4357 1346 4430 mortalibus
1374 4355 1502 4444 futuri,
1531 4375 1575 4428 ue
1602 4375 1654 4428 se-

7 4463 30 4574 ἷῇ
102 4481 169 4553 des
195 4479 413 4571 pontificales
440 4501 550 4571 prava
576 4480 766 4553 ambitione
793 4480 980 4551 introeant.
1015 4478 1110 4551 Rixa
1136 4477 1249 4564 illico,
1280 4477 1375 4549 furor
1402 4479 1437 4548 et
1464 4473 1653 4562 contentio,

9 4600 34 4639 '³'
102 4601 201 4672 iuter
227 4619 409 4692 germanos
441 4599 771 4693 archiepiscopales,
804 4599 1112 4671 Bartholomaeum
1145 4597 1375 4670 castellanam
1408 4595 1655 4668 Calissiensem

1 4695 20 4752 ff
103 4740 154 4794 ax
180 4739 266 4808 uua,
295 4723 331 4792 et
357 4717 545 4791 Nicolaum
571 4719 806 4794 Koechmider
835 4717 1037 4809 pincernam
1065 4717 1315 4804 Siradieusem,
1344 4713 1504 4807 partibus
1531 4713 1575 4785 ab
1603 4713 1654 4784 al-

103 4844 201 4928 tera,
229 4860 292 4931 pro
319 4837 420 4912 bouis
449 4837 569 4930 oppidi
595 4838 747 4912 Koamin
774 4843 809 4912 st
835 4837 935 4910 villis
967 4838 1010 4909 ad
1037 4837 1128 4909 illud
1154 4835 1413 4928 pertinentibus
1441 4837 1563 4908 exorta
1590 4836 1656 4921 est,

25 4987 36 5046 [r
104 4980 198 5052 quae
225 4959 509 5052 archiepiscopus
536 4959 660 5032 vivens
686 4958 811 5052 grandi
837 4957 986 5051 pecnnia
1013 4957 1106 5048 apud
1132 4957 1303 5029 Hincnam
1322 4956 1364 5030 de
1382 4957 1512 5048 Rogovv
1531 4952 1656 5026 castel-

221 5251 245 5334 1)
267 5252 378 5316 mensis
401 5251 539 5318 Octobris
563 5245 627 5316 Ed.
649 5248 740 5337 Lapa.
765 5251 791 5334 ²)
813 5249 904 5330 Regis
926 5250 1068 5314 Polouiae
1090 5243 1305 5314 decimiana.
1322 5245 1412 5332 Lipe.
1434 5241 1459 5332 ³)
1476 5245 1660 5324 'Phinyeceu-

107 5358 153 5420 sis
175 5354 239 5419 Ed.
264 5355 354 5441 Lapa.
387 5353 415 5430 4)
437 5375 492 5434 pro
514 5357 596 5418 licito
617 5354 681 5420 Ed.
712 5355 803 5439 Lipe.
835 5354 862 5436 ⁶)
886 5356 1019 5417 Thomas
1048 5355 1250 5434 Straqpieuski
1279 5351 1343 5416 Ed.
1370 5349 1461 5434 Dipa-
1492 5347 1518 5428 ⁶)
1542 5350 1661 5426 Syenae

103 5458 171 5524 Ed.
188 5458 279 5544 Lipo.

130 5611 154 5654 r.
169 5611 266 5662 urm..
279 5609 366 5653 naar.
381 5609 461 5654 rara.
474 5610 500 5653 u.
514 5609 542 5652 v.
1453 5585 1487 5642 75
