4046 6278
61 569 135 674 (Α.
154 569 200 648 D.
221 568 348 672 lbdd.)
580 592 693 650 nunna
719 588 964 648 nuonncmus
992 577 1106 666 (xm).
1441 645 1444 652 .
1540 577 1615 651 433

60 782 262 875 legationes
289 780 477 853 nonnullas
505 779 690 856 conficiens
710 782 737 871 ¹)
766 786 801 854 ot
824 779 1060 874 legationibus
1088 781 1301 873 respondens
1316 780 1359 873 ²).
1388 783 1434 856 Et
1452 784 1617 876 quoniam

63 901 292 996 intelligebat
320 922 357 974 so
384 905 464 974 ante
492 901 583 976 diem
613 901 734 974 Sancti
767 901 935 974 Iohannis
968 901 1153 992 Baptistae
1179 901 1216 974 in
1243 901 1467 996 Morienburg
1498 905 1617 978 venire

61 1024 171 1096 iuxta
197 1021 430 1096 constitutum
458 1041 526 1094 non
554 1041 674 1113 posse:
705 1023 957 1096 frumentorum
985 1021 1022 1093 iu
1048 1020 1172 1094 hostili
1199 1043 1281 1117 agro
1309 1025 1616 1112 conculcationem,

60 1144 273 1236 prinsquam
300 1143 337 1214 in
365 1141 469 1215 urbes
496 1141 679 1233 importari
713 1145 873 1234 possent,
907 1141 1111 1230 effecturus,
1145 1163 1334 1217 asnorum
1366 1165 1448 1218 vero
1476 1146 1616 1218 concul-

62 1264 204 1338 catione
231 1265 351 1337 hostes
379 1261 610 1346 coercituros,
641 1264 753 1336 Adam
781 1261 1037 1336 Wilhanoushi
1065 1261 1286 1354 capitaneum
1305 1264 1342 1336 iu
1360 1264 1520 1358 Nidborg
1538 1285 1616 1340 cum

62 1383 270 1478 quingentis
298 1381 493 1475 equitibus,
523 1390 675 1456 mercato
703 1381 902 1470 conductis,
932 1382 969 1454 in
996 1382 1155 1477 Nidborg
1181 1384 1393 1476 praemittit,
1421 1385 1546 1458 iubens
1574 1385 1617 1457 il·

61 1505 157 1593 lum,
186 1508 227 1576 nt
253 1524 332 1576 cum
364 1503 520 1575 Iohanne
554 1503 696 1576 Shalshi
730 1503 766 1576 in
794 1503 1005 1596 Frumborg,
1035 1509 1070 1576 st
1097 1504 1253 1578 Iohanne
1285 1505 1375 1578 Such
1391 1502 1421 1594 3)
1449 1506 1486 1578 in
1514 1505 1615 1578 Wor-

61 1625 174 1712 mith,
208 1623 417 1716 capitaneis,
452 1622 526 1695 illis
560 1644 697 1716 quoque
728 1623 893 1717 gentibus
926 1623 1051 1716 regiis,
1086 1645 1175 1716 qnae
1201 1625 1238 1696 in
1265 1625 1470 1699 Passeuhen
1500 1647 1611 1699 mora·

61 1745 211 1832 bantur,
241 1749 275 1818 et
301 1743 448 1816 hostilia
475 1745 695 1817 conculcaret
722 1749 757 1817 et
784 1743 924 1836 propria
951 1748 1139 1818 tutaretur.
1168 1745 1367 1820 Recensens
1386 1746 1530 1839 insuper
1548 1747 1613 1820 Le·

61 1869 148 1958 gato
171 1863 363 1956 apostolico
393 1863 580 1955 Rudolpho
604 1863 766 1956 episcopo
794 1864 1010 1952 Lavantiro,
1039 1865 1132 1957 apud
1150 1864 1418 1939 Wratislarium
1436 1867 1616 1954 residenti,

63 1984 130 2076 qui
156 1983 295 2057 nomme
324 1983 424 2057 Sedis
452 1984 677 2076 spostolicae
705 1984 883 2057 obtulerat
910 2003 964 2072 so,
994 1983 1196 2076 specialiter
1222 1986 1411 2058 comissas
1431 1985 1614 2076 etiussus,

62 2125 130 2197 pro
156 2124 241 2198 pace
268 2103 361 2178 inter
388 2125 424 2178 se
452 2109 488 2178 ot
514 2104 709 2178 cruciferos
736 2105 875 2178 fidelem
904 2123 1043 2196 operam
1067 2109 1292 2192 novaturum,
1321 2127 1390 2178 non
1409 2107 1496 2180 satis
1515 2108 1617 2200 plone

61 2225 303 2318 respondisse,
332 2221 522 2297 iohannem
558 2225 737 2318 Dlugosch
773 2223 948 2299 somonam
975 2223 1186 2298 (toronicum
1213 2225 1475 2299 maceriensem
1503 2226 1546 2299 ad
1573 2226 1616 2299 il·

61 2347 141 2419 lum
168 2344 391 2420 transmittit.
421 2345 488 2437 Qui
515 2343 782 2418 Wratislauiam
810 2344 1015 2434 adveniens,
1044 2345 1150 2419 uerba
1177 2345 1270 2437 apud
1288 2345 1476 2438 Legatum,
1505 2347 1614 2420 omni·

61 2467 133 2540 bus
160 2466 303 2540 arbItris
332 2465 502 2554 extimis,
532 2465 588 2539 die
616 2465 777 2554 Saturni,
807 2464 974 2538 uicesima
992 2464 1106 2557 prima
1124 2464 1221 2538 Iunii
1235 2465 1267 2556 4)
1295 2466 1396 2555 facit,
1426 2471 1462 2540 et
1480 2467 1611 2559 Regem

63 2587 206 2678 quidem
238 2586 459 2660 Karimirum
492 2585 622 2678 optimo
650 2586 694 2658 ad
721 2585 968 2678 acceptandam
1001 2606 1079 2659 cum
1112 2585 1299 2660 cruciferis
1326 2607 1447 2678 paoem
1475 2586 1614 2680 qualifi-

62 2711 182 2780 catum
209 2706 368 2796 disserit,
397 2707 557 2798 quamvis
586 2706 755 2780 sturmis
783 2709 819 2780 et
841 2708 981 2780 fortuna
1009 2706 1235 2799 superiorem.
1265 2707 1389 2782 Vereri
1415 2712 1533 2781 tamen
1561 2730 1611 2797 se,

61 2849 109 2900 no
138 2831 173 2901 et
198 2827 275 2919 ipse
301 2826 508 2919 Hieronymi
536 2826 789 2919 archiepiscopi
817 2827 1009 2916 Cretensis,
1038 2849 1058 2899 a
1086 2828 1183 2920 Papa
1209 2827 1274 2900 Pio
1301 2828 1453 2902 secundo
1472 2829 1516 2901 ad
1534 2849 1614 2902 oan-

61 2948 144 3021 dom
162 2968 234 3021 rem
253 2947 501 3022 condolendam
520 2947 637 3034 missi,
657 2949 855 3021 aemuletur
872 2953 1050 3038 naturam,
1070 2969 1181 3022 moros
1196 2952 1232 3022 et
1246 2947 1391 3037 itinera,
1413 2949 1473 3042 qui
1492 2969 1613 3041 qnam·

63 3067 123 3140 uis
150 3090 219 3141 non
247 3088 284 3142 se
312 3066 431 3155 ahter,
466 3088 570 3159 quam
609 3066 640 3140 si
672 3067 768 3140 filius
800 3068 919 3162 regius
952 3069 1057 3157 foret,
1090 3088 1153 3161 pro
1179 3088 1265 3162 paee
1295 3068 1529 3142 admissurum
1556 3069 1614 3144 de·

62 3191 253 3281 promeret,
284 3188 328 3260 ad
354 3187 563 3281 Magistrum
590 3193 707 3262 tamen
734 3188 900 3262 Prassiao
927 3187 1144 3262 Ludovicnm
1172 3188 1210 3261 in
1236 3188 1415 3285 Kinsborg
1440 3189 1615 3282 permissu

63 3313 101 3382 et
129 3308 303 3382 conductu
331 3307 426 3401 regio
457 3307 621 3398 ueniens,
655 3308 764 3382 calice
797 3329 902 3384 aureo
929 3309 972 3381 ab
1005 3329 1044 3382 eo
1075 3313 1277 3401 corruptus,
1312 3309 1487 3402 disparem
1515 3329 1553 3383 se
1580 3314 1616 3384 et

62 3449 187 3503 verum
223 3429 421 3504 Cretensem
455 3449 591 3522 gerere,
629 3434 734 3522 utque
761 3430 799 3502 in
827 3429 944 3503 diaeta
976 3429 1194 3518 Brnestensi,
1228 3451 1290 3522 pro
1322 3451 1407 3523 pace
1434 3429 1612 3518 instituta,

62 3551 159 3644 qnod
184 3548 351 3643 primum,
380 3549 492 3623 voluti
519 3551 616 3642 pacis
635 3550 892 3627 conclusionem
912 3550 1140 3639 iniecturnm,
1169 3551 1282 3624 uitare
1302 3551 1484 3640 debuerat,
1513 3569 1613 3623 occu·

62 3692 170 3764 pons,
199 3670 371 3744 militares
399 3674 435 3743 et
461 3669 556 3744 cives
583 3671 748 3744 Prnssiae
775 3692 838 3762 pro
866 3670 1178 3744 excommunitatis
1204 3677 1239 3744 et
1257 3670 1455 3745 interdchs
1474 3670 1613 3758 habere,

62 3812 207 3866 cansam
235 3811 372 3884 quoque
399 3790 561 3884 Magistri
589 3795 710 3864 contra
728 3791 858 3885 Regem
878 3791 1047 3864 advocare
1073 3792 1205 3884 coepit,
1234 3791 1358 3866 iubens
1378 3790 1511 3865 serrari
1529 3794 1615 3863 tunc

62 3911 313 3999 Interdictum,
341 3911 379 3984 in
406 3911 514 4005 Regis
541 3912 690 3986 dedecus
714 3917 749 3988 et
767 3912 1015 3986 contumelium
1030 3911 1073 4002 5),
1103 3916 1138 3985 et
1157 3913 1254 3985 solus
1273 3912 1350 4005 ipse
1369 3910 1614 3986 dissoluendae

61 4031 162 4125 pacis
188 4052 313 4112 causas
341 4030 629 4105 subministrans:
659 4054 738 4107 cunr
765 4032 883 4125 potius
912 4053 1080 4107 evacuare
1098 4033 1267 4107 debuerat
1284 4032 1483 4122 materiam,
1511 4032 1613 4105 homo

62 4152 233 4240 callidus,
262 4155 427 4225 versutus
456 4157 491 4225 et
518 4154 630 4244 valer,
660 4153 820 4246 quamvis
848 4153 924 4227 eius
951 4153 1122 4242 actiones,
1150 4174 1274 4246 parum
1302 4174 1421 4242 sanas,
1450 4151 1614 4225 nonnulli

61 4273 286 4366 prudentiam
304 4272 518 4362 vocitarent3
538 4274 599 4366 qui
619 4275 767 4363 bellum,
795 4275 887 4366 quod
906 4274 1112 4368 extinguere
1130 4279 1288 4364 venerat,
1318 4273 1492 4348 accendit:
1521 4271 1613 4365 quod

60 4393 166 4467 finIre
193 4413 231 4468 se
257 4393 426 4482 iactabat,
455 4392 492 4466 in
519 4415 595 4467 eam
623 4395 714 4468 diem
732 4395 914 4487 produxIt:
945 4395 1162 4486 quieturum,
1190 4394 1261 4467 nisi
1278 4395 1355 4486 ipse
1374 4392 1613 4486 praestitisset

63 4513 284 4587 alimentum.
314 4513 487 4605 Quicquid
516 4515 607 4587 enim
634 4520 715 4607 post
734 4515 809 4588 eius
828 4514 1037 4603 discessum,
1066 4515 1161 4587 ultro
1181 4514 1338 4608 citroque
1357 4512 1539 4608 sanguinis
1559 4513 1611 4585 iu·

64 4655 160 4724 snm,
189 4633 473 4726 tundendumque
501 4641 571 4724 est,
602 4635 768 4728 quicquid
796 4636 947 4710 telorum
974 4635 1056 4708 hinc
1083 4636 1165 4709 inde
1183 4635 1327 4725 uolitat,
1357 4633 1525 4728 quicquid
1543 4633 1611 4706 ira·

61 4777 141 4828 rum
169 4754 293 4846 serpit,
322 4753 359 4826 id
385 4757 499 4827 totum
527 4775 570 4828 ex
597 4755 661 4828 illo
689 4756 821 4848 optimo
848 4777 917 4829 non
944 4756 1057 4848 paoIs,
1087 4756 1148 4828 sed
1174 4755 1262 4830 belli
1289 4758 1470 4848 sequestro
1495 4757 1531 4828 et
1553 4773 1610 4826 ac·

62 4895 222 4964 censore,
251 4873 438 4948 scaturivit
464 4875 502 4947 iu
530 4876 653 4951 Sedom
682 4875 938 4969 ApostoIIcam,
968 4897 1057 4968 qnae
1075 4896 1119 4950 ex
1138 4876 1212 4949 suis
1240 4875 1403 4969 operibns
1429 4875 1511 4967 plus
1529 4887 1610 4947 oon*-

62 4995 247 5084 tumeliae,
267 5017 372 5087 quam
389 4995 532 5068 honoris
551 4996 691 5084 retulit,
712 5002 746 5070 et
764 4997 801 5069 in
821 4996 1032 5085 Ornoiferos,
1054 5017 1141 5089 quos
1159 4995 1284 5070 maiori
1301 4996 1412 5084 bello,
1437 4999 1478 5067 ut
1495 4992 1611 5066 literis

63 5137 183 5192 eorum
210 5115 436 5208 deprehensis
464 5114 643 5210 cognitum
670 5122 740 5206 est,
769 5117 937 5206 involvit,
971 5116 1083 5211 magis
1111 5138 1215 5210 quam
1243 5117 1281 5189 in
1308 5117 1439 5211 Regem
1466 5114 1609 5208 impius.

171 5393 195 5475 1)
217 5392 343 5457 confecit
364 5389 428 5455 Ed.
451 5389 543 5476 Dipo.
575 5388 601 5472 9)
625 5390 788 5469 respondit.
812 5387 875 5455 Ed.
899 5387 995 5475 Le'pa
1018 5388 1045 5470 ⁸)
1068 5389 1133 5452 Zalr
1153 5386 1218 5453 Ed.
1241 5385 1344 5473 Lo'pa
1357 5385 1384 5468 4)
1406 5389 1517 5450 mensis
1536 5387 1612 5449 Iunii

63 5491 129 5562 Ed.
154 5493 248 5581 Dipo.
272 5494 298 5578 θ)
320 5497 350 5557 in
374 5497 510 5559 casimiri
532 5496 623 5574 Regis
646 5495 775 5558 dedecus
798 5499 828 5556 et
849 5495 1041 5573 ignominiam
1063 5496 1112 5556 vel
1134 5495 1340 5556 contumeliam
1362 5488 1427 5554 Ed.
1450 5486 1542 5573 Lo'pc.

86 5649 112 5694 a.
127 5649 226 5702 nrm
239 5646 502 5694 maurocenum
1404 5625 1439 5680 to
