4090 6290
29 567 33 574 ’
139 583 205 685 (Α.
225 585 270 662 D.
291 584 418 685 1479.)
652 610 766 665 ursus
792 610 1038 666 uuonncurus
1066 591 1180 684 (nnn).
1616 591 1689 666 685

140 796 301 872 omnibus
329 796 534 872 civitatibus
562 797 810 872 ecclesiasticis
839 801 874 872 61
901 797 1132 888 militaribus,
1162 797 1231 873 sibi
1258 796 1327 872 init
1345 819 1406 892 per
1424 800 1589 874 Proceres
1609 800 1689 874 (lra-

140 918 320 993 covionses
347 923 383 991 et
409 918 560 993 Russiae
587 920 795 1011 praestitus,
824 919 939 993 tenuit
966 922 1043 994 Rex
1063 920 1090 1010 ¹)
1118 920 1155 993 in
1182 921 1348 995 Lancicia
1374 925 1599 1002 conventum:
1628 921 1690 995 ubi

141 1039 246 1114 etiam
274 1061 294 1114 a
320 1039 528 1115 Proceribus
556 1040 700 1114 Maioris
728 1041 896 1114 Poloniae
929 1042 971 1114 (16
998 1042 1112 1114 danda
1139 1041 1261 1116 Coissa
1289 1063 1495 1115 consensum
1525 1043 1690 1116 obtinuit.

141 1161 279 1235 Relicta
294 1159 325 1252 ²)
353 1160 533 1250 Lancicia,
562 1160 772 1252 1111116631
800 1162 837 1234 in
855 1163 1006 1252 Radom,
1032 1163 1135 1236 stibi
1154 1184 1233 1236 cnm
1252 1162 1436 1236 Elisabeth
1454 1163 1590 1257 Regina
1609 1183 1689 1236 con·

141 1287 234 1356 sorte
262 1304 341 1371 sua,
369 1283 585 1356 mansionem
613 1283 701 1356 satis
729 1283 885 1376 longam,
919 1305 1031 1386 usque
1059 1285 1102 1357 ad
1130 1288 1286 1378 tempore
1313 1284 1556 1376 Pentecostes,
1585 1305 1689 1379 expe·

141 1401 266 1480 diendo
293 1424 417 1480 causas
444 1403 558 1501 Regni
584 1403 761 1497 publicas,
790 1405 1029 1480 continuabat.

172 1761 383 1836 11166166
406 1761 619 1836 sirmiensem
643 1780 699 1856 pro
722 1763 897 1836 tractanda
920 1780 1000 1856 paco
1023 1761 1425 1852 (66(11161(6,166(66
1448 1763 1657 1838 conveniunt.

245 2015 353 2088 Festo
380 2013 606 2088 Pentecostes
634 2013 857 2104 adveniente,
885 2015 1043 2089 Praelati
1072 2018 1106 2088 et
1133 2014 1280 2088 barones
1307 2013 1492 2104 Polouiee,
1526 2011 1692 2088 videlicet

143 2135 292 2210 Iacobus
329 2135 544 2210 Gnesneusis
576 2136 874 2229 archiepiscopus,
902 2137 1078 2210 Iohannes
1106 2134 1362 2225 cracoviensis,
1391 2134 1566 2228 Sbigneus
1590 2134 1688 2209 Wla·

144 2257 384 2345 lislavionsis,
414 2258 572 2330 Andreas
591 2257 823 2347 laoniensis,
854 2257 1024 2349 episcopi,
1053 2256 1154 2331 Uriel
1176 2255 1425 2330 Posuaniensis
1453 2257 1603 2344 electus,
1632 2255 1688 2328 Ia·

144 2378 249 2452 cobus
276 2379 489 2453 castellanus
517 2383 553 2452 et
580 2379 783 2471 capitaneus
816 2378 1073 2468 cracoviensis,
1108 2380 1339 2470 frequensque
1371 2382 1405 2451 et
1431 2379 1558 2471 longus
1585 2379 1689 2450 Pras·

143 2500 295 2576 lotorum
323 2505 358 2574 et
384 2500 553 2580 baronum
582 2521 763 2590 6666666,
793 2500 837 2577 ad
864 2499 1015 2578 diaetam
1044 2499 1279 2580 Siradieusem
1306 2503 1554 2578 convenerunt.

428 2860 514 2937 llrlcl
536 2860 577 2934 de
600 2860 760 2936 1661616
784 2862 967 2953 episcopum
991 2859 1242 2935 lornmlonsonr
1267 2860 1408 2954 ollgitur.

248 3112 468 3206 capitulares
487 3111 744 3188 Posuaniensss
766 3112 931 3207 pontifice
951 3111 1056 3204 sno4)
1084 3112 1213 3203 orbati,
1242 3111 1363 3188 Uriels
1386 3109 1559 3187 (16116616
1583 3110 1689 3186 Prae·

145 3235 259 3329 posito
288 3235 484 3312 Gussnsnsi
511 3241 546 3310 et
572 3235 805 3310 Posuaniensi
837 3241 872 3310 et
899 3235 1064 3310 canonico
1096 3233 1333 3326 cracoviensi,
1366 3234 1404 3308 iu
1431 3233 1691 3308 administrato·

144 3378 215 3432 rem
244 3364 440 3452 assumpto,
469 3357 507 3430 iu
535 3357 719 3432 Dominice
745 3358 908 3446 Laetare,
938 3379 1027 3450 quae
1055 3357 1123 3430 fuit
1149 3357 1224 3430 dies
1244 3355 1366 3430 Sancti
1384 3354 1568 3430 Benedicti
1587 3359 1622 3428 et
1639 3353 1692 3427 vi·

145 3478 274 3553 cesima
310 3479 422 3571 prima
457 3479 588 3553 mensis
626 3478 745 3552 llartii
766 3478 813 3570 5),
852 3480 896 3552 61
932 3479 1074 3552 6661116
1109 3478 1221 3551 futuri
1257 3477 1412 3570 episcopi
1443 3475 1693 3550 Posuaniensis

144 3601 340 3692 peragenda
367 3600 575 3690 constituta,
609 3601 647 3673 16
674 3601 850 3694 frequenti
881 3622 1024 3673 numero
1052 3599 1256 3688 constituti,
1288 3603 1470 3692 praesente
1497 3598 1623 3672 Iacobo
1651 3597 1694 3670 de

146 3722 260 3794 Senno
289 3721 483 3795 Gnesuensi
510 3722 787 3815 archiepiscopo,
818 3722 878 3815 qui
906 3722 1081 3795 discordes
1109 3721 1314 3814 eligentium
1341 3720 1493 3809 animes,
1524 3724 1559 3793 61
1582 3717 1691 3792 vacil-

6 3909 13 3920 .
145 3843 259 3915 lautos
287 3841 461 3934 (plerique
489 3843 581 3917 enim
610 3864 743 3932 eorum,
776 3844 820 3914 ad
847 3842 1097 3935 postulandum
1131 3841 1347 3914 Stauislaum
1383 3841 1425 3914 de
1458 3837 1692 3913 Kuroswanki

146 3962 260 4054 Regni
287 3963 455 4037 Poloniae
482 3964 808 4037 vicecancellarium
836 3965 970 4038 animos
998 3962 1269 4051 inclinaverant)
1299 3966 1334 4035 et
1360 3961 1531 4034 animavit
1558 3964 1593 4034 et
1611 3981 1691 4033 con·

146 4083 317 4174 cordesii,
351 4087 546 4176 praelatum
577 4084 732 4157 Urielem
760 4084 1078 4157 administratorem
1106 4088 1141 4156 st
1173 4083 1273 4156 Sedis
1310 4083 1535 4175 Apostolicae
1567 4081 1692 4154 collec-

146 4209 272 4292 torem,
307 4226 346 4278 ac
373 4205 487 4299 Regni
514 4205 681 4280 Poloniae
709 4205 973 4294 cancellarium,
1002 4204 1219 4278 concorditer
1245 4203 1282 4276 in
1309 4203 1512 4296 episcopum
1543 4201 1691 4296 eligunt,

146 4326 298 4399 nobilem
326 4325 368 4398 de
396 4326 496 4399 domo
528 4326 684 4419 Lodzya,
713 4347 757 4400 ex
784 4331 884 4419 patre
915 4328 1012 4400 Luca
1043 4327 1086 4400 de
1114 4326 1229 4400 Gorka
1261 4325 1417 4416 palatino
1448 4322 1692 4410 Posuaniensi,

146 4451 182 4520 et
209 4451 318 4520 matre
346 4447 548 4536 Gatharina,
585 4447 660 4520 filia
690 4448 915 4541 Dobrogostii
946 4448 989 4520 ds
1018 4429 1236 4521 Schamotnli
1266 4445 1452 4519 castellani
1478 4443 1693 4518 Posuanien-

147 4567 212 4641 sis:
243 4567 404 4659 quamvis
430 4567 500 4640 ianr
528 4568 635 4642 fuerit
657 4569 788 4641 dudum
815 4573 896 4641 ants
924 4568 960 4640 in
985 4567 1214 4641 conventione
1237 4566 1393 4660 generali
1410 4563 1693 4659 Pyotrlrouiensi,

147 4711 209 4781 pro
237 4687 368 4762 Octava
387 4688 679 4781 Epiphaniarnm,
714 4711 802 4781 quas
831 4689 899 4762 1611
926 4689 1113 4775 tredecima
1141 4687 1298 4762 Ianuarii
1312 4688 1356 4778 ⁶),
1389 4691 1501 4777 16616,
1530 4706 1593 4779 per
1618 4687 1692 4759 Ka·

147 4809 308 4883 nimirum
336 4809 503 4884 Polonies
530 4811 679 4904 Regem,
708 4811 784 4884 iure
812 4832 874 4884 suo
902 4810 1013 4904 regio,
1042 4810 1080 4883 in
1106 4808 1380 4883 Posuaniensom
1407 4808 1609 4902 episcopum
1627 4828 1694 4899 pu·

146 4931 237 5005 blico
265 4929 484 5024 designatus:
518 4931 576 5004 cui
608 4933 712 5005 etiam
741 4933 819 5006 Rex
847 4932 938 5024 ipse,
972 4931 1015 5004 ad
1042 4930 1248 5024 petitionem
1275 4931 1391 5004 Lucae
1418 4930 1461 5004 de
1488 4929 1604 5004 corsa
1630 4949 1690 5021 pa·

146 5051 250 5126 latini
276 5051 540 5141 Posuaniensis,
569 5053 726 5145 parentis
759 5053 831 5142 sui,
865 5052 987 5127 literas
1020 5053 1260 5145 expectetivas
1288 5055 1450 5145 patentes
1477 5072 1539 5144 pro
1568 5070 1689 5125 couse-

255 5345 278 5426 ¹)
302 5347 463 5407 Ossimirus
492 5348 556 5406 Rex
585 5344 648 5409 Ec.
680 5345 770 5430 Lips.
804 5346 1085 5420 2)11611616661666
1108 5343 1171 5409 Ea.
1195 5343 1287 5430 Lips.
1312 5345 1337 5427 ³)
1362 5347 1522 5409 casimirus
1544 5347 1608 5406 Rex
1629 5341 1695 5410 Ed.

149 5447 239 5533 Lapa.
265 5447 290 5527 ⁴)
314 5451 456 5510 Pontifioe
478 5469 532 5511 suo
554 5451 675 5512 Andron
698 5453 735 5513 de
756 5452 833 5511 Bnin
855 5447 919 5513 Ea.
943 5449 1034 5533 Lips.
1060 5448 1087 5534 ⁵)
1110 5450 1222 5528 Aprilis
1247 5447 1323 5514 Cod.
1347 5447 1458 5514 Przoz.
1475 5446 1503 5526 θ)
1519 5450 1629 5512 mensis
1650 5450 1696 5510 Ia·

147 5555 243 5615 nuarii
265 5549 328 5616 Ed.
351 5551 441 5635 Lips.
