4126 6280
93 534 152 636 (Α.
170 533 214 608 D.
235 531 362 632 1457.)
596 559 710 612 nrsnn
735 559 981 614 nuonnonnre
1009 543 1123 634 (xrrr).
1558 547 1632 617 241

91 744 166 816 dum
191 742 289 816 iubet
315 743 429 816 literis
462 748 498 817 et
524 745 677 834 nuntiis,
706 745 937 837 consiliariis,
965 751 1006 820 nt
1034 747 1219 822 eonsenire
1245 769 1307 841 pro
1331 749 1389 823 die
1407 749 1579 824 instituta
1597 752 1636 826 in

90 865 268 957 Pyotrhow
287 865 314 956 ¹)
342 885 411 938 non
438 866 632 960 negligant.

102 1221 276 1292 hinnitus
298 1220 368 1294 hex
390 1222 535 1312 plurimis
557 1222 654 1294 rebus
667 1222 702 1294 in
718 1224 937 1296 mnrantiono
959 1224 1209 1314 Psotrhouienai
1231 1227 1436 1316 renueritis,
1459 1228 1501 1300 aul
1523 1229 1621 1301 alian

257 1344 506 1416 oonuontionon
528 1344 563 1416 in
585 1343 666 1415 holo
688 1345 866 1434 suboleret,
889 1345 930 1418 cle
952 1345 1048 1444 rebus
1072 1345 1220 1419 liuram
1243 1348 1463 1421 assumturus.

184 1591 344 1664 Peritum
371 1599 425 1667 est
451 1593 669 1668 iussionibus
696 1594 821 1688 regiis,
852 1600 887 1668 et
913 1596 1071 1688 plerique
1104 1596 1315 1686 eonsiliarii‚
1349 1619 1418 1670 non
1450 1603 1568 1672 tamen
1595 1599 1634 1672 in

88 1713 257 1805 frequenti
283 1735 444 1804 numero,
473 1735 535 1807 pro
555 1715 611 1787 die
631 1715 813 1789 Dominioa
832 1716 933 1789 Oenli
952 1717 1202 1808 Pyotrhooiam
1217 1716 1248 1808 ²)
1277 1724 1523 1792 convenerant.
1552 1721 1633 1793 Rex

85 1839 198 1908 tamen
225 1835 429 1908 Karimirus
457 1836 593 1909 tardius
625 1837 767 1910 nonnisi
795 1837 961 1911 videlieet
988 1838 1075 1911 feria
1103 1843 1228 1930 quarta
1251 1843 1332 1930 post
1359 1839 1461 1913 Oenli
1477 1837 1520 1929 ³),
1550 1861 1630 1914 eum

86 1960 230 2048 utraque
254 1957 406 2050 Regina,
436 1961 547 2030 matre
578 1957 745 2030 videlieet
773 1962 808 2031 et
836 1961 995 2031 consorte
1011 1958 1054 2049 ⁴),
1088 1959 1338 2051 Pyotrhoviam
1355 1959 1398 2050 ⁵),
1426 1961 1633 2052 prohibente

86 2076 182 2150 illurn
210 2077 319 2150 fluvio
347 2077 479 2167 Wisla,
498 2083 598 2151 tune
624 2079 886 2168 uehementius,
921 2100 1025 2171 quarn
1059 2080 1266 2172 cuiusquam
1294 2081 1426 2154 ferebat
1453 2081 1631 2172 memoria,

85 2197 182 2289 aquis
209 2198 349 2287 inflato,
379 2198 532 2272 aduenit.
562 2199 609 2271 lot
635 2199 799 2291 pluribus
817 2201 921 2274 rebus
940 2201 1115 2274 oonelusis
1135 2206 1170 2274 et
1187 2200 1354 2289 deeretis,
1375 2201 1504 2273 iterum
1523 2202 1632 2274 alium

85 2324 290 2392 conventum
317 2319 355 2392 in
382 2319 476 2393 Kolo
502 2341 565 2412 pro
592 2320 775 2394 Dominioa
802 2321 950 2394 Laetare
977 2321 1113 2395 tenuit:
1147 2321 1209 2395 ubi
1237 2321 1479 2410 ordinabatur,
1508 2329 1549 2394 ut
1576 2343 1631 2395 ea·

85 2444 153 2512 stra
172 2441 368 2530 Snlnohow,
397 2441 570 2534 Swyeanie
589 2447 624 2514 et
642 2442 836 2534 Tneholya,
865 2464 935 2514 non
954 2441 1211 2534 stipendiariis,
1235 2464 1315 2516 enm
1333 2443 1505 2516 aerarium
1524 2443 1633 2536 Regis

84 2561 292 2635 exhaustum
320 2566 428 2650 osset,
458 2563 697 2662 sedlpropriis
724 2563 889 2656 gentibus
917 2564 1131 2653 locarentur,
1168 2569 1210 2636 ut
1237 2564 1405 2657 oppidum
1437 2563 1633 2656 Ohoyniena

82 2681 233 2774 graviori
259 2683 377 2756 inedia
404 2688 440 2758 et
465 2704 581 2757 rerum
609 2683 764 2757 omniurn
786 2683 1034 2776 importatione
1065 2689 1293 2776 premeretur.
1321 2686 1377 2757 Ex
1395 2681 1487 2757 Kolo
1507 2685 1585 2758 Rex
1600 2684 1633 2774 θ)

83 2804 222 2877 transiit
249 2803 287 2876 in
315 2805 521 2897 Brnesonye,
551 2805 677 2878 exinde
695 2827 758 2896 per
775 2805 984 2897 Radayeouo,
1014 2804 1286 2878 Wladislauiam
1318 2804 1505 2894 iuniorem,
1534 2803 1633 2878 venit

83 2923 165 2998 feria
190 2925 300 2999 tertia
326 2931 407 3018 post
434 2925 652 3022 Dominieam
679 2925 803 3000 Iudiea
830 2925 1061 3019 Bidgostiem.

82 3280 249 3352 latislaus
271 3280 453 3372 longeriae
474 3281 558 3368 lter,
582 3281 686 3354 ultori
708 3281 844 3353 illiorum
867 3281 1020 3354 lehunnis
1043 3281 1083 3352 ne
1107 3280 1232 3352 huniaul
1254 3280 1376 3367 neutro,
1400 3281 1632 3356 alternantem

81 3419 148 3473 aun
169 3403 285 3474 multis
307 3402 419 3476 amieis
441 3403 476 3475 in
498 3403 630 3475 nnouh
645 3404 809 3490 eunleoto,
830 3402 947 3474 nutris
968 3403 1105 3474 illiorum
1121 3419 1231 3473 ouum
1245 3402 1438 3474 muisoentis
1453 3420 1553 3492 mura
1567 3404 1631 3475 bol·

685 3525 750 3598 lun
772 3525 807 3596 in
830 3542 867 3596 se
891 3524 1029 3596 orbitat.

182 3773 257 3846 Sub
284 3795 323 3847 eo
352 3776 469 3846 autem
486 3773 517 3864 7)
544 3780 700 3865 tempore
732 3773 809 3846 Rex
837 3771 1042 3866 Hungariae
1068 3771 1273 3860 bolislaus,
1307 3775 1431 3845 noetus
1459 3772 1628 3846 assisten-

80 3893 163 3966 tiam
189 3894 383 3986 primorum
411 3893 690 3967 oonsiliariorum
718 3893 936 3986 Hungariae,
965 3892 1170 3966 Ladislaum
1197 3893 1310 3966 filium
1337 3892 1583 3986 gubernatoris
1598 3891 1630 3982 8)

81 4020 114 4087 et
130 4015 248 4088 Ulrioi
267 4015 413 4088 Comitis
432 4014 540 4088 (tiliae
559 4015 833 4104 interfectorem,
862 4020 897 4088 et
924 4035 1126 4108 germanum
1151 4034 1253 4086 suum
1268 4013 1299 4104 ⁹)
1328 4014 1514 4104 Mathiam,
1544 4015 1629 4087 item

80 4136 272 4210 Iohannem
300 4135 501 4229 episeopum
528 4135 793 4225 Voradiensem,
822 4134 1245 4220 itomcnananilaezslaw
1264 4135 1321 4225 ¹⁰),
1350 4135 1494 4228 Rongon
1522 4135 1628 4208 Seba-

81 4257 233 4332 stianum
262 4262 297 4331 et
323 4259 443 4350 plures
471 4259 736 4346 commensales,
771 4256 986 4330 necessarios
1015 4259 1050 4328 et
1077 4255 1207 4328 amieos
1233 4255 1484 4348 'gubernatoris
1518 4254 1628 4347 eapti·

80 4383 152 4450 rat:
182 4384 218 4452 et
242 4378 409 4452 Ladislao
427 4377 502 4451 filio
521 4378 766 4471 gubernatoris
785 4377 900 4469 eapite
918 4377 1040 4449 Budae
1059 4375 1282 4466 obtruncato,
1302 4395 1507 4468 germanum
1526 4396 1628 4448 snum

80 4499 249 4572 Mathiam
277 4519 356 4572 enm
383 4499 530 4573 eaeteris
558 4499 595 4572 in
623 4499 813 4592 ergastulis
842 4498 1061 4572 observabat.
1090 4498 1266 4570 Iohannes
1290 4497 1517 4571 Varadieusis
1536 4496 1627 4588 epis-

80 4640 184 4713 eopus
212 4619 383 4712 Dionysio
412 4620 646 4714 strigoniensi
673 4619 850 4693 Cardinali
878 4625 913 4693 ot
940 4617 1201 4711 archiepiscopo
1228 4617 1381 4692 traditur
1407 4617 1628 4691 iudieandus.

80 4740 152 4832 Qua
178 4740 352 4814 nouitate*
376 4745 488 4816 mater
522 4741 676 4814 filiorum
702 4740 947 4834 gubernatoris
978 4741 1156 4834 perculsa,
1189 4761 1260 4812 non
1287 4739 1331 4812 ad
1358 4738 1547 4812 muliebres
1574 4758 1628 4810 re·

184 5069 209 5152 ¹)
231 5070 429 5132 Piotroouiam
458 5063 534 5141 ooo.
557 5067 625 5131 Lis.
651 5068 677 5148 ς’)
699 5070 896 5132 Petrieoviarn
918 5067 982 5130 Ed.
1003 5066 1094 5152 Lipa
1119 5067 1145 5149 ³)
1167 5073 1236 5146 post
1256 5067 1442 5128 Dominieam
1464 5065 1551 5128 Oenli
1565 5060 1628 5124 Ed.

79 5168 167 5256 lupe.
199 5171 226 5254 ⁴)
249 5174 363 5251 Zophia
392 5174 531 5234 videlieet
560 5179 653 5234 matre
676 5179 705 5234 et
727 5173 882 5235 Elisabeth
912 5177 1047 5234 consorte
1076 5169 1140 5234 Ed.
1171 5168 1262 5255 Lipa.
1295 5169 1321 5251 ⁵)
1344 5170 1543 5232 Petu-leonium
1565 5165 1629 5230 Ed.

79 5273 167 5360 Lipa.
192 5273 222 5361 ⁶)
246 5277 407 5339 casimirus
428 5277 493 5338 Rex
513 5273 577 5340 Ea.
601 5273 690 5358 La'pe.
716 5275 741 5356 ⁷)
764 5277 825 5338 Sub
848 5295 907 5353 qno
930 5277 1049 5353 quidem
1077 5273 1153 5338 de.
1179 5271 1267 5338 Colo.
1292 5273 1318 5354 ⁸)
1340 5275 1431 5334 filium
1454 5275 1523 5334 olim
1544 5273 1629 5333 Ioan-

49 5435 52 5440 Α
79 5381 124 5441 nis
146 5381 184 5442 de
199 5381 330 5458 Hunyad
353 5381 566 5442 Gubernatoris
595 5380 767 5457 Hungariae
793 5373 856 5441 Ea.
880 5377 969 5464 Le'ps.
994 5377 1020 5458 ο)
1043 5381 1108 5440 eius
1132 5374 1209 5442 Coa.
1231 5376 1300 5442 Le.
1336 5376 1376 5457 ¹⁰)
1399 5377 1631 5439 Onananilunlaw

80 5479 142 5547 Ed.
163 5481 254 5568 Lupe.
278 5483 328 5564 (de
350 5484 460 5546 Canisa
480 5483 675 5564 Ladislnum).

105 5635 127 5678 r.
139 5635 237 5688 numa
250 5636 338 5678 unm.
351 5635 432 5681 nolon
445 5635 472 5678 n.
485 5635 514 5679 v.
581 5669 588 5677 .
1420 5615 1454 5668 31
