4090 6290
380 504 456 577 olo
887 527 1001 580 urana
1026 527 1272 580 nuonncmrus
1299 509 1414 599 (xm).
1650 503 1721 604 (Α.
1741 505 1789 579 ὓ.
1809 501 1939 602 lm.)

379 825 523 914 hagistri
545 825 692 896 11666166
715 825 876 896 submissa
898 825 940 896 ad
962 826 1154 898 1661161161
1176 827 1293 917 liugan
1316 827 1440 916 legatio
1462 844 1519 916 pro
1540 827 1605 898 116
1628 844 1691 898 sna
1715 843 1798 916 erga
1820 826 1941 915 nom

1072 947 1239 1020 16616616.

482 1191 946 1285 1166166616611666116
974 1194 1101 1286 oppido
1130 1196 1336 1286 Brnsscnye,
1366 1195 1582 1288 Nyeschoua
1608 1200 1644 1268 et
1667 1195 1835 1283 Thomu,
1867 1195 1939 1267 Kn-

380 1313 523 1386 nimirus
550 1313 718 1387 Poloniao
745 1315 839 1403 Rex,
868 1313 1021 1386 inaniter
1047 1315 1281 1407 consumptis,
1309 1317 1448 1389 defluxo
1476 1321 1646 1408 tempore,
1675 1317 1719 1388 ad
1748 1316 1940 1408 6661611-

380 1439 466 1527 quot
492 1435 606 1508 millia
634 1434 960 1527 stipendiariorum,
990 1436 1082 1508 66111
1110 1437 1249 1529 negotio
1278 1457 1416 1528 operam
1440 1436 1615 1525 dantium,
1645 1437 1705 1510 sed
1725 1437 1803 1509 otio
1824 1440 1862 1509 61
1881 1458 1940 1508 ro·

379 1555 517 1646 luptate
548 1553 781 1645 torpentium,
818 1556 975 1628 mercede
1006 1556 1236 1644 conduxerat,
1274 1557 1400 1630 iterum
1433 1556 1516 1628 illos
1549 1557 1586 1628 in
1618 1561 1759 1648 tempus
1796 1557 1941 1648 longius

379 1667 621 1763 conduxit,et
640 1675 750 1748 otiose
769 1675 862 1764 apud
880 1676 1037 1766 praefata
1057 1674 1198 1766 oppida,
1228 1676 1450 1749 consiliarios
1469 1676 1732 1764 cracovienses,
1753 1677 1822 1768 qui
1841 1677 1941 1750 tarde

378 1800 415 1887 et
441 1794 556 1888 pigre,
584 1795 621 1867 16
649 1815 759 1886 66666
787 1815 946 1882 numero,
976 1795 1189 1868 consiliariis
1218 1796 1360 1869 Maioris
1388 1795 1555 1868 Poloniao
1587 1797 1804 1888 tempestive
1833 1797 1939 1870 edre

378 1914 575 2003 aientibus,
610 1919 859 2002 convenerant,
893 1915 1104 2007 opperiendo
1136 1921 1276 2008 tempus
1308 1916 1421 1989 trivit.
1451 1917 1523 1989 Sub
1551 1935 1619 2007 quo
1648 1921 1811 2008 tempore
1840 1917 1939 1990 venit

379 2035 423 2108 ad
450 2035 552 2107 illum
580 2035 741 2128 Magistri
768 2036 933 2108 Prussiae
960 2035 1152 2108 Marsalcus
1181 2036 1341 2126 Ulricus,
1371 2037 1463 2128 apud
1491 2037 1730 2110 Γ1166661666
1758 2043 1938 2130 agentffl,

330 2185 335 2190 ·
380 2159 415 2228 et
441 2156 553 2228 multo
582 2160 686 2248 atque
713 2157 757 2229 ad
783 2156 1064 2248 persuadendum
1093 2157 1283 2248 composito
1311 2178 1485 2245 sermone,
1514 2178 1688 2232 rumorem
1715 2159 1761 2231 de
1789 2159 1939 2251 perfidia

355 2275 543 2368 .llagistri
574 2281 610 2350 et
641 2276 784 2352 Ordinis
821 2276 877 2350 eui
909 2297 990 2368 erga
1018 2277 1150 2369 Regem
1177 2283 1213 2351 61
1240 2279 1399 2370 Regnum
1432 2277 1599 2351 Poloniao
1629 2279 1824 2370 patranda,
1859 2279 1936 2352 rul-

378 2399 516 2488 gatum,
545 2417 694 2490 purgare
720 2397 837 2485 nisus,
867 2397 973 2470 etiarn
1001 2398 1045 2468 ad
1073 2399 1292 2471 subeundum
1318 2399 1476 2472 duellum
1505 2419 1584 2470 cum
1604 2400 1767 2491 quolibet
1786 2400 1936 2472 insimu-

378 2516 523 2590 lationis
550 2517 752 2592 huiusmodi
779 2520 925 2591 authore
954 2539 991 2591 se
1018 2517 1163 2592 obtulit:
1192 2519 1383 2593 subiiciens
1412 2518 1621 2612 Magistrum
1647 2521 1749 2593 velut
1767 2520 1935 2593 consilia·

377 2636 470 2710 rium
498 2641 534 2710 et
560 2638 758 2730 Principem
786 2639 894 2732 Regis
922 2638 1124 2712 obedienter
1151 2639 1292 2732 singula
1319 2641 1510 2727 iacturum,
1539 2645 1575 2712 et
1601 2641 1639 2712 in
1665 2645 1851 2732 potestate
1869 2642 1935 2714 Re

379 2756 436 2849 gis
464 2758 634 2831 futurum.

416 3113 597 3186 1161161166
618 3113 688 3186 hex
710 3114 964 3205 lenenhnrgurn
987 3115 1182 3205 ingreditur,
1204 3116 1312 3206 111666
1334 3116 1521 3205 nagistrum
1542 3116 1692 3188 11666166
1714 3117 1894 3190 aaronem

1091 3237 1223 3327 excipit.

487 3484 634 3558 Tardius
663 3506 766 3578 quam
793 3505 849 3559 res
877 3484 1056 3579 exigebat,
1086 3485 1297 3559 consiliariis
1315 3485 1438 3578 regiis,
1472 3485 1723 3560 ecelesiasticis
1752 3492 1932 3562 6166666-

380 3606 514 3679 laribus
541 3605 845 3695 convenientibus,
874 3606 1078 3679 Kanimirus
1105 3607 1272 3680 Poloniao
1300 3608 1377 3680 Rex
1406 3627 1450 3678 ex
1478 3607 1618 3679 Thorun
1647 3627 1813 3697 mouens,
1849 3610 1931 3681 duos
2041 3597 2043 3634 ⁴

380 3727 473 3800 filios
500 3731 587 3799 natu
613 3726 777 3816 maiores,
806 3726 972 3800 videlicet
998 3725 1217 3799 Karimirnm
1245 3729 1281 3800 et
1307 3727 1509 3815 Albertum,
1539 3727 1625 3799 item
1644 3733 1801 3819 quatuor
1818 3731 1931 3820 ponti·

380 3849 478 3936 ficas,
507 3846 674 3921 videlieet
700 3847 867 3920 Iacobum
899 3847 1135 3921 Gnosnensem
1168 3847 1483 3939 archiepiscopum,
1517 3847 1712 3940 Shigneum
1740 3849 1930 3923 wladisla

380 3967 535 4042 mensam
563 3972 597 4040 61
624 3967 739 4060 Regni
764 3967 931 4042 Poloniao
958 3967 1299 4057 vicecancellarium,
1328 3967 1504 4041 Andream
1531 3967 1776 4042 Varmiensem
1796 3971 1930 4044 611116-
2042 3983 2043 4008 ³

380 4087 533 4162 centium
562 4087 796 4174 hulmensem,
826 4087 1022 4179 episcopos,
1052 4087 1137 4160 item
1162 4088 1378 4160 stanislaum
1397 4089 1439 4161 de
1458 4086 1624 4181 Ostrorog
1641 4090 1929 4178 Posnaniensen‚

380 4208 565 4281 Nicolaum
585 4208 635 4281 'de
663 4207 809 4280 Kuthno
837 4207 1117 4296 Lanoioiensem,
1146 4207 1333 4280 Nicolaum
1361 4209 1403 4281 de
1421 4208 1678 4300 Koscnpelyecn
1707 4210 1928 4284 1661616116-

380 4328 589 4418 luniensem,
617 4328 809 4421 palatinos,
838 4328 1029 4401 Iohannem
1056 4329 1098 4401 (16
1125 4329 1327 4420 Rithwpani
1346 4327 1459 4420 Regni
1477 4329 1645 4401 Poloniao
1663 4332 1882 4404 marsalcum
1899 4342 1929 4404 61
2042 4351 2043 4356 ’

382 4447 715 4536 Sandomiriensem,
749 4447 939 4521 Iohannem
978 4451 1086 4520 Amor
1117 4449 1158 4522 do
1186 4450 1354 4521 Tharnen
1386 4447 1671 4541 Woynicenscm,
1707 4453 1929 4540 castellanos,

381 4572 416 4640 61
433 4567 523 4640 61166
541 4567 776 4657 consiliarios,
805 4568 1136 4660 multitudinemque
1164 4569 1376 4643 curiensium
1395 4567 1422 4658 1)
1450 4573 1485 4642 61
1504 4570 1659 4644 mercede
1678 4573 1927 4646 conductorum

380 4687 534 4760 militum
561 4687 693 4762 hebens
720 4688 757 4760 16
785 4709 847 4760 666
875 4689 1058 4777 comitatu,
1087 4690 1125 4762 in
1152 4669 1319 4782 oppidum
1337 4694 1373 4762 61
1391 4694 1545 4762 castrum
1573 4711 1676 4762 suum
1700 4693 1845 4786 regium
1862 4695 1927 4766 lla·

379 4807 560 4901 rienhurg,
593 4829 718 4901 magno
745 4830 822 4880 cum
855 4810 1054 4900 splendore,
1086 4809 1142 4884 die
1169 4805 1265 4883 ioris
1292 4809 1459 4882 vicesima
1490 4811 1614 4903 quinta
1644 4811 1791 4904 Aprilis
1806 4813 1851 4904 ²),
1880 4815 1926 4887 in·

380 4929 500 5003 travit.
530 4929 601 5003 Ubi
628 4929 671 5002 6(1
699 4929 802 5002 illum
830 4929 963 5022 singuli
995 4930 1161 5022 palatini,
1201 4929 1387 5030 castellani
1413 4935 1450 5004 61
1477 4930 1645 5004 officiales
1677 4953 1719 5006 ac
1747 4935 1927 5022 militares,

381 5051 542 5144 singulae
574 5070 712 5142 quoque
744 5049 907 5123 civitates
940 5051 1105 5124 Prussiae
1137 5055 1386 5124 convenerunt.
1418 5050 1526 5123 Venit
1557 5055 1707 5145 etpost
1739 5055 1818 5128 dies
1845 5061 1926 5142 octo,

380 5171 556 5246 Henricus
584 5171 626 5244 de
654 5170 905 5264 Richtemburg
937 5172 1104 5264 Magister
1139 5170 1321 5260 Prussiae,
1354 5193 1432 5245 oum
1465 5171 1601 5264 aliquot
1634 5173 1925 5250 Commendatori·

489 5429 512 5510 ¹)
535 5430 706 5491 Aulioorum
728 5427 790 5491 Ed.
818 5426 907 5511 Lips.
932 5428 956 5506 ²)
979 5430 1089 5490 mensis
1110 5429 1222 5506 Aprilis
1245 5425 1308 5489 Ed.
1330 5425 1420 5511 Lips.
