4082 6284
82 553 144 657 (Α.
164 553 208 641 D.
229 551 357 652 1450.)
590 575 704 634 crana
730 559 1018 648 nnonscruns(
1091 560 1119 647 ).
1555 558 1630 632 285

83 767 175 836 staro
192 761 341 836 audebat
360 781 478 852 nomo,
497 760 541 836 ab
560 760 799 854 omnipotente
814 762 889 836 Deo
909 760 1041 836 dilatus
1061 762 1165 856 longo
1184 765 1339 856 tempore
1357 762 1401 836 ad
1419 761 1626 853 vindictam,

82 887 120 956 ut
146 903 208 974 pro
236 881 403 956 tarditate
431 879 554 955 durius
582 880 757 956 feriretur.
785 881 912 973 Itaque
939 902 1018 956 cum
1041 881 1175 972 nobile,
1204 882 1406 976 accipiendo
1426 882 1629 978 Sbigneam,

79 1002 188 1076 filiam
216 1001 360 1096 Sbignoi
386 1001 429 1076 de
456 1002 604 1075 Bruesre
624 1001 651 1092 ¹)
678 1000 793 1096 Regni
819 1001 987 1076 Poloniae
1014 1001 1195 1091 marsaloi,
1223 1003 1371 1078 sortitus
1399 1003 1526 1078 luisset
1545 1025 1625 1080 con·

81 1122 230 1215 iugium,
259 1122 422 1214 filiosque
448 1125 665 1216 procreasset
692 1125 728 1194 ιι
754 1121 867 1212 filias,
897 1127 933 1196 ιι
959 1122 1159 1196 ιιιιιιιιιι
1182 1144 1247 1196 ιιι
1265 1144 1309 1198 ιιι
1328 1123 1453 1216 spoliis
1471 1124 1628 1216 inopum,

80 1244 116 1318 in
142 1242 270 1332 bobus,
299 1243 417 1335 equis,
447 1241 590 1332 ovibus,
619 1241 838 1336 caeterisque
865 1242 1049 1332 armentis,
1078 1243 1248 1320 crevisset
1274 1243 1441 1334 interra,
1469 1244 1627 1320 blandis·

78 1363 250 1454 baturque
278 1362 348 1437 eibi
379 1363 417 1436 in
444 1363 584 1438 delictis
613 1362 688 1436 suis
719 1368 761 1436 ut
786 1364 908 1455 pullus
937 1363 1074 1458 onagri,
1103 1363 1292 1438 lasciviens
1330 1369 1365 1438 ιι
1397 1364 1626 1454 ιιιιιιιιιιι,

78 1482 333 1578 impinguatus,
362 1483 550 1573 dilatatus,
578 1483 810 1558 indurabatur
836 1504 895 1558 cor
922 1483 1014 1574 eius,
1048 1484 1227 1577 quianon
1254 1485 1377 1558 statim
1408 1485 1626 1580 percutieba-

79 1607 151 1690 tur,
185 1605 247 1676 sed
272 1604 499 1678 differebatur
529 1605 574 1678 ad
606 1625 765 1698 poenam,
799 1605 926 1678 Contra
956 1605 1058 1678 cuius
1090 1605 1309 1698 impietates,
1342 1605 1380 1678 in
1412 1611 1518 1699 caput
1551 1606 1627 1680 eius

78 1725 232 1798 relatura
259 1724 435 1818 supplicia
463 1724 643 1798 Divinitas
670 1725 909 1816 consurrexit,
947 1725 1088 1800 tradens
1116 1725 1220 1798 illum
1248 1725 1285 1798 in
1313 1725 1497 1800 interitum
1525 1725 1627 1800 Sata-

78 1864 153 1934 ιιι,
181 1849 222 1918 ιι
249 1845 366 1940 plagis
392 1843 469 1918 suis
492 1844 663 1936 afflictus,
693 1867 714 1918 a
733 1845 894 1920 sordibus
914 1845 989 1920 suis
1008 1846 1215 1940 quandoque
1232 1845 1472 1940 resipisceret,
1493 1849 1528 1921 ιι
1545 1867 1625 1940 pro·

76 1969 297 2066 pitiationem
317 1968 497 2059 quaereret
515 1964 655 2042 divinae
672 1965 830 2058 pietatis.
864 1967 968 2041 Anno
999 1965 1120 2060 itaque
1146 1966 1289 2040 Domini
1315 1966 1504 2040 Millesimo
1533 1967 1624 2060 Qua·

77 2087 350 2183 dringentesimo
378 2085 669 2180 quinquagesimo
697 2107 803 2176 nono,
833 2086 889 2162 die
916 2086 1083 2162 vicesima
1111 2091 1234 2161 octava
1260 2087 1392 2162 mensis
1410 2086 1624 2176 Decembris,

76 2211 208 2288 invasit
235 2209 339 2282 illum
366 2206 522 2300 Spiritus
549 2228 715 2301 nequam,
745 2210 780 2281 ιι
806 2206 1033 2301 permittente
1059 2209 1147 2302 Deo,
1175 2207 1276 2302 gravi
1303 2211 1440 2282 tortura
1466 2207 1624 2302 exagita-

76 2334 135 2407 bat
161 2351 255 2405 eum.
287 2327 363 2402 Neo
389 2347 479 2405 uxor
506 2349 586 2418 sna,
614 2327 781 2422 filiusque
806 2349 892 2402 suus
915 2328 1106 2418 Iohannes,
1139 2327 1336 2421 caeterique
1369 2327 1525 2420 cognati,
1555 2348 1626 2402 ser-

76 2454 207 2526 vitores
235 2454 271 2524 et
296 2447 502 2536 necessarii,
530 2452 679 2522 terrores
707 2449 915 2522 daemonum
942 2453 1105 2542 poterant
1132 2450 1238 2537 ferre,
1267 2449 1328 2522 sed
1352 2448 1389 2522 in
1408 2448 1497 2521 alias
1516 2447 1626 2542 lugie-

75 2575 176 2662 bant,
205 2569 362 2664 perculsi
389 2570 506 2643 furore
533 2568 657 2657 nimio,
688 2569 823 2645 domos:
852 2568 969 2662 ipsum
996 2590 1077 2643 vero
1104 2567 1326 2644 daemonium
1353 2567 1518 2658 liberius,
1553 2567 1628 2642 illis

76 2691 310 2788 fngientibus,
342 2689 560 2764 verberabat.
602 2688 714 2762 Voces
747 2689 887 2784 quidem
918 2688 1125 2762 daemonum
1157 2688 1407 2764 insultantium
1439 2693 1474 2763 ιι
1501 2709 1625 2782 expro-

73 2813 253 2888 brantium
279 2810 337 2886 illi
365 2810 519 2884 faemore
546 2831 627 2900 sua,
662 2814 698 2884 ιι
724 2809 861 2884 sonitus
893 2811 1093 2900 verborum,
1121 2831 1143 2884 a
1169 2809 1480 2884 circumstantibus
1508 2809 1626 2886 audic-

75 2935 219 3008 bantur:
252 2951 353 3014 nemo
385 2934 504 3004 tamen
540 2931 703 3022 loquens,
736 2931 798 3004 sed
829 2951 893 3004 nec
924 2931 1113 3004 verberans
1140 2929 1336 3005 videbatur.
1371 2930 1446 3023 Quo
1472 2931 1565 3004 malo
1592 2934 1628 3004 ιι

73 3053 148 3148 ipse
170 3054 303 3142 Lucas,
332 3055 367 3125 ot
394 3051 548 3125 coniunx
580 3055 686 3145 atquo
703 3051 816 3142 filius,
846 3050 1044 3144 caeterique
1070 3050 1275 3140 necessarii,
1304 3050 1466 3140 attoniti,
1496 3049 1627 3144 quippe

75 3173 135 3266 qui
161 3177 198 3248 ιι
226 3172 297 3265 ipsi
324 3171 467 3246 assidua
494 3171 679 3246 formidine
706 3176 742 3246 ιι
769 3171 894 3266 vigilia
920 3172 1021 3260 adeo,
1050 3175 1091 3244 ut
1117 3191 1181 3246 noc
1208 3192 1369 3244 somnum
1396 3191 1519 3264 capere
1546 3193 1625 3263 pos·

75 3299 167 3384 sent,
196 3294 438 3380 torrebantur,
466 3291 630 3382 mittunt,
659 3295 694 3367 ιι
720 3293 913 3366 Iohannem
937 3291 1090 3366 Warssii
1108 3290 1326 3366 Karimirski
1340 3289 1371 3381 ²)
1400 3291 1625 3380 sacerdotem,

76 3413 322 3506 Praepositum
354 3414 611 3500 Gholmensem,
650 3412 742 3505 quod
774 3417 811 3488 ιι
842 3412 997 3488 ιιιιιιι
1028 3410 1166 3506 generis
1194 3432 1234 3485 ac
1262 3410 1417 3486 familiae
1453 3415 1562 3499 essct,
1592 3414 1627 3484 ιι

75 3533 321 3630 energuminos
348 3532 553 3608 exorcismis
581 3553 702 3606 curare
729 3532 903 3624 intrepide
931 3531 1059 3605 solitus
1086 3535 1177 3621 erat,
1205 3535 1404 3605 accersunt:
1439 3531 1627 3623 sperabant

74 3655 165 3729 enim
194 3655 344 3747 expulso
371 3673 434 3746 per
461 3675 556 3742 eum,
584 3653 688 3726 iuxta
714 3656 820 3746 atque
839 3674 859 3724 a
878 3652 1041 3740 caeteris,
1070 3653 1253 3741 daemone,
1281 3652 1422 3744 plenam
1445 3650 1624 3726 liberatio·

73 3797 151 3850 nem
178 3775 284 3849 illum
311 3777 591 3848 consecuturum.
620 3775 674 3863 Is,
703 3794 782 3848 cum
810 3778 845 3847 ιι
870 3772 1025 3865 proximi
1052 3777 1087 3845 ιι
1114 3771 1234 3845 fratris
1261 3770 1463 3847 calamitate
1489 3792 1624 3866 permo-

74 3898 147 3984 tus,
175 3893 393 3982 advenisset,
422 3893 460 3966 in
488 3893 667 3968 daemonis
696 3893 955 3988 expulsionem,
984 3892 1127 3967 ieiuniis
1155 3896 1191 3966 ιι
1217 3891 1435 3969 ιιιιιοιιιιι
1460 3895 1556 3966 ιιιιι
1575 3893 1624 3966 ιι-

73 4016 232 4103 rebatur,
261 4016 529 4107 frequenterque
544 4011 575 4103 ³)
603 4014 647 4088 ab
671 4035 774 4107 aegro
793 4013 1077 4108 diffugientibus,
1108 4014 1205 4088 solus
1224 4033 1304 4094 cum
1322 4012 1386 4086 illo
1405 4013 1623 4088 remanebat:

73 4135 363 4228 nihilipendens
390 4133 561 4226 strepitus
589 4138 625 4206 ιι
652 4135 806 4228 fragores
838 4133 1014 4208 terribiles
1029 4133 1061 4224 ⁴)
1093 4133 1315 4222 daemonum,
1345 4155 1433 4226 quos
1459 4134 1541 4226 plue
1569 4155 1623 4206 so·

73 4255 136 4328 lito
163 4254 373 4330 cadentibus
400 4253 555 4328 tenebris
583 4254 863 4343 commovebant,
891 4253 1173 4346 dispellebatque
1200 4253 1332 4329 virtute
1350 4253 1624 4328 exorcismorum

73 4375 114 4448 ab
142 4395 247 4468 aegro
276 4373 549 4468 exagitationes,
578 4374 719 4467 flagella
746 4379 781 4450 ιι
808 4374 969 4464 ιιιιιιι,
999 4373 1128 4465 quibus
1156 4374 1362 4449 adaomone
1390 4373 1623 4463 cruciabatur,
1710 4414 1713 4420 ·

73 4494 259 4586 leviusque
277 4493 514 4570 daemonicam
531 4494 730 4586 passionem
749 4495 892 4570 ferebat.
917 4494 993 4567 Nec
1010 4494 1157 4568 daemon
1175 4493 1306 4568 tacitus
1326 4492 1415 4586 oripi
1433 4494 1503 4569 sibi
1522 4516 1625 4568 ιιιι

74 4613 304 4706 mancipium,
333 4613 370 4688 in
397 4614 490 4708 quod
517 4613 697 4688 saeviendi
723 4619 904 4708 acceperat
931 4617 1158 4707 potestatem,
1187 4615 1414 4708 querebatur;
1441 4615 1502 4691 sod
1530 4614 1623 4688 voci·

75 4736 206 4824 leuans,
235 4733 471 4828 quodminus
498 4733 537 4807 in
562 4735 660 4810 Luca
686 4735 851 4827 explebat
878 4734 1148 4824 verberationis,
1180 4734 1403 4833 significabat
1434 4755 1472 4808 se
1503 4736 1623 4827 exple·

73 4857 193 4928 turum
219 4874 331 4948 poena
358 4854 520 4930 aliorum.
548 4855 583 4927 N
586 4837 769 4930 oc'vsrbis
796 4854 994 4931 minatoriis
1022 4853 1134 4930 deluit
1162 4854 1318 4942 effectus.
1351 4855 1504 4931 Puerum
1532 4855 1624 4928 enim

75 4973 292 5052 duodennem
307 4972 350 5064 5),
380 4974 442 5067 qui
467 4995 570 5070 aegro
597 4975 798 5052 ministrare
829 4979 1073 5065 consueverat,
1106 4995 1185 5048 cum
1217 4974 1415 5058 solitarium
1441 4975 1480 5049 in
1507 4975 1622 5064 stuba,

75 5092 175 5168 cuius
204 5095 328 5168 furnus
353 5093 425 5167 ιιι
451 5094 616 5170 ιιιιιιιι
644 5097 774 5186 fuerat,
803 5095 1023 5186 offendisset,
1057 5099 1235 5188 arreptum
1262 5099 1298 5170 ιι
1324 5097 1538 5186 contortum,
1567 5116 1622 5168 ca·

182 5365 207 5446 1)
229 5367 352 5433 Bracuie
383 5363 460 5435 cod.
486 5366 597 5434 Praez.
628 5365 656 5454 ⁹)
687 5369 914 5448 szymyrsclri
945 5363 1022 5432 cod.
1058 5365 1147 5438 Galo.
1179 5367 1206 5448 ³)
1230 5369 1460 5454 §requestarum
1488 5368 1624 5431 omnibns

76 5465 138 5533 sd.
153 5468 249 5555 Lipa.
266 5467 292 5550 ⁴)
309 5470 466 5535 horribiles
479 5469 544 5536 Ed.
559 5470 652 5556 Lupa.
670 5471 696 5554 ⁵)
712 5474 878 5536 duodenum
896 5467 972 5536 cod.
987 5469 1097 5542 Prusa·
1120 5472 1274 5551 duodecim
1289 5490 1432 5546 annorum
1447 5468 1511 5536 Ed.
1531 5469 1622 5568 Lipr.
