4090 6290
349 541 423 612 688
855 559 969 614 arara
995 559 1241 612 nuonncrmus
1269 539 1383 630 (xrn).
1620 535 1688 635 (Α.
1710 533 1756 607 D.
1778 531 1904 630 scra.)

348 750 383 820 et
410 744 509 818 flocci
536 745 704 818 facerent:
733 743 902 836 Magister
929 747 1045 818 tamen
1072 743 1238 816 Prussiae
1266 743 1303 815 in
1323 745 1349 834 ¹)
1379 764 1441 815 suo
1469 743 1593 816 insano
1621 743 1764 816 cerebro
1801 741 1839 813 iu
1866 762 1904 814 ea

346 865 573 958 perdurabat,
610 886 680 938 non
713 865 913 957 appendens
929 863 972 955 ²),
1010 865 1213 958 Hungariae
1249 865 1398 957 Regem,
1418 864 1587 936 Mathiam
1625 865 1725 936 vafro
1753 861 1903 935 consilio

348 994 486 1079 tempus
506 1007 626 1079 caspe
654 988 854 1075 extrahere,
883 991 924 1058 ut
950 986 1093 1060 interim
1120 986 1223 1058 rebus
1252 985 1344 1074 suis,
1374 1005 1451 1058 cum
1476 986 1572 1078 Rege
1590 983 1769 1057 conclusis
1791 983 1903 1053 Bobe-

348 1107 439 1182 miae
468 1107 505 1179 in
533 1107 650 1180 diaeta
677 1107 960 1194 Olomunonensi,
990 1129 1094 1198 qnam
1117 1110 1201 1178 tunc
1219 1106 1451 1198 personaliter
1469 1107 1585 1198 Reges
1605 1106 1706 1178 ambo
1725 1125 1791 1196 pro
1812 1105 1902 1174 festo

349 1227 575 1300 visitationis
605 1228 752 1301 Sanctae
780 1228 909 1300 Mariae
926 1226 956 1316 ³)
985 1228 1150 1319 agebant,
1184 1226 1409 1318 prouidisset.
1444 1227 1570 1318 Itaque
1602 1226 1810 1298 Kazimirus
1838 1224 1904 1295 Po-

349 1349 464 1422 loniae
491 1350 568 1421 Rex
596 1369 679 1421 saro
703 1369 789 1420 usus
810 1347 973 1434 consilio,
1001 1348 1202 1439 petentibus
1221 1347 1276 1419 his
1296 1347 1431 1419 duobus
1450 1347 1586 1418 nuntiis
1606 1345 1815 1439 Hungariae
1836 1343 1905 1414 Re·

349 1470 405 1563 gis
420 1471 464 1559 ⁴),
493 1469 658 1542 videlicet
685 1469 841 1542 Iohanne
868 1469 996 1560 Byelik
1032 1477 1067 1540 et
1100 1467 1309 1557 Zuolslrill,
1342 1468 1379 1539 in
1412 1467 1676 1559 suspensionem
1708 1463 1906 1558 guerrac⁶)

352 1595 388 1662 et
406 1588 610 1662 dilationem
630 1588 832 1679 ampliorem
852 1609 930 1662 cnm
949 1587 1118 1680 llagistro
1135 1589 1165 1677 7)
1193 1593 1228 1660 et
1247 1587 1376 1660 Ordine
1395 1588 1584 1660 consensit.
1611 1587 1802 1659 Nicolaum
1822 1605 1905 1657 rero

350 1711 495 1802 Tunger
521 1714 736 1800 prostratum
765 1713 800 1782 et
818 1709 1059 1796 humiliatum,
1090 1708 1224 1780 lucinus
1251 1729 1388 1800 quoque
1407 1729 1510 1780 suum
1529 1707 1721 1800 multiplici
1741 1706 1907 1778 lacrima

349 1853 426 1904 rum
455 1829 623 1903 effusione
650 1835 968 1922 recognoscentem,
998 1829 1041 1901 ad
1069 1829 1235 1921 gratiam,
1268 1829 1464 1902 iuramento
1491 1829 1675 1902 fidelitatis
1702 1828 1747 1900 ab
1776 1827 1844 1898 illo
1873 1831 1908 1897 et

350 1951 524 2026 Praelatis
549 1955 584 2023 et
608 1950 790 2023 Canonicis
819 1950 1099 2038 Varmiensibus,
1130 1971 1246 2022 secum
1273 1950 1535 2041 praesentibus
1564 1954 1728 2040 suscepto
1749 1952 1786 2021 et
1806 1968 1906 2038 prae-

351 2073 437 2144 stito
464 2075 564 2160 tunc,
594 2075 629 2144 et
656 2071 693 2143 in
721 2075 834 2144 castro
862 2071 1178 2162 Marienburgensi‚
1207 2070 1244 2142 in
1272 2071 1470 2162 praesentia
1488 2071 1741 2162 palatinorum,
1771 2067 1906 2139 milita·

350 2194 442 2266 rium
478 2197 513 2266 et
545 2191 692 2280 civium,
725 2192 801 2265 rice
833 2193 944 2264 altera
976 2191 1167 2264 solenniter
1198 2191 1493 2283 praestando,'et
1524 2211 1603 2262 cum
1640 2189 1793 2261 vasallis
1823 2209 1907 2260 suae

351 2313 519 2388 ecclesiae
546 2319 581 2386 et
609 2313 769 2385 omnibus
798 2311 1059 2403 Capitularibus
1087 2311 1247 2400 admisit,
1277 2315 1312 2384 ot
1333 2312 1377 2382 ad
1397 2311 1613 2384 Varmiensis
1634 2310 1807 2383 ecclesiae
1827 2331 1905 2400 pos-

351 2435 543 2508 sessionem
570 2433 674 2505 illum
701 2432 875 2507 restituit:
905 2453 944 2506 eo
971 2433 1158 2506 reformato
1178 2437 1213 2504 et
1231 2433 1345 2520 salvo,
1376 2432 1468 2523 quod
1495 2431 1651 2504 Praelati
1679 2437 1714 2504 et
1738 2429 1906 2502 Canonici

351 2554 593 2644 Varmienses,
627 2554 664 2626 in
692 2553 850 2646 qualibet
882 2553 995 2627 diotae
1032 2553 1199 2627 ecclesiae
1239 2553 1421 2626 uacatione
1458 2573 1527 2623 non
1555 2552 1733 2625 debebunt
1761 2551 1905 2642 eligere,

350 2675 422 2749 nisi
448 2695 632 2767 personam
659 2674 749 2767 Regi
775 2675 942 2748 Poloniae
973 2673 1167 2768 gratamss).
1201 2673 1364 2747 Graviter
1392 2677 1426 2746 et
1454 2673 1569 2745 animo
1602 2673 1724 2764 iniquo
1758 2672 1906 2763 Hungu-

350 2795 423 2870 riae
450 2797 528 2869 Rex
544 2795 575 2885 ⁹)
602 2794 921 2869 reconciliationem
947 2795 1149 2867 huiusmodi
1177 2795 1307 2883 ferens,
1341 2793 1528 2867 Nicolaum
1561 2795 1706 2886 Tunger
1733 2813 1797 2885 per
1825 2793 1905 2864 lito-

351 2938 408 2990 ras
436 2917 612 3009 obiurgat:
641 2915 809 2988 minitans
829 2916 885 2990 illi
904 2916 1172 3008 depositionem,
1202 2915 1294 3007 quod
1313 2937 1368 3006 eo,
1398 2915 1659 3004 atterebatur,
1679 2914 1840 3002 deserto,
1868 2913 1906 2984 in

352 3036 526 3110 Karimiri
554 3036 662 3129 Regis
690 3036 857 3111 Poloniae
884 3037 1052 3110 ditionem
1080 3041 1310 3110 concesserat.

428 3394 556 3468 llicolao
578 3391 785 3468 Proclriczlri
808 3392 1087 3486 Rumpereororsi
1110 3392 1260 3485 episcopo
1282 3391 1499 3484 lpotrkoaiae
1521 3395 1662 3482 monuo,
1686 3391 1826 3466 llatlias

816 3517 856 3588 do
879 3517 993 3589 lomna
1015 3517 1050 3588 in
1073 3516 1262 3606 episcopatu
1284 3516 1440 3588 succedit

459 3765 659 3838 Advenerat
687 3764 791 3838 otiam
811 3763 848 3837 in
866 3765 1059 3856 praelatam
1078 3763 1388 3856 Pyotrlroriensem
1413 3761 1562 3836 diaetam
1582 3761 1658 3835 siro
1677 3765 1902 3849 conventum,

354 3885 525 3958 Nicolaus
552 3884 782 3958 Prochnicrlri
810 3887 994 3978 episcopus
1025 3884 1359 3976 Kamyenoczcrsis‚
1397 3905 1441 3956 ex
1473 3883 1634 3970 Podalia,
1669 3882 1902 3974 archiopisco-

354 4011 476 4098 patum
503 4006 784 4098 Leopoliensem‚
814 4027 858 4078 err
881 4010 991 4078 morto
1014 4005 1174 4098 Gregorii
1194 4006 1251 4095 ¹⁰),
1281 4004 1336 4077 sui
1355 4005 1474 4076 ultimi
1496 4003 1693 4095 pontilicis,
1723 4025 1814 4074 anno
1834 4023 1901 4074 uno

355 4148 462 4219 supra
481 4127 525 4217 ¹¹)
554 4126 659 4199 semis
687 4126 757 4199 iam
784 4130 868 4199 tunc
895 4130 1091 4214 vacantem,
1121 4125 1164 4198 ad
1192 4146 1294 4216 quem
1322 4124 1549 4198 obtinendum
1573 4124 1775 4215 aliquorum
1795 4124 1901 4196 ecclo-

355 4247 576 4320 siasticorum
614 4246 826 4319 curiensium
849 4245 895 4336 ¹²)
931 4245 1110 4338 aspirabat
1145 4245 1305 4334 ambitio,
1342 4266 1363 4317 a
1395 4245 1574 4317 Kanimiro
1606 4245 1778 4317 Poloniae
1811 4245 1902 4336 Rege

353 4367 508 4461 precario
536 4371 571 4441 et
598 4367 673 4459 ipso
700 4367 916 4440 obtenturus.
944 4367 1017 4439 Esu
1043 4371 1160 4438 autem
1187 4365 1365 4457 anguillae
1383 4386 1506 4456 parum
1524 4365 1611 4438 bene
1629 4365 1765 4454 elixae,
1786 4365 1825 4437 in
1844 4364 1900 4436 iti·

354 4510 438 4562 nere
473 4489 567 4562 laeso
605 4492 640 4560 et
666 4487 792 4560 vitiato
824 4487 1018 4576 stomacho,
1052 4485 1088 4558 ir
1116 4485 1365 4578 Ppotrlroriam
1397 4485 1602 4574 adueniens,
1636 4485 1844 4557 distributis
1869 4485 1903 4556 in

356 4609 605 4703 suffragatores
632 4607 688 4682 sui
714 4607 886 4700 propositi
912 4607 1131 4697 muneribus,
1160 4606 1198 4679 in
1225 4605 1348 4679 febrim
1376 4605 1512 4678 incidit.
1542 4606 1616 4696 Qua
1635 4605 1769 4679 sensim
1788 4606 1901 4699 ingra-

297 4805 300 4810 .
355 4736 534 4821 sescento,
563 4729 619 4802 dio
645 4729 782 4819 Lunae,
810 4727 1112 4822 vicesimaprima
1135 4727 1264 4802 mensis
1288 4726 1401 4818 Iunii,
1430 4727 1468 4800 in
1494 4727 1686 4800 diversorio
1716 4747 1782 4800 suo
1807 4732 1903 4801 extra

464 5059 487 5142 ¹)
509 5079 564 5139 pro
586 5055 649 5121 Ed.
674 5056 764 5142 Lipo.
795 5055 820 5139 ²)
845 5056 1000 5119 attendens
1022 5052 1086 5118 Ed.
1111 5053 1201 5140 Lipa.
1227 5055 1251 5136 ³)
1274 5055 1400 5117 Sanctae
1429 5053 1541 5115 Mariae
1571 5052 1703 5130 Virginis
1726 5049 1793 5115 Ed.
1816 5049 1900 5136 Lipa.

356 5163 383 5248 ⁴)
405 5164 536 5226 Mathiae
565 5165 738 5240 Hungariao
767 5162 858 5238 Regis
888 5158 951 5221 Ea.
982 5157 1071 5242 Lips.
1105 5157 1132 5244 ⁵)
1163 5159 1326 5221 Crwolsaki
1358 5155 1433 5220 Coc.
1459 5153 1548 5220 Colo.
1580 5156 1607 5234 6)
1631 5159 1702 5218 belli
1725 5155 1791 5220 Ec.
1815 5156 1899 5240 La'pa

357 5269 382 5352 τ)
405 5269 544 5329 Prnssiao
566 5268 709 5343 Magistro
731 5262 794 5326 Ec.
818 5261 908 5346 Lipa.
933 5262 959 5342 ⁸)
981 5268 1110 5343 gratam,
1133 5263 1162 5322 in
1186 5263 1366 5339 episcopum.
1387 5257 1449 5323 Ec.
1466 5259 1556 5343 Lipr.
1581 5259 1761 5340 ⁹)l1atlnias
1785 5261 1897 5336 Hunga·

354 5376 418 5434 riae
438 5372 503 5432 Rex
525 5364 589 5432 Ed.
613 5367 704 5454 Lipa.
739 5367 778 5450 ¹⁰)
801 5367 923 5444 Georgii
946 5364 1009 5430 Ed.
1033 5365 1123 5449 Lipa.
1159 5365 1195 5447 ¹¹)
1219 5383 1309 5442 supra
1330 5363 1415 5428 deest
1437 5365 1474 5428 ia
1498 5362 1574 5428 Coa.
1603 5361 1692 5426 Octo.
1725 5363 1763 5446 ¹²)
1786 5364 1895 5426 nuum

356 5495 420 5541 rum
442 5470 506 5542 Ed.
528 5469 619 5558 Lipr.
