4046 6278
68 552 196 652 (AB.
217 549 344 650 1400.)
578 575 691 636 urana
718 575 965 634 sanaremus
991 561 1105 648 (aru).
1537 559 1617 634 aab

67 762 220 834 animum
248 762 399 850 iudaoit3
428 767 465 834 et
491 783 558 854 quo
586 763 623 835 id
651 761 790 836 facilius
819 764 991 856 perficiat,
1021 763 1121 837 offert
1149 785 1186 838 se
1213 765 1257 837 ad
1283 766 1614 857 repraesentationis

66 885 156 958 diem
196 889 346 977 quatuor
378 884 510 958 farinae
541 904 664 956 eamus
701 905 762 976 pro
798 889 914 957 rastro
947 885 1116 974 Sloahou,
1151 885 1242 977 qaod
1273 885 1417 958 earistia
1448 886 1615 961 frumenti

67 1006 262 1093 laborabat,
291 1005 439 1098 Georgia
467 1004 707 1078 Dambrouski
734 1010 952 1097 aooeptante,
988 1005 1243 1078 adductarum
1262 1006 1388 1098 Itaque
1413 1007 1459 1078 ad
1485 1006 1614 1079 eonsti-

67 1132 181 1199 tatum
209 1126 301 1200 diem
329 1125 476 1199 farinam
503 1125 541 1197 in
569 1125 749 1218 quadrigis
776 1125 966 1216 adduoeus,
996 1126 1142 1199 ouilibet
1169 1125 1359 1219 quadrigae
1386 1131 1536 1219 quatuor
1554 1147 1614 1200 ex-

66 1248 202 1342 peditos
229 1247 365 1338 pedites
385 1247 413 1334 ¹)
441 1245 650 1338 adiungens,
679 1247 834 1318 castrum
854 1245 1012 1321 Sloobou
1031 1247 1227 1339 ingressus,
1250 1251 1284 1320 et
1303 1267 1382 1320 eam
1402 1246 1613 1336 Saxonibas,

67 1369 125 1460 qui
152 1369 189 1440 in
218 1367 396 1459 obsequiis
423 1365 565 1458 Georgii
592 1366 629 1439 in
656 1371 770 1438 eastm
803 1367 1041 1454 morabantur,
1075 1366 1307 1458 proditionem
1334 1370 1476 1458 paetus,
1510 1367 1614 1440 faoile

68 1489 268 1580 oeenparit,
303 1486 559 1580 Georgiumque
592 1486 834 1560 Dambrouslri
866 1488 1089 1579 capitaneum
1121 1493 1162 1561 et¹
1188 1486 1457 1580 prineipaliores
1494 1491 1616 1580 eaptus

68 1610 171 1681 fundo
199 1609 309 1680 turris
336 1605 492 1680 retrusit.
522 1606 699 1680 Turbatus
718 1605 920 1680 Karim'irus
939 1589 1106 1680 Poloniae
1125 1607 1204 1681 Rex
1222 1608 1287 1680 hoo
1305 1627 1411 1696 nouo,
1440 1628 1519 1680 eam
1539 1608 1614 1680 suis

68 1729 227 1802 omnibus
254 1729 405 1820 primum
433 1726 613 1800 vafrioiem
640 1726 824 1818 petitionis
851 1727 961 1800 Duois
990 1727 1134 1800 Heariai
1166 1728 1379 1819 Stolpensis,
1410 1749 1479 1820 qna
1508 1749 1545 1802 ss
1573 1729 1616 1804 ad

68 1849 337 1941 redemptionem
370 1846 576 1940 oppidorum
610 1847 777 1939 Stargard
805 1853 841 1920 ιι
867 1847 1099 1939 Choynieaae,
1134 1869 1174 1921 ao
1200 1848 1350 1922 aliarum
1382 1848 1615 1922 munitionum

69 1981 177 2044 terrae
204 1968 448 2055 Pomoraniae‚
482 1967 624 2042 admitti
655 1973 918 2059 perseveranter
949 1968 1152 2060 expetebat,
1186 1968 1386 2062 intelligere
1419 1969 1548 2061 eoepit,
1581 1973 1616 2042 et

69 2089 172 2164 rastri
200 2090 361 2163 Sloohou
388 2089 678 2179 interreptionem
705 2089 770 2162 sub
796 2088 1026 2181 generalitate
1058 2088 1242 2179 petitionis
1274 2089 1438 2178 latuisse,
1468 2089 1614 2164 aeaersir

70 2211 185 2302 tisque
213 2209 399 2283 ducalibus
427 2208 562 2281 nuntiis
590 2209 760 2300 (nondum
783 2209 876 2282 enim
895 2231 938 2282 ex
958 2207 1143 2301 Bidgostia
1165 2212 1408 2300 resumerent),
1436 2230 1506 2282 nou
1524 2215 1617 2284 reete

49 2315 184 2405 'seuam
212 2351 275 2422 per
302 2330 434 2402 Darem
449 2328 481 2418 ²)
508 2329 700 2402 Henrioum
727 2329 800 2422 agi,
834 2351 946 2422 neque
974 2330 1106 2402 Daosm
1133 2329 1326 2403 Hordeum
1353 2351 1417 2402 sna
1443 2329 1616 2422 linquisse

70 2453 194 2526 eallide
222 2451 365 2544 ingenia
393 2449 549 2524 dedaeit:
579 2471 659 2522 eam
686 2455 840 2524 nastrum
866 2450 1002 2543 regiam
1031 2471 1051 2522 a
1078 2449 1154 2522 sais
1181 2443 1378 2541 potioribus
1397 2450 1550 2524 subditis
1568 2451 1618 2524 sit

70 2574 313 2665 interceptam.
352 2571 523 2644 Turbatos
561 2591 598 2644 se
630 2569 749 2644 nuntii
780 2575 816 2644 et
848 2575 999 2646 moestos
1028 2571 1233 2661 ostendunt,
1271 2571 1540 2664 admissumque,
1577 2575 1618 2644 at

72 2693 327 2787 quamprimum
350 2691 516 2766 reddatur
538 2691 646 2784 Regi,
674 2691 978 2784 compromittant,
1006 2690 1112 2766 ueriti
1138 2695 1195 2784 (ιιι
1222 2695 1326 2782 reor),
1356 2713 1399 2766 ne
1418 2713 1480 2784 pro
1499 2712 1617 2766 eoram

71 2816 187 2888 dolosa
214 2814 390 2908 legatione
418 2812 554 2904 aliquid
581 2813 619 2886 in
646 2833 705 2887 eos
733 2814 924 2887 extremius
951 2814 1030 2887 Rex
1059 2813 1267 2887 oonsnleret.
1297 2812 1410 2886 Mittit
1428 2817 1463 2886 et
1481 2813 1526 2886 ad
1544 2814 1616 2885 Da·

71 2955 141 3010 oem
158 2935 352 3010 Hearieam
372 2934 594 3026 Stolpensem
611 2934 690 3009 Rex
717 2934 908 3009 Iohannem
926 2933 1214 3008 Maroainkouslri
1232 2933 1454 3026 oapitaneum
1472 2933 1509 3007 in
1529 2935 1615 3007 Dra-

71 3057 158 3147 bim,
187 3060 396 3148 questurum
412 3055 504 3128 hano
521 3054 703 3143 iniuriam,
728 3055 1057 3148 restitutionemque
1076 3055 1184 3129 rastri
1202 3053 1473 3147 depossitaram.
1504 3054 1618 3128 Mittit

73 3183 105 3250 et
130 3178 174 3252 ad
202 3175 393 3250 Martinam
420 3175 625 3250 Saieaouioa
652 3173 819 3250 Iaoobum
846 3176 1050 3269 Gapelholea
1066 3173 1097 3266 ³)
1125 3175 1224 3250 uelat
1251 3175 1426 3264 ferialem,
1455 3174 1617 3266 pluribus

73 3297 201 3387 uerbis,
223 3297 351 3390 quibas
370 3296 560 3369 Martinam
580 3295 785 3371 Saiorouiea
808 3297 993 3372 eonvenire
1021 3297 1160 3385 debeat,
1189 3295 1418 3384 instruetum,
1447 3303 1488 3368 at
1501 3296 1533 3384 ⁴)
1561 3316 1616 3370 oa·

74 3423 183 3492 stram
201 3417 620 3520 interceptumrestitaat
635 3417 677 3508 5).
706 3417 862 3492 Veniant
879 3419 923 3491 ad
941 3417 1045 3492 illam
1064 3417 1193 3510 daspar
1211 3415 1429 3506 Nosthwioa,
1450 3417 1574 3488 Hanus
1586 3416 1617 3506 θ)

73 3538 113 3613 do
130 3539 210 3628 Mal,
230 3537 405 3630 oapitanei
423 3537 714 3630 Obopnioaenses,
736 3543 891 3612 nastrum
910 3539 1068 3612 Sloohou
1087 3538 1130 3612 ab
1150 3559 1189 3612 eo
1209 3542 1303 3613 serta
1320 3537 1490 3630 peouniae
1508 3558 1617 3630 quan·

73 3660 189 3748 titate,
218 3658 257 3731 in
282 3661 447 3750 prompta
474 3659 603 3749 danda,
632 3659 796 3752 empturi.
830 3659 936 3732 Venit
964 3664 999 3732 et
1025 3659 1173 3733 Dinisoh
1189 3659 1220 3748 7)
1247 3657 1420 3733 Friderioi
1446 3657 1617 3732 Marohio-

73 3779 126 3854 nis
153 3778 479 3870 Brandeburgensis
506 3779 715 3872 praeeipaus
743 3779 982 3868 consiliarius,
1011 3779 1048 3852 in
1076 3779 1307 3872 qnadraginta
1326 3799 1493 3872 equorum
1511 3778 1618 3852 aorni-¹

74 3904 164 3990 tatu,
194 3904 277 3974 astu
304 3904 339 3973 et
366 3899 526 3988 solertia,
556 3899 684 3992 quibas
711 3900 882 3993 pollebat,
912 3899 1015 3974 faaile
1042 3921 1079 3973 se
1107 3900 1250 3974 eredens
1278 3899 1315 3972 in
1343 3902 1538 3973 ooasortem
1562 3920 1617 3974 oa·

76 4021 140 4094 stri
167 4020 433 4110 assumendum,
467 4025 501 4092 ιι
533 4019 723 4094 Martinam
750 4021 957 4114 procedente
983 4025 1155 4112 tompore,
1189 4041 1234 4094 ea
1265 4019 1365 4093 illias
1401 4019 1620 4111 possessione

75 4140 309 4216 debusuram.
338 4141 407 4215 Sed
434 4141 608 4214 Martinus
637 4141 842 4216 Saieaouieu
869 4141 1044 4216 Saxonioa
1070 4141 1227 4216 versutia
1245 4145 1283 4215 ιι·
1296 4139 1374 4232 ipse
1390 4141 1557 4230 refertus,
1585 4147 1620 4216 et

75 4264 167 4357 regio
195 4263 320 4336 nuntio
347 4262 511 4336 blandius
536 4263 767 4356 respondens,
796 4264 897 4338 offert
924 4285 961 4339 se
987 4285 1057 4337 non
1084 4284 1146 4357 pro
1174 4261 1260 4351 alio,
1290 4283 1395 4355 quam
1421 4282 1484 4354 pro
1504 4262 1618 4335 'Polo-

76 4384 152 4459 niae
179 4386 293 4478 Rege,
322 4383 579 4476 idamptitatem
606 4405 685 4458 oum
713 4406 776 4458 sno
803 4386 899 4459 Duae
927 4385 1107 4479 Stolpensi
1134 4384 1300 4473 habente,
1329 4387 1485 4456 nastrum
1503 4403 1619 4457 serra·

76 4510 192 4578 turum
207 4505 256 4595 ⁸);
284 4504 558 4596 dhopnioaensss
590 4526 668 4578 oum
697 4507 854 4598 bonaque
881 4527 942 4599 spe
969 4506 1168 4595 remittens,
1202 4505 1240 4578 in
1270 4503 1369 4577 alind
1395 4507 1534 4596 tempus
1561 4525 1624 4578 ue·

77 4625 149 4700 nire
176 4626 303 4700 iussit:
332 4624 478 4698 Diniseh
505 4645 587 4699 uero
613 4609 818 4700 nallatenus
846 4648 947 4721 egere
974 4627 1125 4722 auxilia,
1154 4625 1313 4718 satisque
1341 4645 1378 4698 se
1405 4623 1535 4698 viriam
1557 4624 1618 4696 ha·

77 4745 156 4821 bere
184 4746 228 4820 ad
255 4746 362 4820 rastri
389 4745 585 4820 eustodiam
611 4751 647 4821 ιι
674 4746 866 4838 defensam,
894 4747 1085 4840 rospondit.

184 5041 207 5121 ¹)
229 5041 344 5119 pedites
368 5037 572 5104 desideratur
592 5039 630 5104 aba
654 5033 730 5104 coa.
756 5035 845 5104 Calo.
869 5039 964 5121 ²)per
977 5042 1091 5104 Duoem
1106 5041 1291 5119 Stolpensem
1305 5036 1369 5102 Ed.
1385 5035 1476 5125 Lipe.
1492 5039 1524 5120 θ)
1540 5040 1622 5103 Onal-

79 5143 159 5206 boloa
181 5141 244 5208 Ed.
267 5142 356 5228 Lapa.
382 5142 409 5224 ⁴)
428 5151 461 5208 at
476 5141 562 5209 deest
581 5149 619 5207 ia
642 5139 718 5208 Coa
744 5139 832 5208 Calo.
858 5141 885 5230 ⁵)
908 5147 1119 5209 restituturum.
1144 5139 1221 5209 Cori.
1246 5139 1334 5208 Calo.
1358 5141 1387 5225 ⁶)
1409 5144 1536 5208 Ioannes
1558 5140 1622 5207 Ed.

81 5243 168 5331 Ia'ps.
193 5246 218 5329 ⁷)
241 5249 376 5312 Diwisoh
402 5246 479 5312 de.
501 5243 610 5313 roza.
633 5247 660 5328 θ)
680 5248 819 5312 casuum
841 5254 1025 5313 sauamrum
1046 5249 1260 5313 srooboaionoe
1279 5240 1344 5314 Eat
1366 5245 1469 5334 Lipa'
1585 5299 1588 5306 .
