4052 6286
95 532 163 637 (Α.
183 535 229 612 D.
250 535 376 637 1467.)
487 550 494 561 ’
610 559 723 614 arena
749 559 994 615 nuonncrmus
1022 544 1135 634 (1111).
1570 539 1645 612 493

94 751 289 839 suseeptas.
327 745 480 838 Quarum
507 747 612 820 Anna
643 745 766 838 nupsit
793 745 943 820 Iohanni
970 746 1236 822 Rosaembershi
1256 747 1283 837 1)
1311 747 1433 822 baroni
1460 745 1504 820 de
1531 745 1643 819 Bohe-

95 866 183 955 mia,
212 867 397 942 Elisabeth
411 864 443 957 Ἄ)
471 866 571 961 virgo
599 865 733 940 extitit.

92 1221 209 1294 lodoeo
228 1221 379 1312 episeopo
394 1219 655 1293 Wruddaviensi
669 1222 810 1308 monuo,
832 1220 1019 1311 hadulphus
1036 1222 1205 1313 episeopus
1220 1222 1437 1309 tevestinus,
1461 1221 1554 1294 tatis
1568 1223 1646 1313 lpo·

93 1341 234 1414 etoliuae
257 1342 413 1432 legatus,
435 1341 478 1414 ad
501 1341 694 1431 petitionem
723 1341 910 1414 nardorum
936 1342 1034 1432 lena
1056 1343 1206 1414 Poloniae
1230 1345 1265 1414 et
1286 1343 1441 1416 bunnam
1465 1342 1648 1430 bohemiae,

380 1480 438 1552 per
460 1461 640 1552 bupitulum
661 1461 929 1535 'reddederet
952 1463 987 1535 ln
1010 1462 1195 1553 episeopus
1218 1462 1359 1578 eligitm.

199 1707 264 1781 Die
283 1707 422 1797 Martis,
443 1707 665 1800 quindeeimu
685 1709 885 1784 Decembris
897 1707 928 1800 ³)
956 1709 993 1784 in
1012 1731 1152 1795 aurora,
1173 1710 1322 1783 Iodoeus
1341 1709 1525 1802 episeopus
1541 1709 1641 1783 Wra-

94 1827 332 1918 tislaviensis,
362 1830 469 1902 frater
496 1827 628 1902 ordinis
656 1829 778 1904 Sauoti
805 1830 974 1904 Iohannis
994 1831 1179 1922 Sepulchri
1205 1829 1326 1904 Saneti
1350 1829 1645 1923 ierosolymitani,

24 1977 30 1984 ·
94 1947 152 2020 vir
177 1948 399 2042 eloquentiae
432 1953 467 2023 et
494 1947 700 2024 literaturae
732 1956 838 2042 etque
868 1951 1075 2044 prudentiae
1110 1951 1317 2045 singularis,
1351 1955 1507 2025 staturae
1539 1952 1643 2040 altae,

93 2068 287 2162 grandibus
315 2069 427 2142 oeulis
455 2089 495 2144 ao
522 2069 651 2161 eapite,
682 2091 823 2163 eorpore
850 2091 930 2146 vero
959 2091 1115 2160 erassus,
1143 2071 1274 2145 nobilis
1298 2071 1341 2144 de
1360 2071 1460 2146 domo
1479 2072 1644 2144 Rosaem-

94 2189 318 2282 burgensium
351 2211 394 2263 ex
427 2189 612 2280 Bohemia,
644 2190 787 2264 rubeam
819 2212 933 2265 rosam
961 2191 999 2264 in
1025 2211 1145 2284 eampo
1173 2191 1253 2265 albo
1281 2191 1528 2280 deferentium,
1563 2192 1644 2262 dum

94 2309 134 2382 in
160 2311 367 2402 pontifieatu
394 2331 502 2384 annos
530 2309 665 2399 deeem,
699 2333 836 2386 menses
863 2333 943 2402 sex,
973 2311 1165 2406 exegisset,
1198 2312 1236 2384 in
1264 2311 1391 2404 oppido
1426 2333 1490 2385 sua
1521 2311 1643 2399 Nisus,

96 2435 134 2505 et
160 2431 198 2504 ia
225 2431 323 2504 ouria
348 2452 410 2525 per
436 2431 553 2523 ipsam
573 2431 756 2524 splendide
775 2432 975 2522 aedifieata,
1002 2432 1167 2527 religiose
1185 2437 1220 2506 et
1236 2432 1377 2522 devote,
1402 2433 1563 2506 omuibus
1582 2432 1643 2505 Sa-

94 2551 283 2626 eramentis
310 2551 378 2624 rite
404 2557 628 2644 pvoouratus,
657 2571 702 2626 ex
729 2554 865 2626 ealeulo
893 2557 928 2628 et
954 2555 1099 2646 orapula
1125 2551 1284 2626 moritur.
1312 2553 1359 2625 Et
1386 2552 1468 2624 dum
1493 2551 1644 2625 Wratis·

16 2771 18 2774 Ι
94 2673 227 2746 leriam
253 2673 386 2745 relatus
414 2677 523 2762 esset,
552 2673 741 2746 baronibus
770 2673 975 2763 Bohemiee,
1004 2673 1065 2767 qui
1083 2672 1127 2746 ad
1146 2676 1355 2747 eonventum
1375 2671 1643 2746 Wratislavien·

94 2813 170 2868 sem
201 2791 472 2882 conveniebant,
510 2793 759 2868 comitantibus
795 2792 915 2883 illum,
956 2814 1136 2868 eommune
1173 2792 1465 2867 Wratislaviense
1493 2807 1559 2885 'pro
1592 2801 1643 2881 eo,

95 2914 180 3008 quia
211 2914 403 2987 Iohannem
434 2913 679 3006 Praepositum
706 2913 1036 2989 Wratislaviensem
1063 2918 1202 3010 oeperat
1233 2913 1430 3006 aliquanto,
1464 2932 1508 2986 ne
1535 2911 1643 2985 intro·

93 3035 311 3122 mitteretur,
331 3031 439 3107 donee
457 3033 685 3126 Praepositae
704 3034 742 3107 in
760 3034 959 3108 libertatem
979 3035 1156 3124 evaderet,
1177 3033 1327 3108 obstitit.
1356 3033 1528 3106 Induetus
1546 3053 1641 3120 vero,

93 3155 134 3228 in
162 3153 310 3228 eoelesia
340 3153 465 3226 maiori
492 3153 529 3227 in
556 3154 676 3242 ohoro,
705 3155 800 3228 iusta
827 3155 941 3230 funeri
971 3156 1162 3230 baronibus
1195 3154 1363 3228 Polouiae
1394 3159 1430 3226 et
1456 3153 1644 3227 Bohemiae

92 3296 136 3348 ae
162 3275 335 3348 Praelatie
362 3279 398 3346 et
425 3274 608 3348 canonisis
645 3275 1000 3350 Wratisluviensibus
1033 3276 1091 3349 illi
1122 3275 1421 3370 persolventibus,
1459 3273 1642 3366 sepelitur.

91 3395 162 3470 Die
187 3415 269 3468 vero
298 3393 504 3468 Senatorum
531 3395 681 3468 Fabiani
700 3399 735 3469 et
753 3396 969 3485 Sebastieni,
997 3417 1060 3489 pro
1084 3396 1244 3490 eligendo
1263 3396 1380 3468 tuturo
1407 3394 1571 3487 pontiiioe
1590 3393 1642 3466 in·

91 3515 206 3604 diota,
234 3514 443 3607 liudolphus
472 3514 656 3607 episeopus
684 3517 919 3610 Levantinus,
947 3517 1048 3591 Sedis
1075 3516 1300 3609 Apostolieae
1327 3521 1410 3588 tuno
1427 3515 1522 3608 apud
1541 3515 1642 3588 Wra-

91 3633 277 3709 tislaviam
303 3635 475 3728 Legatos,
504 3657 566 3728 per
592 3635 721 3729 viginti
749 3636 966 3729 capitulares
985 3637 1023 3710 in
1041 3637 1203 3730 capitulo
1231 3637 1363 3710 eleotus
1383 3635 1544 3710 eoneordi
1562 3639 1644 3708 voto

91 3755 158 3830 via
184 3753 363 3844 serotinii,
390 3755 592 3847 postulatus
620 3761 690 3844 est,
723 3755 885 3848 preeibus
913 3762 949 3830 et
975 3757 1261 3850 persuasionibus
1288 3757 1397 3850 Regis
1413 3756 1444 3846 4)
1476 3755 1644 3830 Poloniae

91 3875 300 3950 nuntiorum
321 3879 356 3947 et
374 3873 528 3948 omniurn
546 3876 714 3950 baronum
743 3876 947 3964 Bohemiee,
976 3877 1227 3951 Wratislaviae
1250 3877 1504 3970 praesentium,
1533 3897 1642 3969 expu-

90 4001 238 4091 gnatos:
267 3995 304 4068 in
330 3995 531 4087 pontideem
550 3996 642 4070 enim
662 3999 836 4086 futurum,
869 3997 1123 4071 Praemislaum
1152 4000 1282 4072 Dueem
1310 3995 1504 4090 Oppuviae,
1534 3998 1642 4071 Desa·

89 4137 181 4190 num
214 4115 362 4189 Sanotae
394 4115 514 4189 Grauis
542 4123 577 4190 et
604 4117 814 4191 canonicum
841 4119 1186 4208 wratislaviensem,
1220 4119 1349 4212 eligere
1382 4118 1508 4191 animis
1535 4116 1642 4191 desti·

89 4239 277 4310 naverunt.
306 4235 413 4308 cuius
431 4236 702 4327 postulationem
722 4236 855 4310 Paulus
874 4238 1047 4311 secundus
1066 4239 1213 4328 Romae,
1242 4239 1299 4312 die
1318 4241 1454 4326 Lunae,
1475 4236 1643 4311 vieesima

90 4355 222 4449 quinta
248 4355 384 4447 Aprilis
399 4353 430 4444 5)
458 4356 693 4446 oonfirmavit,
722 4361 758 4429 et
776 4361 940 4430 ornatam
958 4357 1115 4450 plenarie
1134 4359 1299 4448 indulsit,
1319 4359 1561 4452 gratissimum
1580 4359 1642 4430 ha·

89 4477 199 4564 bens,
227 4475 320 4568 quod
346 4474 475 4547 Nuntii
507 4475 549 4548 ab
578 4497 616 4548 eo
635 4476 673 4549 in
690 4477 966 4569 paeifieationem
994 4478 1252 4569 provintiarum
1284 4479 1401 4568 missi,
1435 4478 1472 4551 in
1501 4477 1641 4570 pontifi-

90 4615 155 4670 ees
172 4595 450 4688 deposueruntur.
480 4594 545 4667 Vir
563 4596 752 4684 mansueti,
780 4596 887 4688 periti
906 4602 941 4670 et
957 4597 1116 4691 religiosi
1135 4598 1284 4692 ingenii,
1306 4600 1530 4673 Deeretoram
1551 4599 1639 4671 Doe-

90 4721 169 4804 tor,
196 4735 322 4808 genere
339 4715 487 4804 nobilis,
508 4735 553 4788 ex
572 4715 698 4809 oppido
717 4717 975 4790 Ruhhersheim
991 4718 1021 4807 6)
1049 4718 1276 4812 maguntinae
1294 4719 1459 4806 diocesis,
1481 4719 1642 4792 dedomo

91 4841 134 4911 et
162 4835 310 4924 familia,
339 4856 428 4928 quae
453 4855 515 4929 pro
544 4836 715 4928 superiori
747 4841 846 4930 parte
879 4837 985 4932 elipei
1014 4839 1235 4914 medietatem
1263 4841 1388 4914 stellae
1425 4839 1641 4932 septioornu·

91 4961 172 5044 tas,
202 4955 238 5028 in
266 4954 424 5029 inferiori
451 4975 532 5029 vero
559 4961 659 5047 parte
685 4977 801 5030 rosum
828 4957 943 5031 albam
973 4959 1010 5032 in
1037 4960 1143 5033 rubeo
1171 4980 1307 5054 eampo,
1327 4965 1363 5033 et
1381 4959 1418 5033 in
1436 4959 1549 5034 medio
1568 4959 1643 5052 pla·

205 5245 461 5324 ¹)Roaembarski
485 5245 548 5309 Ed.
572 5245 665 5331 Lapa.
688 5247 738 5327 (de
760 5249 956 5329 Rosenberg).
985 5246 1188 5326 ⁹)Elisabeth
1204 5269 1274 5312 vero
1289 5247 1352 5312 Ed.
1369 5248 1459 5334 Lupe.
1484 5249 1643 5328 ⁸)mensis

89 5350 269 5414 Doeembrle
291 5347 355 5412 Ed
378 5347 469 5434 La'pe
494 5348 680 5430 ⁴)Oasimirl
701 5352 792 5429 Regis
814 5349 879 5414 Ed.
902 5349 992 5435 Lipe.
1018 5350 1176 5432 ⁵)mensis
1197 5353 1310 5431 Aprilis
1333 5351 1396 5416 Ed.
1413 5351 1501 5437 Lapa.
1519 5350 1641 5433 ⁰)lluk·

89 5453 264 5531 kereehayn
285 5449 348 5517 Ed.
371 5450 460 5537 Lipe.
482 5453 695 5534 (liddeshelm).
1640 5497 1644 5505 ·
