4126 6280
408 558 486 634 aba
915 577 1031 634 arsura
1056 581 1301 634 nuooncnrns
1328 563 1442 653 (κω).
1676 557 1744 660 (Α.
1763 557 1811 633 D.
1830 536 1954 655 1457.)

406 789 463 842 res
491 787 629 860 qnoque
655 764 813 854 illorum,
842 764 1054 858 principales
1082 766 1204 854 etiam,
1234 767 1447 859 specialibus
1474 768 1589 841 literis
1609 773 1644 841 et
1664 768 1800 840 nuntiis
1824 767 1953 840 denun-

407 887 596 976 tiantibus,
630 886 667 960 in
695 890 825 978 quanto
852 908 909 961 roe
935 885 1078 979 publica
1104 893 1304 961 versaretur
1334 888 1505 980 periculo,
1539 888 1668 961 arisati
1702 888 1871 976 luissent,
1899 907 1955 958 ne-

408 1007 595 1101 quicquam
623 1007 725 1095 moti,
753 1007 867 1100 magis
894 1007 1049 1080 ostentui
1077 1013 1111 1080 et
1139 1008 1293 1096 fabulae,
1323 1030 1426 1100 qnam
1454 1008 1687 1100 compassioni
1706 1009 1849 1102 singula
1867 1030 1953 1079 nnn·

406 1129 496 1201 tiata
519 1128 735 1221 deputabant
754 1127 793 1217 ¹),
821 1126 944 1199 multis
967 1128 1108 1201 tandem
1128 1128 1456 1202 comminationibus
1474 1129 1582 1222 regiis
1602 1134 1636 1202 et
1655 1129 1791 1201 nuntiis
1811 1127 1956 1220 pulsati,

408 1269 478 1322 non
511 1248 582 1320 nisi
614 1247 706 1321 circa
734 1250 863 1321 sosium
895 1247 1161 1338 Assumptionis
1181 1249 1343 1330 ,Sanctae
1372 1247 1547 1337 ilariaco
1580 1249 1728 1341 egrossi,
1757 1247 1959 1320 tardissimo

408 1389 547 1463 gressu,
582 1367 797 1444 demoliendo
831 1387 987 1459 quaeque
1020 1368 1247 1441 ecclesiarum
1280 1373 1315 1440 et
1343 1369 1631 1441 monasteriorum
1664 1370 1788 1456 villae,
1822 1387 1959 1459 posses-

413 1489 528 1562 siones
565 1491 600 1562 et
633 1486 800 1575 decimas,
839 1486 1056 1561 incedebant.
1095 1488 1169 1562 Nec
1201 1489 1360 1582 frugibus
1394 1489 1548 1561 omnium
1581 1510 1763 1581 generum,
1803 1508 1895 1580 quae
1928 1487 1962 1558 in

411 1611 535 1683 horrea
554 1607 623 1680 iam
642 1609 808 1681 collectae
826 1611 941 1695 erant,
962 1613 997 1681 ot
1015 1607 1215 1700 pecoribus,
1236 1629 1391 1700 quaeque
1419 1614 1481 1680 aut
1508 1608 1733 1682 remittebant
1750 1609 1787 1681 in
1807 1607 1960 1700 propria,

412 1734 475 1804 aot
501 1728 687 1802 venalitati
714 1727 952 1819 exponebant,
982 1728 1154 1817 contenti,
1183 1729 1244 1801 sed
1271 1727 1378 1800 etiam
1405 1729 1590 1820 rapacibus
1619 1729 1780 1802 manibus
1805 1749 1962 1820 quaeque

414 1849 582 1924 interiora
613 1851 891 1941 perscrutantes,
926 1847 1020 1921 omni
1052 1869 1177 1940 genere
1209 1848 1359 1921 iniuriae
1387 1854 1422 1920 et
1449 1848 1592 1940 rapinae
1623 1849 1660 1920 in
1693 1849 1854 1940 proprios
1883 1855 1963 1921 sunt

413 1970 487 2060 usi,
516 1974 557 2043 ut
584 1989 654 2041 non
681 1969 724 2040 ad
752 1967 899 2056 hostile,
929 1968 989 2042 sed
1016 1967 1121 2041 ciuile
1149 1973 1184 2042 ot
1211 1969 1439 2042 domesticum
1457 1970 1606 2057 bollum,
1627 1989 1686 2041 eos
1705 1970 1865 2042 crederes
1885 1991 1963 2042 con·

414 2089 622 2165 surrexisse.
649 2087 729 2161 Non
756 2088 875 2161 deerat
901 2093 1018 2162 tamen
1044 2089 1135 2160 ultio
1163 2088 1299 2177 divina,
1328 2111 1416 2180 quae
1442 2111 1504 2181 pro
1534 2095 1605 2161 tam
1632 2090 1765 2162 crudeli
1795 2091 1911 2182 spolio
1930 2089 1965 2160 in

416 2232 493 2298 eos,
522 2209 584 2302 qui
603 2207 690 2280 sorti
709 2229 793 2281 suae
816 2207 924 2280 dicati
953 2213 1052 2297 sunt,
1077 2209 1402 2301 correspondentam
1429 2209 1597 2283 tribueret
1612 2207 1643 2298 ³)
1671 2209 1965 2282 vicissitudinem.

417 2332 509 2404 Nam
535 2330 618 2401 dum
646 2326 823 2402 exercitus
850 2328 1055 2418 Polonicus,
1086 2335 1139 2401 tot
1166 2329 1290 2420 spoliis
1319 2330 1539 2421 propriorum
1566 2329 1776 2423 insignitus,
1806 2331 1852 2402 ad
1870 2329 1967 2420 oppi-

418 2452 500 2523 dum
529 2448 807 2542 Myslowienc⁴)‚
835 2447 873 2520 in
900 2469 968 2539 qno
995 2449 1115 2522 hostes
1140 2472 1177 2522 se
1195 2450 1453 2538 concluserant,
1483 2450 1710 2522 obsidendum
1734 2449 1968 2534 conuenisset,

418 2576 455 2644 et
483 2575 585 2662 turpe
616 2568 811 2657 uideretur,
845 2569 949 2661 longo
983 2571 1152 2660 tempore,
1185 2591 1368 2642 numeroso
1401 2569 1589 2657 exercitui,
1623 2570 1683 2660 qui
1711 2571 1755 2641 ad
1783 2569 1971 2662 sexaginta

419 2689 533 2765 millia
560 2693 697 2780 poterat
723 2687 919 2776 aestimari,
949 2687 1010 2760 uni
1038 2689 1114 2762 rico
1143 2689 1270 2781 magis,
1300 2711 1403 2781 quam
1430 2690 1573 2782 oppido,
1602 2712 1666 2762 nec
1693 2696 1787 2778 arte,
1817 2711 1882 2762 nec
1911 2711 1968 2760 na·

420 2815 500 2884 tura
526 2807 677 2898 munito,
706 2807 875 2881 assidere:
904 2807 1074 2899 impetum
1101 2813 1222 2881 contra
1250 2809 1415 2900 oppidum
1444 2811 1544 2898 lacit,
1574 2814 1609 2881 et
1627 2810 1718 2882 illud
1738 2810 1893 2882 uiriliter
1914 2831 1971 2881 ex-

420 2928 621 3024 pugnare⁵)
649 2927 775 3020 eoepit.
806 2927 879 3019 Quo
907 2927 977 3000 iam
1004 2948 1091 3019 pone
1118 2933 1336 3022 expugnato,
1365 2929 1447 3001 dum
1465 2931 1584 3002 hostes
1605 2951 1642 3003 se
1661 2951 1788 3022 magna
1806 2951 1893 3003 roae
1914 2930 1971 3002 de·

421 3049 517 3123 disse
544 3049 835 3136 succlamassent,
865 3053 1008 3139 repente
1035 3049 1238 3121 adveniunt.
1273 3049 1340 3140 Qui
1367 3049 1467 3122 iussu
1496 3050 1685 3142 primorum
1713 3051 1886 3122 baronum
1916 3071 1973 3121 eos

423 3170 466 3244 ab
494 3167 754 3263 expugnatione
781 3171 816 3241 et
843 3166 963 3259 oppidi
982 3167 1224 3260 occupatione,
1253 3190 1332 3241 cnm
1354 3169 1424 3242 iam
1442 3171 1562 3242 hostes
1581 3191 1650 3243 non
1670 3170 1740 3243 nisi
1758 3171 1975 3264 proiectione

422 3289 526 3383 panis
554 3293 589 3362 ot
615 3288 700 3376 luti,
728 3287 811 3361 telis
834 3291 870 3360 et
887 3287 1163 3381 propugnaculis
1190 3288 1449 3378 deficientibus,
1484 3295 1682 3379 uterentur,
1721 3296 1910 3384 segregant
1943 3300 1975 3362 et

424 3409 619 3496 abducunt,
649 3415 684 3481 ot
710 3407 893 3480 uictoriam
922 3407 964 3482 de
990 3407 1169 3496 hostibus,
1197 3430 1266 3481 non
1288 3409 1363 3482 sine
1382 3409 1529 3482 interitu
1549 3411 1741 3482 multarum
1760 3411 1972 3484 notabilium

424 3549 653 3623 personarum
681 3527 930 3621 (qnadraginta
957 3528 1050 3602 enim
1077 3528 1213 3602 nobiles
1242 3530 1436 3624 terrigenae
1465 3553 1542 3602 cum
1570 3530 1734 3621 pluribus
1753 3531 1837 3602 aliis
1856 3531 1974 3602 minus

424 3648 625 3742 insignibus
657 3647 848 3720 desiderati
885 3654 982 3736 sunt,
1021 3656 1161 3722 centum
1192 3651 1385 3740 vulnerati)
1422 3651 1491 3723 iam
1520 3653 1696 3742 adeptam,
1724 3651 1880 3743 propriis
1910 3652 1975 3724 eri-

425 3769 530 3863 piunt
556 3773 592 3841 et
618 3766 781 3840 hostibus
809 3767 1014 3840 concedunt.
1043 3769 1174 3842 Hostes
1202 3775 1317 3843 autem
1346 3775 1444 3844 tanto
1471 3777 1566 3844 metu
1600 3771 1757 3859 liberati,
1791 3777 1895 3844 nocte
1925 3794 1975 3844 sc·

427 3887 550 3981 quenti
569 3892 604 3960 et
622 3886 793 3979 ampliora
820 3887 915 3959 ralla
942 3887 1092 3976 iaciunt,
1121 3893 1156 3962 et
1183 3889 1334 3980 lapides,
1362 3891 1502 3963 ruinata
1517 3892 1548 3980 6)
1577 3890 1741 3979 eeclesia,
1771 3913 1836 3983 pro
1856 3893 1974 3964 delen·

427 4009 545 4082 diculo
576 4005 799 4098 conquirunt.
833 4007 942 4098 Quam
971 4008 1112 4081 obrem
1139 4031 1257 4082 rumor
1288 4031 1434 4102 magnus
1463 4011 1499 4082 in
1526 4011 1684 4083 exercitu
1715 4011 1976 4084 incrastinum

428 4132 464 4203 et
490 4125 654 4219 deinceps
681 4130 836 4215 coortus,
873 4127 1035 4214 barones,
1072 4149 1116 4201 ne
1149 4129 1274 4202 seditio
1311 4130 1348 4202 in
1376 4151 1434 4203 eos
1462 4131 1572 4203 totius
1600 4131 1776 4203 exercitus
1810 4132 1974 4217 oriretur,

428 4247 513 4323 lecit
538 4246 684 4339 pavidos
712 4251 748 4320 et
775 4252 973 4340 suspectos,
1002 4250 1084 4321 dum
1112 4249 1224 4341 aliqui
1251 4271 1295 4323 ex
1323 4250 1398 4323 illis
1426 4271 1469 4324 ox
1496 4251 1635 4323 nomino
1654 4255 1689 4323 ot
1709 4250 1815 4322 certis
1835 4251 1975 4324 euiden-

428 4368 525 4442 tibus
553 4366 764 4440 oonioeturis
791 4367 833 4441 de
860 4367 1058 4459 proditione
1084 4368 1385 4443 insimularentur.
1414 4371 1540 4462 Itaque
1567 4371 1650 4442 dum
1674 4370 1916 4462 suspicionem
1943 4371 1977 4442 in

429 4487 503 4563 dies
530 4487 753 4581 gliscentem,
782 4491 817 4561 et
843 4487 996 4579 plurima
1022 4488 1161 4578 damna,
1192 4511 1279 4582 qnae
1306 4491 1425 4564 hostes
1454 4491 1625 4564 exercitui
1658 4490 1702 4562 ad
1736 4491 1975 4582 pabulandnn

430 4607 544 4698 eunti,
572 4606 785 4696 inferebant,
814 4607 856 4681 de
883 4629 951 4700 quo
978 4610 1079 4682 nulla
1102 4609 1357 4683 aPrimoribus
1385 4611 1672 4701 interponebatur
1698 4611 1871 4702 provisio,
1901 4632 1976 4682 snc-

431 4747 584 4802 crescere
611 4726 788 4800 uiderent:
818 4726 1048 4816 obsidionem,
1077 4730 1178 4801 nulla
1205 4735 1348 4822 cogente
1376 4730 1600 4818 necessitate,
1630 4731 1791 4820 solvunt,
1821 4736 1857 4804 ot
1879 4752 1975 4804 exer·

432 4849 542 4922 citum
576 4868 646 4919 non
673 4845 750 4919 sine
775 4845 996 4939 gravissimis
1015 4849 1151 4921 damnis
1170 4850 1371 4939 collectum,
1405 4850 1496 4923 circa
1520 4853 1648 4922 festum
1676 4851 1797 4924 Sancti
1825 4851 1977 4924 Mathaei

431 4969 476 5042 ad
501 4966 643 5060 pro-pria
669 4965 872 5056 remittunt,
900 4973 941 5040 ut
967 4989 1055 5061 pene
1081 4968 1270 5043 ridiculum
1297 4975 1603 5063 monstrosumque
1635 4970 1811 5060 extiterit,
1846 4971 1975 5045 exerci-

539 5255 563 5338 ¹)
585 5259 763 5337 reputabant
783 5254 846 5322 Ed.
868 5256 958 5342 Dipo.
990 5255 1015 5339 ²)
1040 5261 1165 5323 Sanctae
1186 5263 1299 5324 Mariae
1327 5263 1460 5340 Virginis
1482 5259 1544 5324 Ed.
1567 5259 1657 5346 Lipe.
1689 5262 1717 5343 θ)
1739 5265 1877 5326 redderet
1901 5258 1975 5326 Cae.

431 5359 541 5426 Praoz.
564 5361 740 5424 retribueret
760 5359 823 5424 Ea.
847 5358 938 5446 tipo.
962 5360 987 5442 ⁴)
1010 5364 1179 5429 liislenicae
1204 5361 1280 5429 Coa.
1297 5363 1366 5428 La.
1382 5367 1554 5428 Mislimicze
1569 5363 1631 5430 Ed.
1648 5365 1738 5449 Lipe.
1765 5365 1791 5446 ⁵)
1809 5384 1977 5446 oppugnare

433 5461 497 5535 Io'd.
520 5461 611 5556 Dipo.
635 5461 663 5542 ⁸)
687 5464 785 5526 dimta
807 5459 884 5529 Oea.
908 5462 976 5534 loa.
