4152 6270
173 533 245 638 (A.
261 535 306 612 D.
326 533 456 634 1453.)
686 558 805 612 nnana
825 559 1071 614 nuonnormus
1098 540 1210 633 (unu).
1643 541 1715 615 137
1821 612 1827 622 ,

135 812 138 817 .
172 747 306 838 Papae,
334 747 576 840 Imperatoris,
608 747 664 820 vel
690 747 840 820 alieuius
869 769 912 821 ex
940 748 1097 842 Regibus
1126 752 1160 823 et
1184 747 1410 841 Principibus
1435 749 1634 841 catholicis,
1663 751 1718 824 iu-

174 871 270 942 stum
295 868 467 942 iudicium·
491 868 610 942 renim
637 890 709 941 nom
734 869 936 942 formident:
965 870 1116 943 Poloncs
1144 870 1186 942 de
1214 870 1308 942 omni
1326 869 1418 961 iure,
1447 871 1549 944 iuxta
1567 893 1719 964 pronun·

174 989 299 1064 tiantis
327 991 511 1065 arbitrium
540 1011 718 1079 cessuros3
745 990 800 1062 sin
827 990 960 1080 minus,
989 1011 1058 1064 non
1081 990 1242 1064 dubitent
1265 991 1416 1064 Polonos
1435 991 1510 1066 inre
1529 997 1564 1066 et
1581 992 1721 1066 iustitia

174 1133 316 1202 usuros,
345 1117 381 1187 et
409 1117 561 1205 tempore
589 1117 798 1205 opportuno,
828 1133 907 1186 cum
934 1112 1106 1186 adiutorio
1135 1112 1200 1186 Dei
1219 1113 1246 1203 ¹)
1274 1119 1308 1186 et
1336 1113 1541 1187 assistentia
1568 1115 1624 1187 sui
1650 1115 1719 1188 Rc·

173 1234 245 1327 gis,
279 1256 361 1308 suas
394 1233 542 1308 iniurias
574 1241 831 1326 prosecuturos.
869 1233 972 1307 Nihil
1004 1234 1133 1307 oblatio
1165 1238 1237 1306 tam
1270 1233 1415 1307 humilis
1448 1236 1557 1310 movit
1585 1236 1720 1308 animos

173 1377 304 1430 eorum.
339 1356 594 1429 scrutabantur
625 1361 757 1444 tamen,
791 1377 836 1428 on
863 1355 900 1428 in
928 1357 1175 1428 Thartarcrum
1207 1355 1457 1447 Imperatorem
1485 1357 1720 1431 consentirent

173 1477 300 1550 Peloni
326 1477 623 1569 compromittere,
655 1477 732 1566 ubi,
766 1476 803 1549 id
831 1476 1039 1550 Christianis
1073 1476 1363 1550 contumeliosum
1391 1499 1481 1568 esse,
1514 1500 1719 1571 responsum

174 1603 244 1688 ost,
273 1620 361 1690 pene
388 1618 425 1672 se
452 1597 517 1671 illa
542 1597 767 1690 responsione
797 1601 831 1670 et
859 1598 1034 1672 oblatione
1062 1597 1192 1685 victos,
1221 1598 1313 1670 nihil
1340 1599 1491 1691 amplius
1519 1600 1718 1692 ingerendo,

175 1720 327 1794 confessi
347 1724 441 1793 sunt.
471 1721 555 1794 dum
582 1720 648 1792 hac
666 1723 701 1793 et
719 1741 788 1792 non
815 1719 885 1792 alia
902 1720 1128 1811 responsione
1146 1719 1316 1792 Lithuoni
1335 1719 1489 1810 dimissi,
1517 1743 1581 1794 nec
1600 1721 1719 1814 aliqua

175 1841 359 1934 suspensio
386 1861 518 1930 rerum,
547 1845 588 1913 ut
615 1841 721 1930 alias,
749 1841 833 1917 licet
860 1841 972 1933 aliqui
1000 1841 1194 1914 consiliarii
1213 1841 1339 1914 callide
1358 1847 1392 1914 et
1411 1843 1506 1916 uafre
1534 1842 1639 1916 nimis
1658 1865 1720 1935 pro

173 1963 240 2036 illa
258 1963 453 2053 instabant,
483 1963 635 2036 admissa
650 1960 693 2052 ²).
723 1961 857 2036 Scitum
877 1962 970 2034 enirn
990 1962 1074 2051 fuit,
1103 1983 1165 2055 per
1189 1963 1453 2054 suspensionem
1477 1985 1555 2036 cnm
1574 1964 1720 2036 Lithua·

173 2084 230 2156 nis
257 2085 421 2172 fiendam,
456 2085 601 2157 alteram
634 2083 897 2176 suspensionem
929 2083 1203 2156 confirmationis
1235 2083 1365 2156 iurium
1397 2085 1511 2178 Regni
1527 2083 1570 2173 ³),
1606 2073 1748 2158 literis

172 2205 281 2299 regiis
309 2206 378 2278 iam
406 2205 443 2278 in
470 2205 661 2298 praeterito
689 2205 917 2278 conventione
945 2205 1139 2278 Siradiensi
1166 2205 1428 2297 repromissam,
1456 2213 1720 2299 propterquam

174 2327 296 2400 futura
323 2327 506 2401 conventio
534 2326 822 2420 Pyotrlroriensis
849 2348 912 2419 pro
939 2327 995 2400 die
1024 2326 1145 2400 Sancti
1163 2326 1331 2400 Iohannis
1351 2329 1535 2420 Baptistae
1554 2329 1720 2401 instituta

174 2454 266 2538 erat,
295 2449 499 2523 necessario
519 2470 741 2530 emersuram.

277 2570 425 2644 Nuntiis
457 2573 593 2644 Ducum
624 2569 814 2644 Wladislei
847 2574 881 2642 et
908 2569 1064 2643 Boleslai
1096 2568 1289 2658 Maeoniae,
1325 2573 1436 2643 terras
1469 2569 1657 2662 Gonyandn
1685 2575 1720 2643 et

173 2691 340 2766 Tiluconiu
366 2713 428 2784 per
455 2692 651 2764 Lithuanos
679 2695 880 2783 occupatas,
908 2691 1165 2783 repetentibus,
1194 2691 1339 2764 crudum
1367 2697 1402 2765 et
1429 2689 1555 2765 minax'
1576 2713 1718 2784 respon·

173 2833 269 2902 snm,
303 2835 431 2907 organo
459 2813 568 2906 Regis
583 2814 628 2904 ¹),
661 2812 873 2887 consiliariis
900 2813 1127 2900 inconsultis
1156 2812 1274 2901 datur;
1303 2814 1345 2886 ob
1374 2815 1466 2905 qued
1493 2835 1514 2887 a
1541 2813 1718 2886 Cardinali

173 2935 327 3028 Sbigneo
343 2934 373 3024 5)
401 2935 528 3025 next)
556 2940 735 3027 correptus
763 2939 829 3008 est.
860 2934 939 3006 Non
968 2939 1035 3023 est,
1065 2935 1196 3026 inquit,
1227 2935 1437 3008 conditionis
1464 2935 1595 3028 rogiae,
1624 2956 1717 3008 acer·

172 3055 231 3129 bis
262 3056 364 3130 lactis
398 3061 459 3130 eut
486 3056 605 3130 uerbis
635 3056 829 3130 minacibus
861 3056 1031 3149 grassari:
1069 3077 1147 3130 cnm
1175 3059 1209 3129 ct
1237 3055 1329 3130 inter
1360 3077 1442 3150 apes
1474 3057 1551 3130 Rex
1579 3058 1719 3130 nullum

173 3179 333 3252 aculeum
373 3178 512 3251 babeat.
555 3178 737 3271 Principes
773 3177 951 3252 Maseriae
991 3199 1034 3250 ex
1068 3177 1238 3269 sanguine
1275 3178 1412 3270 Regum
1429 3179 1458 3267 7)
1491 3179 1717 3266 descendunt,

172 3299 241 3373 tibi
268 3299 373 3372 etiem
401 3299 525 3372 stricta
552 3298 807 3389 necessitatefl)
835 3298 1018 3372 affinitatis
1048 3298 1160 3371 iuncti
1187 3303 1286 3386 sunt,
1316 3305 1387 3372 tarn
1415 3299 1518 3372 terris
1546 3304 1581 3372 et
1599 3299 1717 3372 Domi·

172 3421 263 3510 niis,
290 3442 393 3514 qnam
420 3422 534 3494 milite
561 3441 744 3495 numeroso
772 3420 945 3513 insignes;
980 3442 1126 3512 quornm
1159 3420 1356 3494 obedientia
1383 3425 1418 3493 et
1445 3422 1547 3494 feudo
1573 3421 1719 3514 gloriari
1746 3459 1751 3474 ·

172 3547 289 3635 potes,
323 3564 403 3615 cum
433 3546 506 3614 tam
537 3547 698 3635 potentes
731 3547 766 3614 et
796 3563 981 3635 generosos
1015 3544 1128 3615 Duces
1160 3545 1264 3634 pauci
1290 3543 1404 3636 Reges
1433 3542 1534 3616 Orbis
1563 3543 1717 3616 feudales

172 3664 336 3737 babeant.
366 3663 465 3736 Nolli
492 3663 567 3736 illis
593 3685 656 3756 pro
684 3662 839 3751 iustitia,
869 3685 973 3755 quam
993 3685 1012 3735 a
1032 3668 1066 3736 te
1094 3667 1280 3755 expetunt,
1311 3663 1438 3736 minari
1465 3664 1609 3737 bellum.
1638 3663 1719 3736 Non

172 3785 287 3874 aliud,
317 3807 420 3878 quam
446 3787 533 3858 fines
562 3789 732 3859 terrarum
761 3805 902 3857 suarum
930 3807 951 3857 a
978 3791 1012 3856 te
1039 3789 1202 3877 repetunt
1229 3785 1360 3858 iniuste
1378 3789 1575 3876 occupatos.
1605 3785 1716 3876 Quae·

173 3926 309 3999 cunque
336 3906 391 3979 ris
418 3906 521 3978 illata
548 3907 598 3980 eis
614 3907 645 3997 9)
673 3907 794 3995 fuerit,
823 3912 942 3980 nostra
971 3907 1054 3994 erit,
1083 3925 1290 3999 necesseque
1317 3905 1537 3996 habebimus,
1568 3927 1663 3979 arma
1682 3916 1717 3979 et

173 4029 316 4102 dextras
343 4031 481 4100 nostras
508 4049 570 4120 pro
599 4028 666 4117 eis,
695 4028 756 4121 qui
784 4028 964 4102 nobiseum
992 4050 1102 4100 unum
1130 4049 1254 4120 corpus
1283 4033 1381 4117 sunt,
1415 4049 1597 4120 opponere.
1630 4029 1715 4101 Pro-

171 4149 254 4223 inde
283 4150 404 4224 omitte
435 4151 529 4223 hunc
564 4149 734 4222 animum:
768 4150 971 4223 nullatenus
1005 4149 1157 4223 sinemus
1190 4149 1372 4242 Principes
1400 4149 1513 4243 Regni
1541 4150 1652 4222 nostri
1679 4150 1716 4222 in

172 4272 327 4364 aliquam
355 4271 650 4345 conculcationem
678 4278 739 4345 aut
767 4271 1041 4364 oppressionem,
1070 4271 1170 4344 nobis
1191 4271 1407 4364 rigentibus
1432 4271 1586 4363 perduci.
1616 4272 1716 4343 Hanc

170 4393 492 4486 reprehensionem,
521 4393 652 4466 iustam
676 4393 815 4486 quidem
834 4399 870 4467 et
888 4393 1135 4482 neeessariam,
1163 4393 1320 4466 uniuersi
1345 4415 1388 4466 ox
1407 4393 1620 4468 consiliariis
1637 4414 1714 4484 pro·

170 4515 318 4602 babent,
354 4515 433 4588 Rex
470 4516 670 4607 qnoque10)
707 4515 915 4588 moderatior
952 4515 988 4588 in
1020 4516 1155 4608 legatos
1192 4514 1367 4587 Maseriae
1404 4516 1539 4587 Ducum
1560 4514 1603 4602 ¹¹)
1641 4535 1716 4588 esse

172 4635 304 4729 coepit;
336 4635 513 4710 cardinali
531 4634 576 4726 12)
603 4636 737 4729 gratiae
765 4657 785 4708 a
812 4636 1024 4710 consiliariis
1053 4641 1087 4709 et
1114 4635 1250 4708 nuntiis
1283 4636 1458 4708 Masoriae
1491 4637 1626 4709 Ducum
1653 4637 1714 4708 he·

170 4758 283 4847 bitae,
312 4757 403 4850 quod
430 4757 560 4831 iustam
588 4779 707 4831 eorum
733 4757 939 4850 petitionem
962 4762 996 4832 et
1015 4757 1274 4832 exauditionem
1293 4757 1434 4850 dignam
1453 4756 1711 4830 monstraverit.

282 5086 303 5170 ¹)
327 5090 384 5150 Dei
408 5089 623 5166 Omnipotentis
646 5081 709 5148 Ed.
734 5081 826 5168 Lipe.
851 5083 877 5164 ῃ)
901 5086 1030 5147 admissa
1052 5091 1106 5148 est.
1129 5081 1191 5148 ud.
1216 5083 1308 5169 Lipo.
1334 5083 1359 5166 ³)
1381 5086 1522 5146 Poloniae
1539 5085 1635 5162 Regni
1650 5083 1713 5147 Ed.

170 5191 263 5278 Lupo.
287 5191 313 5274 ⁴)
336 5194 471 5255 (iasimiri
492 5192 584 5269 Regis
606 5187 670 5252 Ed.
693 5187 784 5272 Lipe.
809 5185 836 5274 ⁵)
857 5191 986 5267 Sbigncc
1008 5191 1156 5267 Episcopo
1180 5190 1374 5251 Oracoviense
1398 5176 1460 5250 Ed.
1483 5187 1573 5272 Lipe.
1601 5186 1627 5268 ⁶)
1650 5189 1714 5249 Rex

169 5301 237 5376 ipse
258 5295 321 5358 Ed.
344 5295 436 5380 Lipa.
470 5293 492 5368 τ)
516 5297 630 5372 Regum
651 5295 793 5356 Poloniae
814 5291 877 5357 Ed.
901 5291 991 5378 Lc‘pe.
1024 5293 1049 5368 ⁸)
1071 5295 1288 5356 necessitudine
1311 5290 1373 5354 Ed.
1396 5291 1486 5375 Lipe.
1518 5291 1626 5372 ⁹)illis
1650 5288 1713 5354 Ed.

169 5401 265 5486 Lipe.
300 5399 338 5483 ¹⁰)
362 5402 484 5478 Resque
507 5400 667 5461 Oauimirns
690 5395 753 5461 Ed.
767 5395 869 5482 'lsipa
904 5397 943 5479 ¹¹)
966 5401 1081 5460 Ducum
1111 5395 1196 5460 decet
1217 5397 1254 5460 in
1277 5393 1353 5461 Coa.
1378 5392 1466 5460 Calc.
1502 5395 1540 5477 ¹⁹)
1564 5398 1713 5458 cardinali

167 5509 300 5585 Sbigneo
323 5503 387 5568 Ed.
411 5503 503 5588 Ldpe.
631 5589 634 5594 Ι

193 5657 535 5709 ε.ι)ιιιςοι.ωιε.ι)οιοιι.τ.
549 5656 576 5696 v.
1509 5635 1543 5688 18
