4152 6270
388 532 461 603 104
896 553 1010 604 arens
1036 551 1282 604 ououscnrus
1300 531 1424 621 ·(rr111).
1661 529 1727 626 (Α.
1747 527 1792 602 D.
1813 527 1941 626 1452.)

383 740 496 810 fatum
524 737 713 810 Nicolaum
740 737 782 810 de
811 737 1045 809 Blaaeowicae
1074 737 1110 808 in
1139 739 1343 830 episcopum
1373 735 1657 809 Premisliensem
1676 757 1738 828 per
1756 737 1940 809 Nicolaum

386 859 519 950 Papam
549 859 711 950 quintum
739 857 925 950 promovit.

385 1213 549 1302 Switrigal
571 1214 658 1299 ltux,
681 1213 803 1284 oblitus
825 1213 990 1284 foederum
1013 1215 1048 1284 et
1071 1212 1161 1299 litei,
1184 1213 1324 1285 moriens
1348 1215 1491 1284 castrum
1514 1212 1658 1284 lucrato
1673 1212 1843 1283 litlnenis
1858 1211 1941 1282 badi

384 1335 492 1420 irtet;
516 1351 587 1405 orm
611 1351 674 1424 qno
697 1333 832 1404 nictari
854 1333 925 1404 bur
948 1334 1143 1423 sigismundi
1166 1335 1267 1420 ldae,
1295 1334 1380 1423 apud
1403 1333 1647 1404 nortonam
1670 1351 1796 1404 renero
1819 1332 1941 1402 astina

965 1457 1035 1539 tus,
1058 1454 1171 1527 ldnre
1195 1455 1362 1544 sepelitur.

491 1703 594 1776 Feria
628 1702 752 1794 qrrinte
783 1702 820 1774 in
852 1701 908 1775 die
941 1701 1089 1774 Sanctae
1123 1703 1378 1790 scholasticae,
1419 1723 1507 1794 quae
1545 1701 1613 1774 luit
1645 1702 1780 1775 decima
1811 1701 1939 1774 mensis

384 1817 588 1912 Februarii,
618 1823 699 1895 Dux
728 1823 913 1896 Boleelaus
947 1823 1038 1895 alias
1068 1822 1263 1915 Switrigal,
1291 1844 1478 1916 germanus
1507 1823 1616 1895 irater
1644 1823 1728 1894 olim
1752 1823 1940 1896 Wladislai

386 1943 495 2037 Regis
523 1943 707 2032 Poloniae,
736 1943 773 2016 in
792 1950 906 2016 oestro
927 1945 1086 2016 Locnslro
1114 1951 1273 2017 mortuus
1293 1949 1361 2033 est,
1392 1942 1510 2034 quiin
1530 1943 1834 2037 humanisagene,
1862 1943 1939 2034 plu-

385 2066 475 2137 rima
503 2065 676 2157 pericula,
706 2065 743 2136 in
763 2086 865 2137 suurn
884 2069 990 2154 eaput
1008 2070 1223 2156 comparata,
1253 2064 1471 2156 frequentius
1491 2065 1657 2136 eluserat.
1687 2067 1805 2156 Agens
1826 2068 1940 2136 autem

389 2185 427 2257 in
465 2185 630 2257 humanis
668 2189 703 2258 et
734 2185 890 2257 inlecto
924 2184 1156 2276 aegritudinis
1188 2184 1414 2271 decumbens,
1447 2183 1540 2256 nihil
1569 2183 1747 2257 beneficiis
1775 2206 1795 2255 a
1822 2185 1940 2275 Regno

385 2305 553 2379 Poloniae
582 2305 650 2378 sibi
678 2305 846 2397 impensis
875 2311 1007 2394 motus,
1036 2327 1106 2377 non
1133 2305 1573 2398 ignaruspe1·Lithuanos
1601 2309 1756 2377 castrum
1784 2305 1940 2376 annsko

386 2426 454 2500 sibi
482 2427 593 2499 luisse
622 2430 780 2517 ereptum
808 2431 843 2499 et
869 2447 932 2518 per
958 2427 1110 2499 Polonos
1137 2426 1361 2514 restitutum,
1391 2425 1523 2499 oblitus
1544 2425 1737 2512 foederum,
1768 2424 1939 2496 iuramen-

385 2551 501 2619 torum
535 2553 570 2619 et
597 2545 884 2638 inscriptionum,
919 2546 1047 2639 quibus
1080 2547 1314 2639 pollicebatur
1345 2568 1407 2639 pro
1440 2547 1561 2639 Regno
1594 2545 1762 2618 Pelopiae
1790 2549 1940 2617 cast-rum

387 2669 547 2740 Lucnslro
575 2670 692 2740 tenere
726 2671 761 2740 et
788 2667 825 2738 in
853 2672 963 2740 morte
992 2689 1055 2739 sua
1083 2668 1174 2740 illud
1201 2669 1322 2761 Regno
1351 2667 1545 2755 dimittere,
1574 2666 1611 2738 in
1639 2687 1742 2757 quern
1765 2667 1870 2738 finem
1901 2665 1939 2737 de

387 2787 593 2860 introitibus
625 2787 732 2879 regiis
765 2787 833 2858 duo
869 2787 983 2859 millia
1015 2809 1209 2860 marcarum
1230 2790 1256 2876 ¹)
1284 2787 1392 2860 annui
1425 2807 1550 2860 census
1578 2787 1615 2858 in
1643 2787 1770 2878 oppido
1808 2785 1940 2860 Grodelr

388 2915 423 2981 et
451 2908 532 2980 aliie
559 2907 661 2980 bonis
698 2907 876 3000 regalibus
914 2907 983 2979 sibi
1011 2907 1182 2999 inscripta
1209 2908 1439 3000 percipiebat,
1469 2929 1569 2980 coeco
1598 2911 1654 2998 (ut
1673 2907 1825 2995 solebat)
1845 2907 1938 2978 lesti-

387 3027 556 3120 namtique
585 3027 748 3116 consilio,
779 3047 883 3100 sanae
912 3027 1040 3099 mentis
1069 3027 1187 3119 inope,
1217 3028 1334 3100 anima
1352 3027 1507 3101 deterius
1526 3031 1728 3120 aegrotante
1747 3047 1851 3119 quam
1870 3047 1939 3098 cor-

387 3169 486 3241 pore,
515 3169 641 3240 passus
661 3153 715 3221 est
735 3147 993 3220 Lithuanorum
1022 3148 1315 3239 promissionibus
1339 3156 1373 3222 et
1392 3147 1595 3221 muneribus
1621 3147 1747 3240 frangi.
1776 3147 1851 3219 Nec
1869 3147 1940 3237 ipse

388 3271 519 3358 solum,
549 3269 610 3342 sed
629 3273 664 3342 et
683 3267 887 3359 capitaneus
908 3289 993 3340 suus
1013 3269 1205 3341 Lucaeusis
1225 3269 1459 3361 Nyemyeraa,
1488 3270 1603 3342 Duces
1632 3289 1770 3360 quoque
1794 3267 1941 3340 llichael

388 3396 423 3462 et
451 3391 548 3463 Iwan
576 3388 813 3480 Oaartoryslri,
844 3391 1042 3480 caeterique
1071 3388 1200 3481 Royari
1219 3395 1254 3462 et
1272 3389 1407 3462 nobiles
1435 3391 1648 3477 Locrenses,
1678 3389 1869 3460 Lithuanie
1888 3409 1939 3460 cu-

389 3515 502 3583 strum
521 3511 697 3597 Lucceio,
718 3514 829 3582 morte
848 3531 912 3582 sua
931 3517 1066 3597 secuta,
1096 3510 1188 3582 tradi
1208 3509 1403 3582 mandarit:
1433 3511 1623 3602 pessimum
1643 3511 1843 3600 exemplum
1863 3529 1942 3581 suae

388 3631 470 3704 fidei
490 3636 525 3704 et
544 3635 793 3704 testamentum
822 3629 977 3722 ignobile
1004 3630 1220 3722 relinquens.
1251 3631 1431 3703 Venerunt
1451 3636 1485 3703 et
1503 3632 1540 3703 in
1560 3631 1633 3702 vitu
1653 3651 1717 3702 sua
1736 3631 1818 3702 Dux
1837 3630 1940 3703 Geor·

392 3752 473 3845 gius
501 3751 642 3839 Pinski,
671 3749 869 3840 Radiwil²)
897 3751 1134 3824 Hostikouicn
1164 3757 1199 3824 et
1226 3752 1350 3824 Iursna
1376 3752 1562 3824 Ruthenns
1582 3773 1602 3824 a
1620 3751 1824 3838 Lithuanie,
1854 3749 1943 3841 apud

388 3893 475 3964 quos
517 3876 600 3944 tuno
628 3871 830 3944 Karimirne
859 3871 936 3944 Rex
972 3871 1113 3963 agebat,
1147 3877 1289 3964 propter
1317 3871 1551 3964 suspicionem
1579 3871 1701 3944 mortis
1728 3870 1943 3943 imminentis

388 3991 478 4065 Daci
509 3992 705 4084 Switrigal,
736 4013 814 4064 cum
842 3992 1023 4084 gentibue,
1053 3993 1096 4063 ad
1123 3992 1362 4084 recipiendum
1382 3997 1535 4064 castrum
1555 3991 1666 4064 missi.
1697 3990 1832 4082 Quibus
1851 3989 1942 4081 Nyc-

389 4133 528 4205 mperna
564 4111 785 4204 capitaneus,
823 4112 954 4200 Duces,
995 4113 1124 4204 Boyari
1152 4118 1187 4185 et
1214 4112 1349 4185 nobiles
1381 4113 1594 4200 Locrenses,
1633 4111 1820 4183 mandante
1852 4112 1943 4182 Duce

390 4234 588 4327 Switrigal,
622 4233 877 4324 praestiterunt
910 4232 1144 4305 iuramentum
1172 4235 1365 4324 corporale,
1400 4233 1491 4324 quod
1518 4233 1696 4304 Lucrinam
1723 4237 1879 4304 castrum
1906 4231 1941 4302 fi-

391 4356 521 4429 deliter
548 4375 611 4446 pro
639 4353 831 4425 Lithuanie
864 4353 1049 4442 tenebunt,
1079 4351 1161 4443 eti)
1194 4359 1304 4426 morte
1337 4354 1445 4426 Ducis
1480 4353 1658 4445 Switrigal
1690 4357 1826 4438 secuta,
1857 4351 1943 4423 illud

389 4475 440 4547 eis
468 4476 621 4548 tradent.
651 4475 855 4546 Manserunt
883 4473 994 4566 igitur
1012 4474 1048 4546 in
1068 4475 1227 4547 Lucnslro
1254 4479 1376 4566 gentes
1404 4474 1661 4546 Lithuanorunr
1680 4494 1793 4565 usque
1812 4473 1857 4544 ad
1875 4473 1941 4543 Dn-

393 4596 444 4668 cis
473 4595 652 4688 Switrigal
684 4593 837 4681 obitum,
872 4599 907 4666 et
935 4599 1045 4668 morte
1073 4617 1137 4666 sua
1165 4600 1301 4684 secuta,
1336 4595 1420 4667 licet
1447 4615 1566 4667 casum
1595 4599 1630 4667 et
1656 4593 1796 4666 ruinam
1823 4592 1939 4664 huiua-

389 4717 483 4789 modi
516 4716 664 4789 barones
697 4714 811 4808 Regni
827 4715 870 4803 ⁴),
899 4715 1106 4805 praesertim
1138 4715 1325 4807 primores,
1358 4716 1514 4787 relevare
1543 4720 1577 4787 et
1604 4714 1776 4806 corrigere
1810 4712 1938 4805 potuis·

390 4845 484 4926 sent,
513 4836 829 4909 dissimulaverunt
856 4841 988 4922 tamen,
1018 4858 1062 4908 ne
1090 4837 1243 4909 lacerent
1270 4835 1450 4908 Kanimiro
1479 4835 1569 4927 Regi
1596 4855 1761 4907 nauseam
1791 4839 1826 4908 et
1847 4831 1937 4904 lasti·

279 4958 280 4962 ’
389 4958 502 5030 dium:
531 4963 673 5048 propter
700 4957 792 5048 quod
811 4957 909 5028 nullo
929 4958 1061 5030 ferente
1080 4957 1382 5048 impedimentum,
1407 4961 1560 5028 castrum
1580 4956 1738 5027 Lucnsko
1758 4950 1936 5026 lithsoria

389 5100 450 5171 per
477 5078 729 5170 Nyemyernam
757 5077 974 5169 resignatum
1003 5083 1067 5149 est.
1097 5076 1206 5150 Ducis
1235 5076 1415 5169 Switrigal
1433 5077 1538 5148 funus
1557 5075 1699 5147 Vilnam
1719 5095 1764 5146 ex
1786 5073 1936 5146 Lucaslro

499 5352 521 5433 ¹)
543 5371 707 5415 marcarum
736 5353 880 5430 pecuniae
912 5337 975 5411 Ed.
1007 5349 1100 5433 Lipe.
1134 5351 1160 5431 ⁹)
1183 5351 1318 5413 Radawil
1341 5347 1405 5411 Ea.
1428 5347 1521 5432 Lips.
1555 5349 1581 5428 ³)
1605 5357 1635 5410 et
1658 5350 1738 5426 qnod
1761 5345 1823 5410 Ed.
1851 5345 1932 5428 La'pr.

391 5455 418 5540 ⁴)
440 5457 537 5536 Regni
559 5458 700 5518 Poloniae
723 5451 785 5518 Ed.
810 5453 904 5539 Lipe.
