4082 6284
402 493 477 575 328
909 515 1022 577 amaa
1048 516 1294 576 onooaunrns
1322 496 1435 594 (χιιι).
1681 494 1751 601 (Α
1770 496 1977 598 attat.)

401 705 617 798 Septembris
637 707 675 795 ¹),
704 707 789 778 hora
816 705 1066 798 Vesperarum,
1102 705 1263 780 omnibns
1291 705 1527 780 Sacramentis
1553 707 1720 798 religiosa
1753 709 1947 799 perfuncta,

402 826 564 914 moritur,
594 833 628 900 et
655 825 778 899 diebus
807 832 883 898 octo
911 827 1004 918 apud
1032 825 1212 899 eeclesiam
1242 826 1363 900 Sancti
1391 826 1592 914 Michaelis,
1621 827 1729 900 donec
1747 827 1951 900 Kaaimirns

401 945 569 1018 Poloniae
601 947 679 1020 Rex
713 945 808 1018 lilius
837 967 922 1018 suns
950 946 1207 1035 consuleretur,
1241 954 1276 1020 et
1304 953 1499 1038 opportuna
1527 947 1564 1020 in
1592 947 1697 1020 fnnns
1712 945 1744 1036 2)
1772 967 1950 1038 compara·

401 1073 539 1156 rentur,
567 1071 763 1154 asservata,
792 1065 850 1138 die
877 1067 1014 1154 Luras,
1043 1066 1210 1140 vicesima
1229 1071 1351 1140 octava
1371 1067 1585 1158 Septembris
1601 1064 1645 1156 ³),
1672 1067 1766 1158 apnd
1784 1067 1951 1139 maiorem

401 1187 663 1262 Orocoviensem
690 1185 888 1274 ecclesiam,
917 1185 953 1258 iu
981 1186 1116 1277 capella
1143 1186 1291 1260 Sanctae
1319 1186 1520 1274 Trinitatie,
1550 1207 1654 1277 quam
1672 1207 1694 1258 a
1712 1186 1949 1259 fundamentis

402 1307 572 1398 quadrata
599 1311 698 1397 petra
726 1310 899 1392 erexerat,
929 1311 964 1378 et
992 1305 1168 1378 octonario
1196 1306 1436 1378 ministrorum
1464 1326 1623 1393 numero,
1652 1306 1897 1397 clenodiiaqne
1919 1311 1951 1378 ct

402 1426 617 1498 indumentis
644 1425 767 1518 regiis,
797 1425 979 1518 splendide
1007 1425 1204 1513 dotaverat,
1236 1425 1366 1499 celebri
1393 1429 1565 1517 apparatu
1593 1427 1785 1499 ethonore
1815 1425 1949 1496 funeris

404 1546 588 1637 sepelitur,
617 1566 686 1616 nuo
715 1550 749 1618 et
776 1545 1007 1637 qnadraginta
1040 1545 1175 1618 exactis
1207 1545 1325 1632 annis,
1359 1565 1403 1618 ex
1430 1567 1499 1636 qno
1526 1545 1722 1618 Wladislao
1750 1546 1845 1635 Regi
1873 1565 1951 1616 con-

402 1665 499 1757 ingio
526 1665 661 1752 innota,
690 1663 727 1736 in
755 1664 922 1736 Polouiae
952 1666 1111 1756 Regnum
1138 1665 1337 1738 advenerat.
1352 1663 1515 1738 ¹«Femina
1536 1685 1635 1738 rarae
1662 1663 1898 1738 liberalitatis
1921 1671 1955 1737 ot

403 1783 441 1856 in
467 1784 633 1858 ecclesias
661 1789 697 1856 et
724 1783 761 1855 in
789 1783 1006 1858 miserabiles
1034 1803 1217 1875 personas,
1246 1784 1453 1876 praesertim
1481 1789 1598 1858 tamur
1625 1784 1662 1856 in
1686 1783 1954 1857 cracoviensem

404 1903 603 1991 ecclesiam,
631 1903 689 1976 cui
716 1908 876 1978 ornatum
896 1909 931 1978 et
949 1923 1086 1995 sepem,
1116 1904 1316 1997 margaritis
1343 1925 1483 1996 gravem
1503 1911 1537 1976 et
1557 1925 1641 1976 auro
1660 1903 1854 1996 insignem,
1881 1923 1955 1975 cao

404 2031 547 2115 teraqne
573 2023 732 2096 clenodia
759 2024 971 2111 contulerat,
998 2024 1170 2112 bouchem
1197 2023 1312 2096 cordis
1339 2023 1405 2096 alti
1432 2030 1467 2096 ot
1486 2023 1679 2116 magnifici,
1708 2023 1828 2096 sedin
1847 2021 1955 2094 hilam

404 2142 521 2235 proni,
550 2147 654 2234 atque
682 2142 878 2216 versatilis:
907 2143 1102 2235 profusius,
1132 2165 1237 2234 qnam
1264 2143 1381 2234 ampla
1408 2143 1471 2215 dos
1499 2164 1563 2214 sna
1592 2145 1679 2216 terre
1706 2148 1869 2234 poterat,
1900 2163 1956 2215 er-

404 2263 570 2356 penderc,
600 2261 722 2354 largiri
749 2269 785 2336 et
812 2262 937 2336 vestiri
969 2263 1091 2350 solita;
1125 2263 1315 2336 multorum
1347 2283 1425 2336 aere
1453 2263 1568 2334 alieno
1595 2261 1671 2334 rita
1700 2261 1897 2349 excedens,
1926 2269 1958 2334 ot

406 2381 585 2456 Karimiro
612 2381 703 2474 Regi
721 2381 794 2456 tilio
813 2382 912 2456 illins
932 2382 1143 2456 solutionem
1169 2382 1398 2470 demandans,
1427 2381 1551 2456 extitit
1578 2381 1733 2468 irretita,
1763 2379 1955 2472 benignum

407 2505 566 2575 fortunae
599 2502 751 2574 favorem
778 2523 840 2594 per
867 2523 1001 2575 omnem
1037 2503 1106 2576 fere
1138 2506 1304 2590 aetatem,
1337 2507 1475 2594 praeter
1507 2507 1645 2592 tempus
1672 2500 1861 2592 exignum,
1893 2520 1958 2590 qno

407 2621 685 2696 criminationem
712 2621 876 2713 pertulit,
905 2628 1061 2713 experta.
1089 2621 1134 2694 In
1160 2621 1371 2694 catholicum
1398 2621 1523 2708 ritum,
1552 2619 1713 2712 quamvis
1739 2619 1958 2692 aRntheuis

407 2748 443 2816 et
479 2742 713 2816 schismaticis
747 2742 951 2833 parentibus
988 2741 1136 2815 orinuda
1171 2741 1352 2830 extiterit,
1390 2739 1628 2816 devotissima.
1666 2737 1834 2812 (termine
1869 2739 1959 2810 infra

408 2862 538 2954 scripto
565 2881 690 2936 nomen
718 2862 794 2936 eins
821 2862 1035 2936 celebratum
1062 2865 1178 2934 extat:

678 3096 842 3180 Sanguine
863 3098 950 3164 clara
963 3097 990 3180 ⁴)
1013 3099 1136 3164 Ducum
1158 3096 1307 3181 Rumiao,
1329 3096 1507 3163 clarissima
1527 3093 1687 3179 qnondam

679 3199 841 3266 Landibns
863 3199 935 3285 ipsa
956 3200 1051 3284 meis,
1074 3199 1177 3282 gloria
1200 3220 1324 3266 summa
1345 3199 1406 3264 fui:

679 3301 790 3368 Iuncta
809 3303 1000 3368 Polonornm
1022 3301 1129 3368 divino
1152 3301 1279 3368 foedere
1300 3301 1397 3387 Regi,

680 3405 830 3472 connexi
851 3407 986 3491 populos
1009 3405 1042 3471 in
1064 3425 1137 3472 mea
1158 3411 1233 3472 vota
1254 3424 1351 3471 meos.

680 3507 738 3574 ilis
760 3507 826 3574 nati
849 3508 957 3574 vixere
982 3505 1059 3592 dno,
1082 3506 1145 3573 dno
1167 3507 1300 3572 fulmina
1320 3506 1410 3591 belli,

680 3611 804 3677 Iustitia
826 3611 943 3696 clarus,
967 3611 1071 3676 olarns
1093 3617 1223 3692 nterqnc
1244 3608 1322 3674 fide:

679 3713 768 3779 Alter
790 3714 874 3778 enim
897 3713 1003 3779 multis
1024 3713 1160 3794 insignia
1182 3711 1225 3778 ed
1246 3717 1334 3778 astra
1354 3709 1520 3794 triumphis

680 3816 848 3884 Procubuit
861 3814 898 3903 ⁵),
922 3815 1038 3882 Christi
1060 3815 1180 3882 fortiter
1200 3835 1290 3880 mma
1311 3821 1436 3897 tenens3

682 3917 783 3996 Quam
805 3918 834 3984 si
856 3917 923 3988 fatu
943 3915 1091 4004 vivnm⁰)
1114 3923 1308 4002 servassent,
1332 3916 1443 3981 robore
1465 3914 1575 3980 Martis

682 4021 853 4086 'Purcornm
876 4020 981 4086 rabies
1003 4021 1067 4086 iam
1090 4021 1230 4085 lacerata
1250 4019 1339 4084 foret.

682 4123 783 4207 Alter,
804 4128 839 4187 nt
859 4123 1002 4206 ingratos
1024 4122 1162 4208 expellat
1183 4121 1297 4187 finibus
1320 4120 1442 4204 hostes,

681 4223 819 4291 Horrida
839 4245 897 4310 pro
919 4226 1023 4309 patria
1044 4223 1133 4290 fortis
1154 4223 1188 4288 in
1210 4243 1300 4288 arma
1320 4222 1383 4287 ruit
1396 4221 1433 4300 ⁷).

683 4330 742 4394 Ast
763 4347 824 4410 ego
846 4326 1002 4410 dilecto⁸)
1023 4327 1147 4392 iuvenis
1168 4324 1299 4391 viduata
1320 4324 1446 4408 marito,

682 4431 826 4496 Turtnris
848 4430 1006 4514 exemplo,
1030 4427 1160 4495 foedera
1180 4428 1269 4493 nnlla
1288 4427 1355 4492 tuli

684 4533 873 4599 Onnotornm
895 4529 1023 4596 undem
1045 4530 1134 4596 senio
1157 4529 1301 4596 confecta
1322 4527 1518 4608 dolornm')‚

684 4635 777 4700 Anno
799 4634 927 4700 llilleno
950 4632 1168 4715 quadringena
1190 4632 1295 4698 sexies
1317 4629 1413 4715 deno,

685 4737 743 4802 His
765 4756 829 4802 nno
851 4735 1012 4819 adiuncto,
1034 4735 1068 4800 in
1090 4754 1181 4801 sacro
1203 4733 1342 4799 Mathaai
1364 4732 1445 4798 festo

685 4837 838 4906 Occubui:
860 4839 948 4904 locus
969 4835 1021 4903 hic
1043 4855 1175 4920 corpora
1196 4842 1304 4902 nostra
1325 4835 1417 4920 tegit,

685 4940 800 5026 Quem,
823 4941 979 5007 celebrem
999 4945 1105 5024 petra,
1127 4938 1273 5021 dotisque
1294 4937 1417 5021 fulgore
1439 4957 1510 5003 raro

522 5192 546 5272 ¹)
566 5192 662 5269 primu
683 5185 865 5263 Septewis
887 5184 937 5244 die
957 5179 1022 5244 Ed.
1044 5178 1134 5263 Lipa.
1158 5179 1184 5260 ²)
1205 5182 1236 5240 in
1258 5187 1374 5257 tempus
1395 5181 1507 5242 funeris
1530 5175 1591 5241 Ed.
1615 5175 1710 5261 Lipe.
1735 5178 1762 5259 ⁸)
1785 5181 1895 5240 mensis
1909 5179 1954 5240 Se

414 5298 557 5378 ptembris
578 5291 642 5356 Ed.
666 5289 757 5373 Lapa.
789 5285 814 5368 ⁴)
839 5287 918 5348 nimo
940 5283 1004 5348 Ed.
1028 5281 1121 5366 Lipa.
1152 5283 1177 5363 1)
1199 5285 1340 5344 Prosiluit
1365 5279 1428 5344 Ed.
1452 5280 1542 5365 Lipa.
1577 5280 1605 5362 ⁶)
1628 5283 1654 5342 si
1676 5283 1757 5344 facts
1779 5284 1874 5342 virum
1896 5279 1955 5342 Ee

418 5399 507 5486 Lipa.
532 5396 557 5478 7)
580 5396 651 5457 fnrit
671 5390 734 5456 Eo.
760 5388 850 5474 Lipa.
875 5387 900 5470 ⁸)
924 5389 1030 5450 delicto
1052 5383 1116 5452 Ed.
1138 5383 1229 5469 Dipo.
1253 5385 1280 5466 ο)
1302 5387 1404 5448 dolore
1426 5378 1490 5448 aa
1508 5382 1598 5468 Ls'ps.
