4040 6290
368 537 442 614 bas
875 557 988 616 arnna
1014 559 1259 618 nuonnouurs
1287 541 1401 631 (ιιι).
1637 535 1705 636 (Α.
1725 533 1772 609 b.
1791 531 1920 632 1474)

366 746 436 820 etsi
463 745 500 818 in
527 746 727 820 huiusmodi
760 747 992 820 conventibus
1024 747 1126 838 plura
1152 745 1259 818 utilia
1287 745 1438 817 ruissent
1469 745 1625 832 decreta,
1659 749 1695 816 et
1724 744 1916 835 signanter,

365 873 406 939 ιι
433 866 584 958 quilibet
611 867 730 954 miles,
759 867 909 939 militem
939 867 1097 938 studiose
1123 871 1159 938 ιι
1186 886 1231 938 ox
1257 864 1436 960 proposito
1464 865 1641 951 occidens,
1669 883 1819 956 poenam
1839 883 1917 952 cap·

366 986 520 1060 tivitatis
546 985 653 1058 unius
681 986 780 1072 anni,
810 985 846 1058 in
875 986 1020 1058 fundum
1048 986 1157 1058 turris
1184 986 1366 1073 detrusus,
1386 986 1571 1076 perterret,
1591 991 1627 1057 st
1645 1005 1707 1075 pro
1726 983 1848 1075 capite
1866 1001 1919 1052 ea·

367 1106 478 1179 scalis
505 1099 686 1178 homicidii
713 1111 852 1178 centum
881 1105 1046 1179 videlicet
1064 1109 1100 1178 et
1118 1104 1248 1198 viginti
1266 1125 1399 1178 mareas
1419 1105 1549 1178 lueret:
1578 1105 1622 1176 ad
1648 1102 1917 1177 rescindendum

367 1246 474 1298 ausus
503 1225 703 1298 temerarios
732 1225 901 1312 militum,
938 1225 999 1317 qui
1026 1226 1263 1311 increverant3
1300 1225 1384 1298 item
1410 1224 1613 1297 nemilites
1644 1225 1748 1296 iuxta
1777 1221 1916 1314 quanti·

369 1352 476 1419 tatem
494 1346 663 1417 bonorum
683 1345 1009 1433 haereditariorum,
1029 1345 1066 1417 in
1085 1345 1178 1418 bollo
1198 1344 1356 1436 quolibet
1373 1343 1585 1416 militarent:
1604 1343 1763 1416 universi
1783 1342 1881 1415 enim
1896 1344 1919 1429 Ι)

366 1466 410 1538 ad
436 1464 708 1558 perfunctoriam
736 1464 919 1553 militiam,
948 1467 1046 1538 nullo
1075 1469 1170 1539 metu
1197 1486 1255 1538 eos
1283 1469 1478 1553 educente,
1506 1485 1585 1537 cum
1609 1464 1742 1556 Regem
1759 1462 1918 1554 levipen-

366 1585 504 1672 derent,
534 1606 571 1658 se
597 1584 870 1671 restrinxerant3
899 1585 983 1658 item
1010 1591 1051 1658 ut
1069 1606 1133 1658 sex
1151 1585 1266 1678 grossi
1286 1585 1328 1658 de
1347 1586 1447 1658 laneo
1467 1583 1626 1675 quolibet
1644 1603 1813 1674 possesso
1832 1583 1919 1674 Regi

367 1706 585 1778 solverentur
611 1726 673 1796 pro
702 1705 946 1779 subventione:
980 1705 1095 1777 omnia
1122 1710 1239 1777 tamen
1265 1705 1367 1792 haec,
1397 1710 1432 1778 ιι
1458 1705 1561 1794 plura
1588 1703 1658 1776 alia
1685 1723 1772 1775 sana
1806 1703 1918 1774 consi·

366 1823 416 1896 lia
442 1829 547 1916 atque
575 1825 680 1912 scita,
710 1846 772 1916 per
798 1825 1056 1897 cunctationem
1087 1824 1234 1917 regiam,
1268 1824 1491 1918 militumque
1524 1822 1818 1910 inobedientiam,
1853 1844 1918 1894 uon

365 1945 585 2037 ponebantur
612 1945 656 2016 ad
670 1943 701 2033 2)
730 1945 982 2018 executionem.
1011 1945 1159 2018 Interim
1187 1944 1339 2017 Mathias
1368 1944 1570 2040 Hungariae
1597 1944 1692 2030 Rex,
1721 1942 1842 2015 bostis
1867 1943 1917 2014 ιι-

367 2066 479 2137 festus
506 2065 596 2157 Regi
611 2063 642 2153 ³)
670 2071 706 2137 ιι
733 2065 853 2158 Regno
886 2065 1053 2139 Poloniae
1084 2064 1244 2164 edoctus,
1277 2064 1441 2156 quoniam
1474 2065 1674 2154 frequentor
1700 2063 1744 2135 ab
1771 2083 1816 2136 eo
1843 2063 1916 2135 affi-

366 2183 459 2256 nitas
479 2189 513 2256 et
531 2184 688 2257 amicitie
714 2185 894 2275 postulata
913 2189 948 2256 ιι
966 2189 1118 2272 tentata,
1148 2204 1248 2256 secus
1275 2189 1444 2270 cesserat,
1474 2203 1537 2256 sex
1565 2182 1679 2254 millia
1701 2187 1917 2254 armatorum

365 2302 581 2376 clandestine
619 2323 681 2395 per
718 2304 828 2376 silvas
864 2303 1046 2376 Poloniam
1083 2303 1126 2374 ab
1164 2301 1347 2394 Hungaria
1382 2302 1686 2390 disterminantes,
1724 2303 1792 2375 sub
1834 2302 1918 2374 duee

364 2421 510 2495 Tharoni
537 2423 669 2494 'lboma
695 2423 880 2515 Hungaro‚
908 2423 1055 2495 haerede
1083 2423 1125 2496 de
1152 2426 1266 2494 castro
1295 2421 1528 2514 Syedmilppi,
1556 2421 1592 2494 iu
1621 2423 1785 2515 Regnum
1815 2423 1916 2494 Polo-

362 2541 442 2614 niae
469 2541 591 2614 mittit.
620 2542 703 2634 Qui,
732 2564 801 2634 quo
828 2542 981 2634 amplius
1009 2543 1162 2615 Polouos
1190 2543 1329 2616 falleret
1356 2541 1480 2633 (etiam
1507 2563 1571 2616 nec
1598 2547 1674 2614 tum
1701 2562 1826 2614 curam
1853 2543 1916 2614 ali-

363 2682 468 2753 quam
495 2665 557 2734 ant
584 2662 778 2736 custodiam
805 2662 878 2752 sui,
908 2662 1068 2754 quamvis
1095 2663 1250 2754 plurima
1276 2663 1318 2736 de
1345 2663 1499 2735 adventu
1526 2661 1683 2734 bostium
1704 2681 1750 2734 cx
1769 2663 1917 2755 Hunga

362 2780 416 2854 ria
434 2783 649 2874 accepissent
672 2782 905 2871 avisamenta,
933 2783 1090 2856 ferebant
1104 2783 1148 2872 4),
1177 2804 1239 2874 per
1266 2787 1400 2856 turmas
1427 2780 1593 2874 ingressi,
1613 2787 1649 2854 ιι
1666 2787 1771 2855 ιιιιι
1790 2783 1916 2855 intem-

364 2905 466 2993 pesta
493 2901 657 2994 oppidum
687 2901 848 2994 Smigrod
880 2923 960 2975 cnm
992 2901 1098 2975 scalis
1126 2902 1301 2995 aggressi,
1334 2903 1434 2974 nullo
1461 2901 1617 2994 negotio,
1647 2901 1839 2993 oppidanis
1866 2924 1916 2976 sc

365 3041 447 3094 cure
474 3020 744 3110 dormientibus,
764 3021 1030 3114 conquiruntur.
1058 3025 1184 3096 Arcem
1202 3023 1327 3096 deinde
1346 3021 1543 3095 bombardis
1567 3027 1790 3116 quassatam,
1821 3044 1917 3096 muro

365 3140 527 3230 subruto,
561 3162 623 3233 por
653 3141 865 3215 deditionem
898 3141 1092 3234 accipiunt,
1127 3146 1163 3215 et
1194 3142 1232 3214 in
1263 3146 1412 3234 utraque
1442 3142 1703 3233 receptaculum
1731 3149 1769 3214 ιι
1797 3142 1916 3214 nidum

365 3259 435 3333 sibi
461 3260 698 3334 constituunt:
728 3261 854 3352 oppido
881 3265 917 3334 et
943 3281 1021 3334 areo
1048 3261 1150 3335 nouis
1179 3261 1284 3335 fossis
1311 3266 1347 3334 et
1365 3260 1568 3354 aggeribus,
1597 3261 1821 3353 eaeterisque
1840 3283 1915 3353 pro·

363 3379 588 3473 pugnaculis,
616 3401 679 3472 per
697 3401 733 3453 ss
752 3385 787 3454 et
805 3387 975 3473 agrestes,
995 3402 1083 3473 qnos
1102 3381 1403 3475 bomagiarerant,
1432 3381 1673 3468 communitis,
1704 3382 1812 3454 silvis
1833 3403 1913 3473 quo-

364 3520 431 3591 que
449 3499 623 3591 praesidio
650 3501 732 3574 sorti
751 3501 982 3593 pedestrium,
1007 3521 1050 3575 nc
1069 3501 1231 3576 concludi
1249 3501 1410 3575 arborum
1429 3501 1633 3592 deceptione
1651 3507 1818 3592 possent,
1838 3523 1913 3594 pro·

364 3617 468 3707 visis,
496 3619 533 3691 in
561 3619 719 3714 singulas
750 3627 868 3712 partes
896 3621 932 3694 in
960 3622 1103 3713 longum
1133 3627 1167 3694 et
1194 3621 1231 3693 in
1258 3623 1370 3693 latum
1401 3620 1629 3693 discurrendo
1661 3619 1827 3711 impune,
1856 3643 1910 3713 op-

363 3737 445 3829 pida
472 3739 624 3831 Iasaysl,
658 3741 843 3828 Bruostelr‚
877 3741 1084 3814 Kolacnicae
1100 3740 1142 3830 ⁵),
1176 3741 1335 3813 Fristatb
1352 3741 1395 3829 ὓ),
1426 3740 1670 3813 Damboudaal
1687 3741 1730 3828 7),
1761 3743 1910 3834 Dulrlps,

363 3863 398 3930 et
426 3857 532 3929 villas
559 3879 665 3950 prope
693 3859 877 3949 ducentas,
906 3859 1066 3934 incendio
1094 3859 1367 3954 conflagrante.
1397 3859 1569 3951 Oppidum
1590 3861 1737 3950 iusuper
1755 3860 1910 3944 Pilsano,

362 3977 571 4067 populosum
598 3997 639 4052 ea
667 3983 875 4073 tempestate
902 3985 938 4054 et
955 3981 992 4053 in
1019 3979 1157 4054 diuitiis
1185 3981 1406 4071 opulentum,
1436 3979 1643 4070 probibente
1670 3981 1784 4072 Rege,
1816 4003 1860 4054 ιι
1877 4001 1911 4052 se

362 4095 538 4186 pactione,
567 4097 659 4170 datis
688 4099 953 4192 quadringentis
980 4101 1136 4188 florenis,
1161 4101 1204 4173 ab
1223 4101 1324 4173 hoste
1350 4099 1552 4188 redimeret,
1582 4099 1766 4172 incensum
1785 4106 1822 4172 et
1841 4102 1910 4172 solo

363 4222 567 4307 aequatum:
595 4219 747 4309 populus
773 4220 958 4312 utriusque
986 4241 1092 4292 sexus
1111 4221 1346 4312 praefatorum
1366 4220 1586 4311 oppidorum,
1615 4219 1860 4312 impuberibus
1878 4227 1909 4292 et

364 4334 505 4409 senibus
533 4337 745 4425 interiectis,
774 4338 811 4410 in
838 4339 1056 4432 Hungariam
1088 4339 1250 4431 captivus
1277 4339 1420 4426 ductus3
1455 4339 1621 4430 oppidum
1649 4340 1792 4410 Krosno
1821 4340 1907 4411 obsi·

363 4455 466 4528 dione
484 4457 672 4544 uallatum,
696 4458 734 4530 in
753 4479 848 4550 spem
875 4459 1108 4550 proditorum,
1143 4459 1327 4550 quiillius
1350 4458 1562 4550 portariam
1589 4459 1753 4531 hostibus
1781 4480 1906 4550 apern-

364 4579 478 4660 erant,
517 4575 601 4648 item
639 4581 674 4648 ot
710 4581 863 4650 castrum
896 4579 1085 4670 Golpeseb,
1118 4579 1161 4652 ab
1193 4579 1355 4652 hostibus
1388 4583 1488 4650 noete
1520 4578 1658 4670 integra
1690 4578 1907 4671 impugnata,

362 4695 620 4768 sPolonorum
646 4695 822 4770 militibus
854 4698 991 4790 egregie
1018 4699 1160 4773 defensa
1191 4703 1285 4771 sunt.
1318 4698 1520 4770 Karimirus
1552 4698 1720 4770 Poloniae
1752 4699 1832 4770 Rex
1860 4703 1909 4768 tot

362 4814 465 4886 malis
492 4821 686 4905 permotus,
718 4817 902 4890 universas
934 4823 1045 4891 terras
1073 4819 1116 4890 ad
1143 4838 1239 4890 arma
1270 4837 1477 4910 consurgere
1509 4817 1662 4889 mandat.
1694 4817 1826 4890 Verum
1854 4817 1905 4889 illi

362 4934 552 5006 multorum
580 4955 749 5008 annorum
776 4957 874 5030 pace,
910 4938 1047 5012 deliciis
1075 4942 1109 5011 et
1136 4937 1286 5010 mollitie
1317 4936 1531 5030 languidati,
1563 4937 1738 5010 hibernali
1765 4937 1906 5027 insuper

362 5125 366 5131 .
382 5123 567 5131 m——ffl—

470 5225 494 5306 ¹)
516 5229 605 5289 etiam
628 5223 691 5288 Ed.
715 5224 809 5309 Lipe.
833 5225 859 5304 ⁸)
882 5229 912 5288 in
935 5223 998 5289 Ed.
1022 5225 1112 5311 Lipa.
1137 5226 1165 5305 ⁸)
1187 5229 1331 5289 casimiro
1352 5229 1427 5304 Regi
1449 5224 1512 5288 Ed.
1528 5223 1620 5309 [Ape.
1638 5223 1665 5306 ⁴)
1680 5227 1828 5288 iaciebant
1843 5223 1900 5286 Ed.

362 5327 451 5412 [ιρι.
476 5329 504 5409 ⁶)
526 5331 703 5393 Kolucaioue
724 5327 789 5392 Ed.
811 5327 902 5414 Lips.
927 5328 954 5410 ⁸)
978 5331 1120 5392 Fristbad
1142 5327 1205 5392 Ed.
1229 5329 1322 5412 Lipa.
1354 5327 1379 5410 τ)
1406 5329 1610 5408 Dabowdzyal
1631 5327 1695 5392 Ed.
1718 5327 1807 5412 Lipr.
1831 5331 1898 5408 (Itq-

362 5433 496 5514 bowiec).
521 5432 547 5513 ⁸)
570 5439 754 5496 consumunt.
778 5430 841 5496 Ed.
865 5431 956 5517 Lips.
