4046 6278
59 549 124 650 (Α.
146 549 191 626 D.
213 547 339 648 nod)
574 573 687 628 umus
713 573 958 626 moouncruus
986 554 1100 644 (unu).
1534 553 1608 626 399
1745 497 1746 502 ¹

57 755 227 844 inhibita,
256 755 466 848 faciliusque
492 759 611 832 hostes
640 758 683 830 ad
710 778 831 849 pacem
858 757 936 850 cogi
960 761 1121 850 possent,
1150 757 1232 829 dum
1250 777 1320 830 non
1339 762 1540 850 superesset
1557 757 1608 829 lo-

58 895 136 964 cus,
166 875 258 948 circa
284 897 387 968 quern
415 881 492 950 tuto
522 882 668 970 possent
699 877 851 951 Wislam
878 876 1057 966 traiicere,
1091 877 1129 950 in
1156 878 1352 970 propinque
1380 878 1537 952 extabat
1553 897 1609 950 co·

56 995 116 1086 pia
142 995 310 1069 materiae
332 997 376 1068 ad
395 997 598 1070 excitandos
619 997 645 1082 ¹)
673 1017 817 1090 aggeres
836 1001 872 1070 ct
890 1001 1027 1070 caetera
1053 999 1185 1087 opera),
1213 996 1358 1070 Petrum
1385 996 1506 1070 Dunin
1525 1017 1602 1070 suc-

58 1115 286 1188 camcrarium
315 1116 630 1190 Sandomirieusom
658 1137 737 1190 cum
763 1117 986 1190 mercenariis
1015 1122 1050 1190 ot
1076 1116 1301 1190 Protheuicis
1329 1115 1522 1204 militibus,
1551 1116 1608 1188 Io·

56 1236 207 1309 hannem
235 1257 317 1308 uero
345 1236 543 1328 Siuowyooa
570 1237 612 1310 dc
630 1237 788 1310 Kooaina
806 1241 841 1310 et
859 1238 1010 1310 Paulum
1037 1236 1222 1328 Iasyenski
1242 1257 1320 1310 cum
1340 1235 1561 1310 curiensibus
1577 1233 1608 1324 ²)

58 1356 101 1426 ad
119 1355 349 1429 obsidendum
368 1356 477 1429 Nouo
495 1357 717 1430 transmittit.
746 1358 872 1449 Itaque
892 1356 1057 1449 oppidum
1076 1356 1183 1428 Nouo
1202 1377 1222 1429 a
1242 1357 1346 1430 Petro
1365 1356 1485 1430 Dunin
1507 1361 1609 1428 sexta

57 1475 214 1568 Augusti
229 1473 272 1564 ³),
301 1497 321 1548 a
348 1477 568 1549 curiensibus
583 1478 615 1565 ⁴)
644 1498 725 1549 roro
753 1476 860 1569 regiis
881 1477 1084 1561 tredecima,
1113 1476 1265 1550 obsideri
1283 1481 1444 1568 coeptum
1472 1483 1543 1565 ost,
1573 1481 1608 1550 et

57 1615 223 1687 processu
251 1596 418 1688 temporis
452 1597 609 1670 turribus
638 1597 712 1670 siue
741 1597 853 1669 bostis
880 1617 920 1668 oc
948 1597 1090 1688 sepibus
1124 1595 1161 1667 in
1185 1596 1372 1670 circuitum
1399 1601 1608 1688 coangusta-

59 1721 143 1788 tum.
172 1717 220 1788 Et
246 1715 330 1789 licet
357 1717 492 1803 hostes,
525 1718 646 1808 plures
677 1716 861 1808 Principes
894 1737 957 1807 pro
982 1717 1122 1790 ferendo
1149 1713 1307 1808 gentium
1336 1715 1493 1790 subsidio
1522 1715 1607 1788 soli·

58 1835 243 1923 citassent,
263 1857 327 1910 nec
344 1837 531 1928 impetrare
550 1837 736 1929 quicquam
756 1837 969 1925 valuissent3
998 1836 1082 1910 licet
1099 1836 1244 1929 insuper
1262 1855 1306 1908 ex
1326 1836 1487 1908 omuibus
1506 1857 1605 1928 prae·

58 1955 159 2028 sidiis
186 1957 348 2047 peditatu
376 1963 411 2030 et
438 1957 599 2049 equitatu
626 1957 792 2045 deducto,
822 1957 975 2048 qualiter
1001 1956 1218 2030 obsidionem
1245 1955 1369 2044 Nouo,
1402 1955 1487 2030 item
1515 1956 1607 2030 obsi·

59 2075 197 2148 dionem
225 2077 373 2165 Pucaki,
403 2098 491 2169 quae
519 2083 554 2148 ct
582 2077 660 2168 ipsa
687 2099 707 2150 a
735 2077 980 2152 (teanensibus
1008 2083 1101 2150 terra
1120 2083 1155 2150 et
1174 2075 1261 2148 mari
1281 2081 1355 2148 tota
1383 2075 1446 2148 illa
1473 2082 1608 2148 aestate

59 2195 300 2285 obsidebatur,
329 2196 413 2270 item
442 2197 658 2270 obsidionem
686 2197 793 2272 castri
813 2197 962 2284 Sadlou,
992 2197 1083 2289 quod
1103 2219 1123 2269 a
1142 2197 1296 2270 Ocurado
1316 2195 1492 2270 ldasoriae
1511 2196 1607 2298 Duce

60 2322 93 2389 et
109 2321 214 2408 gente
239 2338 318 2405 sua,
347 2317 481 2390 decima
508 2323 631 2390 octava
659 2317 874 2408 Septembris
890 2317 921 2407 ⁵)
949 2317 1102 2391 obsideri
1129 2323 1289 2407 coeptum
1317 2322 1386 2404 est,
1418 2317 1607 2404 solverent,

59 2436 173 2510 varios
201 2440 373 2510 tractatus
401 2436 662 2529 detorquerent:
692 2436 828 2510 uiribus
855 2442 973 2510 tumen
1001 2457 1084 2510 suae
1104 2443 1138 2509 ot
1158 2439 1273 2528 regiae
1297 2435 1408 2527 partis
1436 2435 1607 2527 pensatis,

59 2578 126 2628 nou
154 2577 192 2630 se
221 2557 406 2630 manifesto
435 2557 651 2631 committere
678 2557 850 2649 periculo,
880 2557 940 2630 scd
965 2577 1009 2630 ox
1027 2556 1168 2630 insidiis
1196 2557 1368 2628 lacessere
1395 2555 1606 2645 obsidentes,

60 2683 281 2750 consuerunt.
318 2676 505 2752 Instabaut
539 2679 706 2769 posthaec
743 2677 916 2751 Henricus
948 2677 991 2748 de
1018 2677 1158 2749 Plawen
1186 2675 1311 2748 etalii
1338 2675 1523 2764 cruciferi,
1553 2697 1607 2748 so·

60 2795 314 2887 licitubantquo
341 2818 466 2887 magna
493 2797 665 2870 instantia
692 2797 864 2870 militares
891 2801 927 2869 et
954 2787 1049 2870 ciues
1076 2795 1259 2883 Prnssiae,
1287 2800 1328 2868 ut
1354 2796 1451 2887 pacis
1479 2801 1606 2868 tracta·

61 2921 117 2988 tus
144 2921 420 3004 resumerentur,
451 2916 614 3006 quoniam
644 2921 678 2989 et
705 2937 726 2988 a
753 2917 994 3008 stipendiariis
1022 2921 1057 2990 et
1084 2915 1236 2988 subditis
1264 2937 1348 2990 suae
1366 2915 1478 3007 partis
1496 2915 1607 2989 incre·

61 3036 148 3126 pati,
178 3037 272 3128 quod
299 3057 418 3127 pacem
437 3036 474 3108 in
493 3037 634 3108 Thoruu
654 3037 718 3109 sub
738 3036 997 3109 conditionibus
1017 3057 1079 3128 per
1096 3037 1227 3128 Regem
1251 3035 1379 3108 oblatis
1398 3055 1466 3107 non
1485 3055 1605 3128 accep·

61 3161 212 3245 lassent,
242 3157 284 3228 de
311 3156 466 3247 periculo
494 3161 609 3229 status
638 3155 693 3228 sui
713 3156 960 3244 formidabant,
989 3155 1279 3230 denuntiantibus
1298 3155 1348 3230 eis
1368 3155 1607 3248 stipendiariis

62 3282 95 3348 ot
122 3276 293 3364 subditis,
322 3297 375 3363 so,
404 3276 509 3348 etiam
529 3276 618 3368 ipsis
636 3276 870 3349 renitentibus
890 3281 925 3350 ct
943 3277 1084 3364 inritis,
1114 3297 1234 3368 pacem
1262 3277 1492 3349 conlecturos.
1521 3276 1605 3350 llis·

63 3417 120 3468 sus
148 3397 191 3468 ob
220 3395 256 3468 id
283 3401 318 3468 et
345 3396 388 3468 ob
415 3395 504 3468 alias
532 3417 587 3468 res
614 3417 693 3468 cum
721 3395 966 3470 Gdanensibus
994 3396 1225 3470 conficiendas
1246 3395 1313 3468 luit
1331 3396 1368 3468 in
1387 3395 1530 3469 Gdanslr
1548 3397 1605 3470 Io-

62 3517 193 3589 hannes
227 3516 406 3608 Dlugosch
437 3515 631 3588 canonicus
664 3515 919 3603 cracoviensis,
954 3521 990 3588 et
1021 3521 1232 3589 conventum
1265 3537 1343 3588 cum
1374 3516 1607 3608 gubernatore

62 3635 226 3708 Prnssiae
253 3642 288 3708 et
316 3634 577 3723 Gdauensibus,
606 3635 892 3710 Thoruncneibus
919 3641 954 3708 et
979 3635 1253 3728 Elbingensibus
1272 3636 1365 3727 apud
1383 3635 1608 3729 Marionburg

63 3755 196 3846 aliquot
224 3754 346 3828 diebus
375 3756 500 3829 tonuit.
528 3755 657 3828 Verum
686 3755 769 3847 quia
795 3755 872 3828 loca
898 3756 962 3828 illa
988 3755 1099 3847 pestis
1126 3755 1244 3848 gravis
1273 3755 1465 3843 inuaserat,
1495 3755 1605 3830 disco·

63 3875 140 3948 derc
166 3881 289 3966 coepto
316 3874 417 3948 irrito
445 3881 584 3948 coactus
618 3881 682 3950 est.
716 3875 840 3949 Habiti
867 3880 903 3948 et
931 3877 1101 3966 expost⁶)
1130 3877 1272 3950 luerunt
1299 3882 1334 3948 ot
1360 3875 1452 3966 apud
1480 3875 1606 3948 Sthum

64 4001 96 4066 ot
121 3995 159 4068 in
186 4015 307 4086 campo
335 4017 441 4086 prope
469 3996 693 4088 llarienburg
711 3997 754 4068 de
772 4017 857 4087 pace
876 3996 1114 4070 concludenda
1142 3999 1335 4083 tractatus,
1364 3995 1550 4068 Graciferis
1569 3995 1607 4068 in

63 4114 292 4202 conditiones,
323 4137 412 4207 qnae
439 4115 490 4188 eis
518 4117 611 4207 apud
639 4118 781 4189 Thorun
811 4115 1059 4204 offerebantur,
1089 4116 1343 4190 devoventibus
1363 4136 1400 4188 se
1418 4135 1606 4190 eonsensu-

63 4256 132 4308 ros:
160 4241 303 4326 propter
331 4236 423 4326 quod
450 4236 701 4327 deposcebatur
728 4237 823 4324 Rex,
853 4240 893 4308 ut
921 4235 957 4308 in
985 4235 1207 4329 lilarienburg
1235 4235 1276 4308 de
1295 4237 1406 4308 latero
1425 4257 1506 4308 suos
1526 4251 1606 4310 con·

65 4355 231 4443 siliarios,
259 4375 379 4446 pacem
407 4360 636 4444 tractaturos,
666 4356 936 4442 transmitterot;
965 4362 1064 4446 peste
1092 4361 1209 4429 tamon
1236 4355 1359 4429 dietim
1387 4354 1480 4447 apud
1497 4357 1605 4430 Prus-

65 4474 150 4546 siam
177 4475 415 4548 invalescente
443 4480 478 4548 et
505 4477 624 4566 plures
651 4477 856 4549 absumente
884 4476 1066 4564 mortales,
1100 4497 1211 4568 noque
1242 4476 1412 4568 placitare
1439 4475 1481 4548 de
1508 4496 1606 4568 paco,

65 4615 173 4686 neque
201 4595 354 4688 aliquem
381 4595 477 4668 mitti
504 4597 547 4668 ad
573 4596 748 4670 notorium
776 4595 986 4686 periculum,
1015 4595 1161 4687 placuit.

170 4885 193 4965 ¹)
218 4887 394 4947 extruendas
418 4883 481 4949 Ed.
506 4883 596 4967 Lapa.
628 4885 654 4965 ⁹)
677 4904 743 4946 cum
773 4886 877 4947 aulicis
907 4882 971 4948 Ed.
1001 4883 1090 4969 La'po.
1122 4883 1148 4964 ⁸)
1172 4891 1257 4947 sexta
1279 4886 1458 4948 diomedeis
1480 4882 1607 4964 Augusti

66 4980 126 5050 Ed.
150 4985 241 5070 lopo.
265 4985 291 5068 ⁴)
315 4991 352 5049 ab
375 4990 480 5050 aulicis
503 4986 566 5050 Ed.
590 4986 679 5070 Lipo.
707 4987 732 5068 ο)
756 4989 871 5049 decimu
892 4993 998 5050 octava
1021 4989 1069 5050 die
1090 4990 1201 5050 mensis
1224 4990 1405 5071 Septembris
1428 4985 1492 5052 Ed.
1516 4987 1608 5074 Lips·

67 5087 90 5158 ἣ
113 5097 216 5168 postea
237 5088 300 5153 Ed.
322 5089 412 5175 La'pa
