4264 6280
439 547 487 619 10
944 565 1059 621 arcun
1084 565 1329 620 nuonnonrus
1356 549 1472 637 (xm).
1706 542 1773 644 (Α.
1794 541 1839 618 D.
1860 542 1984 643 1450.)

433 756 577 828 toritate
596 755 623 843 ¹)
652 754 721 826 frui
749 755 842 826 velle
871 757 906 826 et
932 753 1100 845 gaudere,
1130 775 1234 846 quam
1253 753 1395 826 Maioris
1414 753 1582 826 Peloniae
1603 747 1659 825 sui
1678 754 1894 827 cnesnensis
1914 775 1981 826 me·

435 875 653 969 tropolitani.
693 876 788 948 Haec
815 878 850 947 et
876 875 979 966 plura
1011 874 1082 946 alia
1114 874 1281 965 privatim
1309 878 1491 966 concepta,
1525 875 1561 946 16
1588 875 1787 966 praesentia
1814 873 1923 967 Regis
1951 879 1983 945 et

433 995 717 1070 consiliariorum
752 994 896 1068 Maioris
924 995 1091 1067 Peloniae
1119 1015 1187 1065 non
1215 994 1290 1068 sine
1317 994 1571 1086 indignationis
1598 993 1848 1086 actapublice
1875 993 1982 1066 effun-

431 1119 535 1206 dunt,
565 1123 599 1190 66
626 1116 697 1190 6161
724 1116 901 1190 deleratur
928 1117 965 1189 in
993 1115 1153 1190 omnibus
1186 1115 1363 1188 cardinali
1379 1114 1421 1205 2),
1455 1119 1698 1208 protestantur
1725 1137 1762 1189 se
1791 1136 1910 1188 omnes
1939 1136 1981 1187 ex

431 1237 660 1311 conventione
693 1236 922 1310 discessuros.
956 1238 1140 1310 Mitescere
1173 1237 1367 1310 consiliarii
1401 1237 1543 1309 Maioris
1571 1237 1739 1309 Peloniae
1766 1236 1823 1309 his
1851 1237 1981 1310 auditis

432 1363 467 1431 66
495 1358 625 1431 666616
653 1360 694 1431 16
721 1357 901 1450 proposito
929 1359 1048 1432 cedere
1075 1363 1275 1449 coeperunt.
1309 1357 1363 1430 Ne
1391 1361 1507 1430 tamen
1538 1357 1658 1449 aliqua
1685 1379 1767 1449 pars
1797 1358 1983 1450 quicquam

435 1478 699 1572 suggillationis
718 1484 780 1552 aut
798 1479 975 1552 dedecoris
995 1478 1213 1552 contraxisse
1231 1479 1410 1567 uideatur,
1430 1478 1592 1570 precibus
1611 1478 1705 1569 apud
1719 1477 1942 1551 cardinalem
1958 1476 1986 1566 3)

434 1601 617 1673 obtentum
649 1605 718 1690 est,
753 1599 846 1692 quod
873 1603 909 1672 66
936 1599 1133 1673 Wladislao
1166 1599 1427 1692 archiepiscopo
1460 1599 1657 1672 cnesnensi
1689 1599 1905 1686 discedente,
1942 1619 1985 1670 ex

434 1719 620 1812 Pyotrlrow
648 1720 822 1794 discessit.
852 1721 938 1793 Post
966 1742 1112 1813 quorum
1140 1721 1356 1807 abscessum,
1387 1741 1492 1811 super
1510 1719 1614 1792 rebus
1633 1719 1801 1811 publicis,
1831 1725 1867 1792 et
1885 1741 1983 1811 prae·

433 1840 557 1914 sertim
586 1863 692 1935 super
718 1840 919 1916 defensione
946 1845 1118 1915 terrarum
1146 1839 1790 1929 1166616666Ρ61611666Τ166666616,
1820 1841 1906 1914 1666
1929 1861 1983 1911 66-

432 1984 495 2054 per
522 1961 696 2059 coertione
724 1961 916 2054 spoliorum
944 1967 979 2035 et
1007 1964 1197 2050 furtorum,
1227 1983 1315 2054 quae
1342 1963 1423 2055 plus
1452 1959 1557 2034 solito
1584 1960 1622 2033 16
1640 1961 1749 2055 Regis
1764 1961 1796 2052 4)
1824 1961 1985 2034 absentia

433 2083 588 2177 grassari
615 2087 816 2175 coeperant,
846 2082 951 2155 multi
979 2087 1151 2155 tractatus
1180 2083 1338 2155 salubres
1365 2081 1478 2155 habiti
1507 2086 1605 2169 sunt;
1639 2082 1700 2155 sed
1727 2086 1763 2155 et
1790 2083 1877 2156 haec
1904 2103 1984 2156 con·

436 2203 548 2277 clusio
576 2208 679 2296 capta
706 2203 789 2291 fuit,
818 2199 923 2274 utin
951 2203 1102 2296 singulis
1130 2203 1233 2276 terris
1261 2203 1376 2296 Regni
1404 2202 1572 2274 Peloniae
1599 2203 1698 2296 Rug
1725 2207 1760 2276 66
1787 2202 1985 2294 inquisitio,

436 2345 651 2418 examenque
678 2326 720 2397 de
748 2323 885 2397 iuribus
904 2329 940 2397 66
957 2324 1192 2416 praedonibus
1220 2327 1330 2398 fieret.
1359 2325 1460 2396 Hanc
1484 2323 1743 2397 conclusionem
1761 2323 1887 2396 utilem
1905 2324 1985 2415 plu-

431 2444 559 2518 rimum
594 2444 647 2517 rei
683 2445 861 2536 publicae,
895 2445 1134 2518 6616661166
1166 2447 1302 2537 plnres,
1336 2445 1434 2518 illico
1467 2443 1640 2517 Kaaimiri
1672 2443 1781 2538 Regis
1810 2444 1986 2517 recusatio

432 2569 468 2638 et
494 2565 676 2658 responsio
704 2566 795 2638 16666
822 2565 865 2639 de
893 2565 1138 2638 confirmandis
1166 2565 1302 2639 iuribus
1336 2565 1449 2659 Regni
1482 2564 1684 2638 infirmavit.
1721 2564 1986 2657 Quamprimum

432 2687 525 2759 enim
552 2684 748 2778 respondit,
777 2689 919 2779 petente
945 2687 1112 2759 universa
1138 2687 1422 2780 congregatione,
1450 2708 1519 2758 666
1546 2707 1649 2778 posse
1675 2685 1713 2758 in
1731 2684 1987 2777 praeiudicium

436 2806 594 2880 Ducatus
622 2805 741 2899 Magni
767 2805 996 2895 Lithuaniae,
1025 2806 1102 2879 iura
1120 2807 1234 2900 Regni
1253 2807 1419 2880 Peloniae
1447 2808 1660 2894 confirmare,
1689 2805 1786 2879 illico
1815 2826 1988 2879 consensu

432 2926 604 3014 omnium,
642 2927 810 3000 conclusa
851 2933 956 3020 rupta
989 2933 1086 3017 sunt,
1120 2933 1155 3000 66
1186 2927 1377 3020 plurimum
1409 2927 1558 3000 irritatis
1590 2925 1717 2999 animis
1750 2926 1923 3016 omnium,
1954 2931 1988 3000 66

432 3067 453 3118 6
476 3047 572 3140 Rege
587 3045 617 3136 5)
645 3045 809 3119 611666616
829 3053 863 3121 66
882 3047 1033 3136 aversis,
1065 3047 1141 3121 6166
1160 3047 1279 3140 aliquo
1298 3049 1366 3122 fine
1385 3047 1579 3122 discessum
1606 3051 1722 3120 estex
1741 3047 1986 3122 conventione.

434 3155 712 3260 significantque
738 3165 829 3260 Regi
844 3167 876 3257 6)
903 3167 1077 3257 uniuersi,
1106 3189 1175 3240 non
1201 3189 1305 3260 posse
1332 3167 1569 3242 ordinationes
1589 3189 1670 3240 6666
1690 3171 1752 3239 666
1770 3166 1911 3240 decreta
1931 3188 1986 3239 as·

432 3308 585 3376 sumere,
614 3289 676 3359 666
703 3290 884 3378 assumpta
902 3287 1045 3379 exequi,
1075 3288 1136 3360 sed
1155 3309 1267 3380 neque
1286 3288 1520 3362 obedientiam
1539 3287 1680 3360 solitam
1699 3291 1894 3379 praestare,
1927 3287 1986 3359 do-

432 3428 496 3480 nec
524 3407 602 3480 iura
628 3405 742 3498 Regni
759 3406 789 3495 7)
817 3407 1049 3481 effectualiter
1080 3407 1195 3481 literis
1228 3413 1264 3481 66
1295 3409 1490 3482 iuramento
1523 3410 1710 3481 firmasset.
1748 3407 1987 3480 conventione

431 3527 619 3616 dissoluta,
648 3526 850 3600 Kaaimirus
877 3528 957 3600 Rex
985 3549 1029 3600 ex
1056 3529 1242 3620 Pyetrlrou
1269 3551 1339 3600 una
1367 3551 1445 3601 cum
1472 3528 1641 3621 genitrice
1669 3550 1733 3600 sua
1759 3527 1892 3618 Sophia
1916 3529 1985 3601 Re·
2101 3535 2103 3540 ’

431 3647 515 3740 gina
541 3645 740 3736 discedens,
769 3669 831 3738 per
857 3648 1011 3736 Zarnorr,
1041 3648 1294 3737 Radeschicae,
1324 3649 1560 3738 Bodnancnin,
1589 3648 1769 3740 cpathoss,
1794 3647 1832 3719 in
1851 3648 1986 3720 Sando-

432 3766 571 3839 miriam
598 3765 636 3838 in
662 3766 719 3840 die
747 3766 868 3840 Sancti
895 3769 1046 3840 Thomae
1074 3767 1238 3860 Apostoli
1265 3769 1441 3860 pervenit,
1476 3773 1510 3841 et
1537 3768 1613 3840 illic
1640 3769 1776 3860 aliquot
1817 3768 1986 3859 septima·

432 3886 489 3958 nis
517 3891 766 3976 commoratus,
800 3886 941 3960 Natalis
974 3887 1115 3960 Domini
1147 3888 1238 3978 dies,
1272 3892 1453 3980 praesente
1485 3889 1636 3982 Sbigneo
1664 3887 1841 3962 cardinali
1869 3893 1905 3960 et
1934 3889 1986 3960 di·

433 4005 550 4079 vinam
576 4027 649 4080 rem
676 4011 817 4100 agente,
846 4007 976 4100 exegit.

879 4359 1092 4473 ANNUS
1128 4358 1359 4472 DOMINI
1394 4359 1534 4473 1450.

503 4603 681 4692 lnprnitar
702 4604 737 4675 ln
759 4603 869 4694 llegno
892 4603 1040 4676 16166166
1062 4604 1167 4676 lorum
1190 4607 1225 4675 66
1247 4603 1443 4694 praedonum
1466 4604 1634 4675 66166166
1656 4604 1787 4676 riulan
1811 4605 1921 4677 anxit.

468 4871 472 4880 ’
534 4850 680 4924 Exactis
699 4849 736 4923 in
756 4850 990 4941 Sandomiria,
1019 4851 1223 4924 Karimirus
1242 4852 1335 4939 Rex,
1357 4851 1497 4924 Natalis
1521 4851 1662 4924 Domini
1680 4851 1820 4940 diebus,
1850 4873 1915 4944 per
1934 4855 1985 4924 fc·

433 4975 490 5044 sta
518 4971 624 5046 etiam
651 4971 934 5046 Circumcisionis
948 4971 980 5062 Β)
1009 4976 1044 5046 66
1071 4971 1348 5066 Epiphaniarum
1375 4971 1451 5046 illic
1478 4976 1532 5044 est
1559 4977 1727 5046 moratus.
1755 4973 1914 5065 Postque
1943 4993 1987 5046 ex

538 5262 562 5340 ¹)
586 5265 742 5325 autoritate
766 5271 796 5326 66
818 5265 963 5342 dignitate
987 5260 1048 5326 Ed.
1072 5261 1162 5347 Lips.
1188 5263 1215 5343 ῃ)
1238 5261 1370 5341 Sbigneo
1394 5263 1544 5326 cardinali
1567 5261 1630 5327 Ed.
1653 5261 1742 5347 Lipe.
1768 5261 1793 5342 3)
1817 5265 1899 5342 apud
1916 5266 1988 5326 Oar-

430 5367 559 5427 dlnalem
581 5367 742 5443 Sbigneum
765 5363 827 5429 Ed.
850 5365 940 5449 Lipe.
966 5365 991 5442 4)
1016 5368 1151 5428 06616161
1174 5369 1264 5444 Regis
1287 5365 1349 5430 Ed.
1372 5365 1988 5450 6166.5)616636Ο6616166Ε66.Ε6’66.

431 5467 458 5550 ⁶)
470 5470 546 5548 Regi
562 5469 707 5531 Gasimiro
722 5467 786 5532 Ed.
798 5467 888 5553 Lips.
907 5468 1194 5551 7)116361Ρ6166166
1210 5467 1272 5533 Ed.
1284 5467 1373 5552 Lips.
1392 5469 1417 5550 ⁸)
1432 5471 1669 5533 circumcisionis
1685 5471 1806 5532 Domini
1817 5467 1881 5533 Ed.
1894 5469 1986 5553 Lips.
