4046 6278
885 539 999 590 urnae
1025 537 1271 591 nuonncurus
1298 521 1413 610 (nur).
1648 519 1717 619 (Α.
1737 519 1918 622 0.,1484.)

828 973 1042 1087 ANNUS
1079 974 1491 1088 nominandae.

490 1217 643 1307 oppidum
668 1219 703 1288 ot
725 1218 868 1288 castrum
891 1216 1014 1306 cupos
1037 1233 1075 1288 rc
1097 1217 1245 1289 llolaztiu
1267 1235 1324 1307 par
1346 1221 1464 1308 genter
1486 1219 1596 1309 regim
1617 1223 1716 1311 capta
1739 1225 1825 1294 runt.

481 1465 670 1539 Obsidione
697 1465 804 1537 castri
824 1469 859 1538 et
879 1463 998 1557 oppidi
1027 1465 1156 1556 Guyew
1175 1465 1212 1537 in
1231 1486 1359 1538 annum
1389 1467 1539 1538 alterum
1566 1467 1753 1559 producta,
1782 1475 1818 1542 et
1836 1473 1917 1544 omni

375 1587 463 1660 belli
492 1588 581 1658 mole
609 1587 652 1658 ad
680 1585 823 1657 illorum
850 1585 1141 1677 conquisitionem
1170 1606 1353 1674 conversa,
1384 1587 1581 1678 expectatio
1609 1589 1733 1681 ingens
1764 1593 1835 1662 tam
1860 1593 1917 1662 Po-

377 1710 494 1796 lonos,
524 1729 627 1798 quum
656 1705 852 1779 Cruciferos
884 1707 1013 1792 tenuit,
1047 1707 1085 1778 iu
1112 1727 1214 1797 quem
1248 1708 1351 1779 finem
1385 1707 1510 1799 longae
1537 1707 1732 1781 obsidionis
1760 1731 1817 1783 res
1845 1711 1922 1783 foret

378 1849 518 1917 casura,
547 1826 722 1899 militibus
745 1826 852 1918 regiis
877 1825 1118 1899 obsidentibus
1147 1826 1212 1898 illa
1239 1827 1374 1917 potius,
1405 1847 1508 1918 quam
1533 1829 1832 1921 oppugnantibus.
1860 1831 1922 1903 nii-

379 1969 456 2022 cere
482 1947 624 2020 tandem
653 1946 787 2020 obsessi
815 1945 1066 2019 contenderant
1093 1945 1239 2018 servitia
1267 1951 1301 2020 et
1327 1947 1464 2039 plebes,
1494 1969 1580 2039 quas
1608 1969 1692 2040 prae
1712 1946 1835 2042 inopia
1854 1971 1922 2023 con·

379 2069 496 2141 stabat
523 2069 648 2140 famem
676 2089 745 2139 uon
773 2067 998 2154 toleraturos,
1029 2065 1271 2139 obsidentibus
1301 2067 1383 2140 illas
1410 2067 1674 2141 retrudentibus
1695 2070 1739 2141 ad
1760 2070 1924 2144 obsessos.

381 2189 588 2262 Concessere
614 2185 760 2280 plurimi
787 2186 928 2260 iuterim
956 2187 994 2259 iu
1022 2207 1153 2276 arcem,
1187 2187 1288 2278 qnasi
1320 2187 1435 2260 locum
1464 2187 1619 2260 fortioris
1651 2189 1835 2282 praesidii.
1869 2191 1925 2264 Sed

380 2330 458 2382 cum
487 2309 564 2382 illic
591 2311 803 2380 commeatus
830 2305 891 2378 rix
920 2306 964 2378 ad
991 2285 1251 2398 quindecimum
1279 2305 1370 2379 diem
1402 2313 1609 2380 notarentur
1641 2307 1845 2398 suffecturi,
1879 2313 1926 2384 ob·

380 2429 488 2503 sessis
516 2429 662 2520 iusuper
688 2426 922 2519 opitularetur
949 2446 1066 2512 nemo,
1095 2425 1186 2498 arcis
1215 2431 1250 2498 et
1278 2427 1397 2518 oppidi
1426 2426 1557 2500 deditio
1584 2449 1646 2520 per
1669 2429 1927 2502 Commeudcto

379 2573 451 2625 rem
476 2571 640 2643 magnum
665 2549 826 2622 Ulricum
854 2548 1088 2639 Epsnenowon
1107 2547 1134 2636 ¹)
1153 2551 1188 2619 et
1207 2546 1392 2620 Nicolaum
1412 2547 1671 2621 Wischcnbach
1686 2547 1719 2638 ²)
1744 2549 1926 2638 Bonorum,

382 2671 445 2764 qui
473 2669 626 2743 obsessis
655 2673 854 2761 praeerant,
893 2667 979 2740 feria
1015 2666 1167 2740 secunda
1194 2666 1230 2738 in
1259 2666 1315 2740 die
1343 2667 1464 2740 Sancti
1492 2669 1662 2760 Stephani
1694 2670 1928 2762 Protomartp-

380 2793 448 2882 ris,
477 2791 515 2864 iu
542 2811 666 2862 manus
694 2789 791 2863 Petri
819 2788 938 2860 Dunin
968 2786 1262 2861 Sandomiriausis
1297 2789 1542 2861 succamerarii
1570 2793 1605 2862 ct
1633 2789 1813 2882 capitanei
1842 2812 1928 2864 exer·
1963 2882 1970 2894 ,

382 2915 474 2986 citus
501 2913 605 3007 regii,
643 2932 684 2984 ea
720 2909 932 2996 conditione,
969 2913 1009 2979 ut
1038 2907 1190 2980 obsessis
1223 2907 1333 2980 salvis
1361 2907 1457 2981 abire
1489 2915 1524 2981 et
1556 2911 1824 3001 quatuordecim
1853 2932 1928 3002 qua·

382 3034 493 3127 drigis
525 3031 765 3105 tantummodo
798 3051 853 3103 res
886 3050 967 3101 snas
1001 3029 1160 3116 educere,
1194 3028 1330 3110 liceret,
1362 3031 1455 3100 lacta
1482 3033 1551 3102 est:
1580 3029 1713 3102 iniecta
1740 3030 1836 3103 enim
1864 3037 1929 3104 erat

385 3154 537 3228 obsessis
566 3152 730 3240 formido,
759 3172 803 3224 ne
826 3150 862 3222 ri
881 3150 993 3242 captis
1021 3149 1190 3222 inferrent
1208 3147 1359 3222 victores
1379 3153 1546 3222 extrema.
1576 3150 1834 3246 Quadringenti
1854 3173 1928 3243 quo-

385 3295 452 3367 qne
484 3273 616 3346 milites
644 3270 873 3346 Crucilericae
905 3269 1034 3363 partis,
1068 3291 1146 3342 curn
1176 3291 1238 3341 sno
1266 3269 1353 3342 duce
1386 3269 1510 3362 Magno
1543 3271 1850 3362 commendatore,
1878 3293 1928 3344 us·

383 3417 450 3488 que
477 3393 515 3467 in
541 3393 719 3485 Kinsberg
747 3392 790 3464 ad
817 3391 1026 3483 Magistrum
1059 3390 1251 3464 incolumes
1282 3390 1440 3478 deducti,
1475 3389 1568 3463 circs
1602 3412 1721 3465 omnes
1750 3393 1930 3465 clementia

254 3571 259 3582 .
384 3515 594 3588 Polonorum
628 3512 769 3587 serrati.
804 3511 972 3605 Magister
1003 3511 1242 3582 tantummodo
1271 3510 1400 3584 civium
1433 3531 1510 3583 curn
1538 3533 1607 3582 uno
1635 3511 1789 3585 Consule
1822 3513 1928 3598 eiecti,

266 3624 271 3633 ’
384 3636 476 3728 quod
503 3633 541 3706 hi
567 3633 795 3726 procliviores
823 3633 860 3704 iu
887 3637 1022 3724 partem
1041 3630 1287 3704 Gmcifericam
1311 3631 1538 3719 notabantur,
1568 3651 1733 3704 concessa
1752 3637 1874 3706 tanuen
1891 3633 1929 3705 li·

383 3755 513 3842 centia,
532 3760 573 3827 ut
600 3754 691 3826 inira
710 3773 863 3826 mensem
884 3751 973 3826 bona
991 3751 1186 3825 immobilia
1203 3751 1396 3824 venundari
1415 3750 1548 3824 liceret.
1570 3753 1645 3823 Arx
1665 3751 1928 3841 Thomczonib,

383 3875 510 3949 civitas
538 3875 714 3948 Gotbardo
743 3873 943 3961 commissa;
972 3872 1147 3944 militibus
1167 3872 1381 3964 stipendium
1401 3873 1566 3944 solutum.
1595 3872 1773 3946 Iohannes
1794 3873 1928 3946 Skalslri

384 3997 576 4082 Bohemus‚
604 4017 696 4067 unns
725 4014 768 4066 cx
788 3994 980 4084 capitaneis
1003 3993 1156 4085 partium
1175 3991 1367 4085 regiarum,
1398 3992 1524 4083 oppido
1543 4013 1669 4084 magno
1689 3993 1857 4066 Holsntin
1875 4013 1929 4085 per

381 4117 579 4209 ingressum
608 4113 865 4188 clandestinum
892 4114 1044 4205 potitus,
1076 4113 1227 4206 singulis
1256 4113 1445 4204 spoliatum
1473 4113 1593 4201 rebus,
1623 4113 1795 4188 incendit.

385 4473 479 4545 drea
501 4471 542 4544 dc
565 4470 706 4560 llclbcrg
730 4470 859 4542 leston
885 4486 1004 4558 nagm
1031 4469 1123 4540 clade
1150 4467 1313 4554 eliciunt
1341 4467 1490 4557 oppidum
1517 4466 1682 4538 lrldlantl
1710 4468 1856 4538 amitto
1875 4483 1926 4538 m

382 4595 559 4685 spoliatum
579 4591 778 4678 incenditun
808 4589 991 4661 uenturo
1014 4588 1238 4660 Sclunlorski
1261 4587 1362 4659 certis
1385 4586 1624 4659 conditionibus
1645 4605 1713 4676 pax
1736 4588 1923 4660 accolitur.

488 4840 662 4933 Oppidum
691 4860 773 4912 suae
801 4838 946 4910 ditionis
965 4843 1070 4929 atque
1089 4837 1328 4928 episcopatus,
1357 4835 1614 4928 Kamyeneusis
1630 4837 1662 4924 ⁴)
1691 4835 1921 4928 episcopusin

382 4961 589 5037 Pomerania
616 4961 824 5052 Henningue
840 4959 883 5047 ⁵),
902 4963 1074 5031 'vocatum
1098 4959 1270 5049 Kolborg,
1299 4961 1567 5048 recuperaturus
1587 4957 1717 5046 (multo
1737 4957 1828 5031 enirn
1846 4962 1920 5029 ten·

491 5238 514 5320 ¹)
533 5237 704 5299 Lissonovii
731 5231 806 5297 Cori.
830 5229 941 5295 Proca.
974 5231 1165 5312 (iscuirofan).
1199 5228 1440 5311 ¹)Visccmbach
1469 5225 1532 5290 Ed.
1564 5225 1653 5311 Lc'pe.
1685 5227 1919 5308 (Weissenbacb).

384 5341 410 5426 ³)
434 5342 598 5403 Thomconi
621 5337 683 5401 Ed.
708 5335 796 5420 Lips.
822 5334 848 5416 ⁴)
874 5336 1058 5396 (laminensis
1080 5331 1143 5394 Ea.
1168 5331 1261 5415 Lipa.
1285 5331 1310 5412 ³)
1333 5333 1518 5409 Heymingus
1541 5329 1604 5394 Ed.
1628 5329 1721 5413 Lipa.
