4082 6284
395 494 468 565 348
909 519 1020 572 arnna
1047 517 1291 569 nnonncrncs
1319 502 1432 586 (xrn).
1667 495 1735 594 (Α.
1756 497 1800 567 D.
1822 495 1940 594 1462.)
2004 497 2008 502 ’

396 709 501 794 petuo
539 703 685 773 infestos
719 702 831 785 reddi,
866 723 928 774 noc
961 701 1170 774 desisterent
1202 702 1375 773 Bohemos
1412 724 1515 773 usum
1548 701 1669 774 calicis
1698 703 1939 793 practicantcs,

397 823 686 914 quemadmodum
715 821 751 891 in
783 843 856 893 carn
885 822 976 894 diem
1001 822 1149 908 lanciunt,
1178 822 1356 892 nominare
1384 829 1419 892 ct
1439 828 1556 894 tenere
1575 823 1787 909 haereticoS,
1808 825 1940 896 etiamsi

394 944 495 1015 nulla
522 941 715 1032 apostolica
743 949 904 1014 extarent
932 943 1095 1032 munidato
1116 943 1153 1030 ¹).
1183 943 1398 1032 Repelloudo
1427 942 1565 1016 tandem
1585 963 1703 1015 corum
1728 945 1941 1034 petitionem,

394 1063 503 1135 dixit:
530 1084 587 1135 sos
609 1065 741 1134 fumum
770 1063 941 1152 quendem
960 1033 1130 1160 et1inanis
1157 1062 1289 1154 gloriae
1318 1069 1459 1134 uerutum
1488 1084 1668 1154 quaerere,
1699 1073 1733 1136 et
1752 1063 1941 1136 animumn

392 1179 539 1256 'suarum
567 1182 824 1254 damnationem
843 1182 981 1272 potius,
1011 1204 1114 1274 quam
1134 1183 1284 1253 salntem
1304 1188 1440 1272 opture;
1468 1183 1629 1255 hortatus
1657 1190 1835 1275 postremo
1855 1185 1941 1271 illos,

399 1311 534 1376 utnon
564 1303 675 1394 pluris
704 1324 779 1375 csse
809 1303 938 1390 uelint,
968 1323 1071 1395 quam
1098 1302 1137 1374 hi
1152 1301 1183 1392 2)
1211 1303 1279 1374 dno
1307 1303 1474 1393 discipuli
1503 1309 1625 1375 euntes
1654 1303 1690 1376 in
1711 1305 1860 1391 Emuns,
1887 1307 1942 1395 qui

398 1425 583 1498 Dominum
613 1425 649 1496 in
678 1423 847 1495 fractione
874 1422 975 1515 penis
1003 1428 1256 1514 cognorerunt,
1285 1442 1348 1495 nco
1376 1423 1456 1514 plns
1482 1443 1744 1514 superaquam
1766 1425 1942 1514 sapiebant

399 1551 515 1636 patres
544 1566 661 1617 eorum
688 1543 725 1615 in
754 1543 891 1615 Christo
926 1542 1072 1629 mortui,
1107 1543 1172 1615 sub
1200 1563 1270 1614 una
1298 1542 1412 1634 specie
1445 1543 1747 1629 communicando,
1782 1551 1819 1615 et
1846 1553 1886 1615 ut
1910 1565 1943 1617 se

398 1665 555 1757 reliquae
583 1665 796 1736 conforment
823 1661 1101 1745 Christianitati,
1130 1683 1192 1752 pro
1211 1661 1306 1753 turpi
1326 1668 1425 1753 parto
1449 1662 1623 1750 habituri,
1649 1685 1739 1754 qnae
1758 1687 1779 1734 a
1798 1687 1863 1736 suo
1880 1665 1943 1736 dis·

399 1784 556 1876 crepabit
583 1784 757 1856 uniuerso.
792 1784 877 1854 llam
905 1781 1165 1874 responsionem
1198 1804 1276 1854 cunr
1308 1782 1558 1856 ambasiatores
1590 1779 1814 1872 Irnilxonis³t
1844 1785 1944 1876 Regis

400 1904 622 1991 retulissent,
642 1904 838 1995 generalem
858 1907 1085 1988 conuentum,
1105 1907 1176 1973 tam
1196 1901 1452 1974 Catholiccrnm
1468 1925 1570 1994 qnam
1590 1904 1893 1994 Violephistarnm
1906 1905 1944 1993 ⁴),

401 2026 478 2114 Rex
506 2025 597 2114 apud
625 2025 772 2115 Pragam
802 2043 862 2112 pro
891 2021 947 2092 die
975 2021 1099 2094 Martis
1127 2021 1247 2093 Sancti
1276 2022 1458 2094 Laurentii
1486 2023 1621 2095 indicit.
1652 2024 1727 2114 Quo
1751 2045 1832 2096 cum
1851 2025 1944 2096 lodo·

402 2166 465 2216 cus
503 2141 824 2227 wratislaviensis,
858 2141 1041 2214 Protesins
1078 2141 1363 2214 Olomuncaensis
1386 2123 1550 2234 vepiscopi
1582 2165 1661 2215 curn
1698 2146 1945 2217 catholicorum

400 2265 569 2337 baronum
597 2269 736 2335 caterva
763 2261 1011 2348 accessissent,
1040 2262 1159 2352 plures
1187 2261 1313 2334 Iodoco
1344 2262 1632 2335 Wratislsuiensi
1660 2264 1825 2356 episcopo
1854 2265 1945 2336 alli-

402 2382 601 2475 clephistis,
631 2403 777 2473 quorum
805 2379 915 2452 maior
947 2402 1051 2472 quam
1078 2401 1141 2472 pro
1168 2401 1312 2453 numero
1345 2382 1535 2454 multitudo
1569 2393 1798 2464 convenerat,
1832 2393 1945 2456 contn-

402 2503 527 2576 meliae
555 2502 676 2574 illatae
704 2506 803 2588 sunt,
832 2505 867 2572 ot
894 2499 931 2572 in
957 2500 1069 2591 portis
1097 2499 1245 2590 hospitii
1273 2499 1329 2572 sui
1357 2501 1468 2574 libelli
1500 2503 1623 2575 famosi
1651 2503 1764 2576 affixi.
1794 2505 1946 2596 Respon·

403 2623 500 2696 sione
527 2627 643 2694 antem
672 2620 864 2712 apostolica
882 2619 1018 2708 andita,
1049 2619 1219 2712 Georgius
1238 2621 1317 2693 Rex
1337 2635 1411 2693 tum
1430 2621 1581 2712 primum
1601 2623 1699 2695 uirus
1718 2645 1842 2712 suurn,
1862 2627 1949 2716 quod
2031 2615 2032 2692 i

402 2743 439 2817 in
458 2764 533 2816 eam
551 2741 642 2816 diem
662 2741 916 2827 occultaverat,
946 2760 1124 2827 evomens,
1154 2740 1309 2812 declarat
1328 2762 1381 2828 se,
1410 2743 1630 2833 gratificante
1649 2742 1951 2835 Viclephistaran

403 2863 522 2951 turba,
550 2861 659 2934 ritum
687 2859 946 2933 Gornmunionis
974 2859 1159 2950 utriusque
1186 2860 1333 2951 speciei,
1367 2861 1403 2933 in
1432 2882 1499 2952 quo
1527 2862 1666 2954 genitor
1692 2883 1782 2934 suus
1809 2865 1951 2952 obierat,

404 2984 533 3074 etipse
551 2981 707 3053 nutritus
737 2981 864 3066 fuerat,
893 2999 972 3052 cum
999 2985 1158 3052 consorte
1183 3001 1262 3066 sua,
1292 2980 1414 3053 liberis
1442 2988 1476 3053 et
1495 2981 1670 3055 uniuersis
1689 2983 1951 3076 Principstibns

405 3110 440 3175 et
468 3101 641 3175 Dominiis
661 3100 751 3188 suis,
781 3099 824 3171 cd
839 3097 869 3187 5)
898 3098 1028 3172 cerebri
1048 3099 1251 3172 effusionem
1271 3103 1465 3186 tenturum,
1495 3101 1762 3175 observaturum
1783 3113 1820 3176 et
1838 3105 1950 3178 deten-

406 3245 542 3308 surum,
572 3222 775 3293 nullatcnus
804 3239 872 3310 quo
891 3218 935 3290 ad
953 3220 1019 3292 hoo
1045 3218 1249 3310 apostolicis
1282 3220 1426 3292 monitis
1458 3220 1673 3312 pariturnm;
1707 3243 1783 3294 eam
1819 3244 1952 3315 quoqne
2030 3253 2032 3316 p

405 3341 674 3414 declarationem
702 3338 799 3412 iubet
825 3339 1022 3430 praeconati
1049 3359 1133 3411 uoco
1160 3338 1197 3410 in
1224 3340 1393 3430 Prcgensi
1421 3339 1567 3414 civitate
1591 3342 1742 3434 uulgari.
1773 3343 1950 3416 Pontifici·
2031 3319 2032 3382 i

405 3463 471 3535 bns
499 3467 613 3534 autem
642 3467 677 3533 et
701 3459 907 3548 Catholicis,
938 3459 998 3551 qni
1025 3459 1185 3546 adorant,
1215 3459 1305 3530 nihil
1334 3460 1369 3532 in
1397 3461 1598 3547 aduersum,
1626 3482 1670 3533 ne
1698 3471 1861 3536 extrema
1882 3463 1950 3554 pati

406 3587 626 3674 cogerentur,
656 3579 784 3651 mutire
811 3579 1037 3668 audentibus,
1067 3601 1159 3651 unns
1187 3601 1230 3651 cx
1259 3580 1572 3653 amabasiatoribus
1588 3581 1619 3669 6)
1646 3583 1755 3674 regiis
1780 3583 1950 3655 Pontinus

406 3703 586 3788 Dalmata,
616 3699 677 3791 qni
704 3721 725 3770 a
752 3699 941 3790 primordio
969 3699 1197 3791 promotionis
1225 3699 1399 3772 Irzilxonis
1416 3701 1447 3789 7)
1476 3701 1512 3772 in
1536 3702 1684 3794 Regem,
1716 3703 1949 3793 procuratoris

407 3821 483 3894 rice
509 3821 647 3892 nomine
674 3819 770 3912 regio
798 3819 834 3890 in
862 3819 966 3892 Guria
992 3820 1150 3892 Romana
1178 3819 1403 3911 turugebutur,
1433 3821 1507 3892 nelo
1532 3821 1612 3893 ddci
1633 3821 1816 3905 incensus,
1846 3822 1947 3914 pluri-

406 3941 473 4013 bus
501 3940 634 4012 salibus
663 3940 699 4010 in
728 3940 859 4031 Regem
886 3939 1025 4030 publice
1053 3939 1228 4026 inuectus,
1259 3961 1327 4011 non
1355 3940 1539 4013 convenire
1566 3941 1682 4032 regiae
1710 3943 1946 4030 excellentiae,
2031 3983 2032 4036 p

407 4060 551 4146 astruit,
581 4065 621 4130 ut
649 4067 768 4131 contra
787 4057 996 4146 Ecclesiam,
1026 4080 1046 4130 a
1073 4079 1142 4149 qua
1169 4059 1279 4149 ipsam
1300 4060 1544 4132 excellentiam
1565 4061 1715 4152 acecpit,
1746 4062 1946 4154 contemptis
2030 4041 2032 4154 Ι

407 4180 483 4254 eius
512 4179 687 4250 mandatis
714 4185 749 4250 et
776 4177 1085 4266 instructionibus,
1115 4179 1290 4266 calcitret,
1320 4185 1356 4250 et
1374 4200 1497 4251 nomen
1521 4180 1656 4272 regium
1675 4181 1754 4254 labe
1773 4183 1945 4256 haereseos
2031 4179 2032 4214 ³

408 4306 443 4372 ot
471 4299 642 4372 mendacii
669 4305 767 4371 reatu
795 4298 948 4390 polluat:
978 4299 1117 4390 saepius
1137 4299 1228 4370 enirn
1249 4319 1311 4370 suo
1330 4299 1446 4382 iussu,
1467 4300 1509 4370 ad
1529 4299 1718 4390 puritatem
1738 4303 1822 4374 fidei
1840 4303 1943 4394 ipsun
2031 4307 2032 4344 ³

407 4419 603 4494 rediturum
632 4425 667 4491 et
694 4424 848 4491 caeteros
875 4418 1116 4504 reducturum,
1150 4419 1265 4510 Papae
1292 4420 1529 4510 respondissc;
1563 4420 1624 4491 sed
1652 4426 1686 4493 et
1712 4423 1863 4513 grandes
1893 4424 1942 4494 ho·
2031 4505 2032 4512 ἶ

408 4539 578 4613 stilitctes
607 4543 641 4610 et
668 4538 747 4609 odia
774 4537 842 4610 sibi
861 4543 896 4611 et
915 4539 1007 4630 apud
1025 4540 1258 4611 Romanorum
1278 4540 1483 4613 Pontificem
1504 4545 1539 4612 et
1556 4541 1649 4632 apud
1668 4542 1783 4634 Reges
1802 4549 1836 4615 et
1855 4543 1940 4615 Prin·
2031 4637 2032 4640 Ἴ

407 4659 519 4752 cipes,
549 4679 636 4749 quos
665 4657 856 4748 multiplici
884 4679 945 4749 epe
964 4679 1004 4730 ac
1023 4658 1264 4748 expectatione
1292 4660 1480 4747 fefellerat,
1510 4661 1735 4733 conflaturus.
1763 4663 1940 4736 Haeccnn

408 4779 586 4853 Fantinus
614 4778 726 4850 libera
753 4779 866 4850 fronto
893 4783 928 4851 et
955 4799 1055 4866 voce,
1080 4778 1247 4869 Procopio
1266 4779 1437 4851 Rabsteiu
1453 4779 1485 4869 Β)
1513 4781 1729 4854 Gancellsrio
1747 4782 1863 4870 illius,
1887 4781 1938 4853 ali·
2031 4793 2032 4808 ¹

407 4921 478 4992 qua
506 4919 549 4972 ex
578 4902 678 4990 parte
706 4896 894 4970 adiuuante
922 4918 1132 4985 sermonem,
1163 4897 1363 4986 cecinisset,
1394 4899 1470 4972 Rex
1498 4899 1534 4971 iu
1564 4921 1722 4993 magnam
1751 4902 1855 4974 bilem
1878 4921 1938 4974 uer·
2031 4885 2032 4888 ¹

515 5189 540 5264 1)
563 5189 687 5250 indulta.
712 5184 788 5253 Coc.
814 5183 903 5250 Calo.
933 5185 958 5266 ⁹)
983 5189 1026 5248 illi
1048 5185 1111 5249 Ed.
1136 5186 1225 5268 Lipe.
1254 5187 1280 5264 8)
1304 5187 1444 5249 Oratores
1478 5189 1599 5266 Georgii
1628 5187 1691 5249 Ed.
1727 5188 1814 5272 Lips.
1846 5187 1935 5268 ‘llam
2031 5165 2032 5254 i

407 5293 670 5371 Viclcphistarnm‚
694 5311 782 5368 qnam
805 5292 1080 5352 Ecclesiasticornm
1105 5289 1167 5350 Ed.
1197 5289 1284 5372 Llps.
1310 5289 1335 5368 ³)
1358 5309 1453 5366 usquc
1475 5291 1514 5351 ad
1537 5288 1601 5354 Ec.
1626 5290 1718 5374 Lips.
1743 5291 1935 5373 ⁶)c10rsto
2030 5283 2032 5346 l

408 5399 490 5458 ribus
512 5392 576 5457 Ed.
600 5391 689 5478 Lips.
716 5392 741 5475 ⁷)
767 5395 888 5471 Georgii
912 5391 975 5458 nd.
999 5390 1090 5478 Lips.
1116 5393 1141 5474 Β)
1163 5393 1333 5455 Rabsohtcn
1358 5390 1418 5455 Ed.
1443 5389 1533 5476 Lips.
2030 5393 2032 5438 l
