4082 6284
60 513 127 618 (Α.
149 517 197 592 D.
217 515 342 617 1462.)
578 546 690 598 meua
717 545 962 602 nuonncurus
990 527 1104 622 (aur).
1538 535 1612 610 339
1641 482 1643 486 ⁵

59 725 285 800 cracoviensi
318 727 540 818 demandata,
570 729 734 818 discedit,
764 731 887 804 multis
907 733 934 822 ¹)
966 734 1173 808 florenorum
1207 737 1382 826 millibus,
1412 741 1610 816 salariando

58 846 195 921 milites
219 853 254 922 et
272 847 536 940 stipendiarios,
569 851 739 943 erogatis,
773 857 808 924 et
834 873 897 944 per
928 854 1116 946 Myechou,
1150 857 1382 951 Malogosaca,
1417 862 1610 936 Pruedbora

57 969 251 1041 transitum
270 969 418 1055 faciens,
447 969 484 1041 in
503 969 720 1060 Laneioiam,
753 973 943 1064 aliqualem
974 995 1105 1047 moram
1132 975 1209 1050 illie
1236 979 1409 1070 facturus,
1438 985 1610 1073 pervenit.

58 1090 230 1182 Quamuis
266 1094 380 1162 autem
415 1089 617 1164 Kaaimirus
650 1091 728 1165 Rex
765 1094 870 1166 Petro
903 1093 1023 1167 Duniu
1056 1098 1307 1172 suecamerario
1336 1100 1612 1178 Sanuomiriensi

57 1215 92 1284 et
119 1210 310 1298 exercitui,
344 1232 446 1302 quem
473 1211 639 1300 ducebat,
673 1213 792 1304 plures
819 1234 863 1288 en
891 1213 1110 1290 curiensibus
1126 1214 1157 1305 2)
1187 1218 1278 1307 suis,
1308 1219 1393 1293 item
1421 1225 1610 1297 nonnullos

57 1331 308 1423 stipendiarios
327 1331 369 1407 de
388 1352 477 1404 novo
496 1332 702 1421 conductos,
724 1333 807 1408 item
826 1338 949 1426 gentes
969 1334 1061 1426 apud
1080 1336 1272 1411 Iohannem
1291 1341 1561 1434 Kussayelecahi
1578 1343 1609 1434 ³)

55 1451 257 1544 palatinum
284 1452 526 1526 Braestensem
554 1452 764 1541 militantes,
794 1454 994 1543 adiecisset,
1023 1456 1199 1530 exercitus
1228 1481 1365 1551 quoque
1395 1463 1513 1556 regius
1541 1465 1605 1536 hu·

56 1572 210 1646 inemodi
244 1574 487 1668 supplemento
520 1579 660 1661 auctus,
699 1595 823 1648 uersus
855 1575 1100 1665 Brodnicaam,
1138 1579 1276 1652 laturus
1308 1580 1365 1653 illi
1398 1581 1607 1674 subsidium,

55 1695 303 1786 processisset:
337 1715 415 1767 cum
443 1694 604 1767 hostibus
639 1699 769 1784 tamen,
805 1695 866 1788 qui
893 1717 930 1768 se
957 1695 994 1768 in
1021 1695 1188 1788 oppidum
1216 1720 1259 1772 ex
1287 1701 1449 1774 omnibus
1476 1703 1607 1794 praesi-

56 1814 125 1888 diis
153 1815 466 1906 conglobarerant,
495 1820 637 1908 propter
664 1815 720 1888 sui
747 1816 960 1908 paucitatem
980 1821 1015 1890 et
1033 1817 1189 1890 hostium
1217 1819 1481 1895 multitudinem
1505 1822 1607 1896 dimi-

56 1957 133 2009 care
161 1936 315 2024 ueritus,
344 1936 444 2008 nulla
470 1956 507 2010 re
534 1935 752 2009 memorabili
781 1940 932 2027 tentata,
961 1937 1174 2012 retrocessit.
1203 1939 1254 2012 lla
1282 1940 1523 2034 desperatione
1543 1945 1608 2016 mi-

56 2055 154 2145 lites,
185 2057 248 2148 qui
274 2056 312 2129 in
339 2055 588 2130 Brodnicaensi
620 2057 795 2149 praesidio
828 2061 943 2146 erant,
977 2058 1136 2146 adducti,
1170 2060 1322 2133 nondum
1355 2061 1425 2154 ipsi
1452 2067 1609 2137 extrema

55 2177 230 2270 perpessi,
259 2199 338 2250 cum
365 2177 527 2250 hostibus
555 2177 597 2252 de
624 2178 700 2252 rita
727 2183 762 2251 et
787 2178 892 2252 rebus
924 2178 1035 2269 pacti,
1068 2178 1144 2251 illis
1159 2178 1191 2268 4)
1219 2185 1372 2254 castrum
1400 2183 1606 2272 Brodnicna,

56 2298 191 2372 decima
219 2303 342 2372 octaua
368 2297 552 2372 Februarii
567 2297 597 2388 ὅ)
625 2299 777 2389 produnt
804 2299 923 2391 potius
952 2320 1056 2390 quam
1083 2300 1226 2374 dedunt.
1255 2300 1367 2375 Nemo
1395 2323 1439 2377 ex
1461 2303 1607 2377 Polonis

56 2424 144 2508 erat,
177 2440 283 2512 quem
310 2418 418 2494 castri
445 2424 518 2492 tam
545 2419 647 2492 tortis
666 2425 702 2494 et
719 2409 850 2494 nobilis
878 2420 1072 2496 execranda
1095 2420 1226 2494 deditio
1244 2422 1345 2514 graui
1363 2444 1516 2498 moerore
1535 2447 1606 2498 non

56 2540 235 2630 torsisset,
264 2541 507 2631 inmunemque
527 2561 626 2614 suam
645 2546 680 2614 et
697 2541 807 2633 Regis
826 2540 898 2630 sui,
920 2541 1073 2634 segniter
1092 2546 1126 2617 et
1145 2547 1349 2616 cunctanter
1367 2543 1483 2617 omnia
1500 2566 1604 2639 agen-

56 2661 117 2750 tis,
145 2683 253 2754 quam
280 2661 427 2736 aduersa
454 2666 491 2733 et
516 2681 638 2752 parum
665 2661 819 2753 propitia
846 2661 920 2734 illis
949 2683 1024 2734 esse
1043 2661 1232 2754 coepisset,
1264 2663 1510 2738 metiebantur.
1538 2667 1605 2738 Po·

56 2787 144 2855 terat
171 2781 266 2856 enim
294 2781 496 2855 Karimirus
524 2781 691 2856 Poloniae
716 2782 812 2870 Rex,
841 2781 873 2855 si
900 2782 1065 2874 oppidum
1094 2781 1289 2856 Brodnicaa
1316 2784 1398 2857 lorti
1425 2785 1606 2860 obsidione

56 2901 280 2995 tempestiue,
314 2902 407 2994 quod
434 2901 490 2974 illi
517 2901 673 2975 erebrius
701 2923 722 2975 a
749 2901 956 2995 disciplinae
988 2901 1155 2976 militaris
1186 2902 1306 2996 gnaris
1339 2905 1603 2998 suggerebatur,

56 3023 242 3112 cinxisset,
270 3022 426 3096 hostium
454 3044 596 3096 suornm
615 3044 715 3099 omne
737 3024 843 3098 robur
871 3023 1021 3097 sedendo
1051 3023 1256 3110 confecisse,
1276 3028 1311 3098 et
1330 3025 1405 3098 sola
1423 3025 1604 3100 obsidione

55 3145 159 3218 unius
188 3143 325 3236 oppidi,
354 3144 396 3218 de
424 3165 492 3236 quo
521 3149 555 3217 et
582 3145 675 3236 apud
702 3145 819 3218 hostes
847 3145 970 3239 ingens
997 3145 1192 3218 habebatur
1218 3166 1328 3236 paror
1351 3150 1386 3218 et
1405 3146 1603 3235 admiratio,

56 3267 96 3340 de
122 3264 300 3339 universis
332 3264 493 3338 hostibus
526 3266 657 3357 absque
684 3265 908 3339 dimicatione
935 3271 969 3338 et
996 3265 1105 3353 bello,
1140 3266 1280 3339 fortuna
1311 3266 1401 3339 hanc
1428 3266 1485 3340 illi
1512 3267 1601 3359 opti·

56 3409 143 3460 mam
173 3386 338 3460 offerente
366 3385 597 3472 occasionem,
627 3385 874 3476 triumphasse.
909 3386 1039 3458 Verum
1071 3385 1173 3458 diuae
1201 3387 1359 3459 fortunae
1386 3409 1514 3460 munus
1543 3410 1602 3461 ne-

55 3507 208 3601 gligenS,
247 3505 467 3592 felicitatem,
506 3527 609 3597 quam
642 3506 709 3578 sibi
742 3506 938 3594 retinere⁶)
966 3505 1098 3597 potuit,
1132 3505 1176 3578 ad
1203 3507 1322 3579 hostes
1354 3507 1603 3600 transmigrare

55 3627 225 3719 permisit.
256 3627 385 3698 Hostes
405 3625 497 3698 enim
517 3625 765 3698 Brodnicaensi
784 3632 899 3699 castro
919 3632 953 3698 et
973 3627 1099 3718 oppido
1120 3625 1241 3716 potiti,
1262 3647 1330 3698 non
1350 3647 1467 3714 secus,
1497 3649 1600 3719 quam

57 3747 83 3820 si
111 3748 326 3822 debellatum
354 3747 442 3818 foret
458 3745 501 3834 ⁷),
530 3751 565 3818 et
591 3767 703 3820 arcem
731 3746 955 3839 Marieubnrg
981 3746 1106 3819 laetati
1141 3746 1332 3838 cepissent,
1362 3746 1503 3840 singula
1531 3748 1600 3821 sibi

56 3867 216 3960 deinceps
244 3887 407 3958 prospere
435 3887 590 3954 cessura,
619 3888 754 3940 omnem
783 3867 888 3940 etiam
915 3866 1012 3958 pacis
1040 3866 1267 3954 mentionem,
1301 3866 1402 3938 cuius
1429 3867 1599 3940 hactenus

57 3994 133 4064 ante
159 3988 338 4060 obtentam
367 3986 595 4060 Broduicaam
624 3986 719 4058 aridi
748 3988 901 4074 fuerant,
929 3987 1060 4078 perosi,
1090 3987 1346 4060 ominabantur.
1383 3987 1427 4059 In
1454 3985 1510 4058 his
1537 4009 1598 4059 au·

57 4113 122 4182 tem
149 4111 310 4181 fortunae
337 4107 585 4195 varietatibus,
614 4107 815 4180 Karimirus
843 4107 1010 4180 Poloniae
1037 4109 1114 4181 Rex
1142 4107 1252 4180 firmis
1283 4106 1419 4180 uiribus
1448 4107 1599 4180 medium

56 4247 241 4321 occupans,
270 4249 383 4319 neque
402 4250 422 4299 a
440 4250 604 4321 prospero
623 4229 709 4301 datu
728 4229 803 4302 eius
824 4233 1002 4320 correptus
1022 4233 1091 4316 est,
1112 4249 1224 4319 neque
1242 4249 1262 4300 a
1281 4225 1377 4300 tristi
1397 4247 1597 4318 oppressus.

159 4519 182 4601 ¹)
207 4522 363 4581 multorum
388 4515 464 4582 Cod.
489 4514 577 4582 Cala.
602 4517 627 4599 ⁸)
650 4539 687 4580 ex
708 4519 822 4580 Aulicis
847 4516 909 4581 Ed.
926 4516 1020 4600 Lipa.
1041 4517 1066 4596 ³)
1081 4517 1270 4579 Koscielecki
1287 4510 1363 4579 Coa.
1379 4514 1486 4578 Praea.
1505 4513 1529 4598 ⁴)
1547 4517 1598 4578 ho·

58 4624 147 4685 stibus
179 4611 256 4686 Coc.
289 4619 376 4686 Calo.
394 4622 434 4704 ,5)
465 4628 571 4686 oetam
593 4623 641 4684 die
662 4624 772 4684 mensis
801 4623 956 4684 Februarii
985 4619 1049 4683 Ed.
1079 4618 1171 4705 Lipe.
1202 4615 1231 4702 ⁶)
1262 4621 1395 4682 obtinere
1419 4617 1480 4682 Ed.
1505 4617 1597 4704 Lipa.

59 4723 83 4807 ⁷)
103 4732 181 4790 asset
201 4724 265 4790 Ed.
290 4724 379 4812 Lipa.
