<?xml version="1.0" encoding="UTF-8"?>
<!DOCTYPE html PUBLIC "-//W3C//DTD XHTML 1.0 Transitional//EN"
    "http://www.w3.org/TR/xhtml1/DTD/xhtml1-transitional.dtd">
<html xmlns="http://www.w3.org/1999/xhtml" xml:lang="en" lang="en">
 <head>
  <title>
</title>
<meta http-equiv="Content-Type" content="text/html;charset=utf-8" />
  <meta name='ocr-system' content='tesseract 3.04.00' />
  <meta name='ocr-capabilities' content='ocr_page ocr_carea ocr_par ocr_line ocrx_word'/>
</head>
<body>
  <div class='ocr_page' id='page_1' title='image "./operaomnia06paulgoog_0225.png"; bbox 0 0 4126 6280; ppageno 0'>
   <div class='ocr_carea' id='block_1_1' title="bbox 96 567 1632 674">
    <p class='ocr_par' dir='ltr' id='par_1_1' title="bbox 96 567 1632 674">
     <span class='ocr_line' id='line_1_1' title="bbox 96 567 1632 674; baseline -0.003 -26"><span class='ocrx_word' id='word_1_1' title='bbox 96 572 166 674; x_wconf 90' lang='grc' dir='ltr'>(Α.</span> <span class='ocrx_word' id='word_1_2' title='bbox 186 574 229 648; x_wconf 88' lang='lat' dir='ltr'>D.</span> <span class='ocrx_word' id='word_1_3' title='bbox 250 572 376 674; x_wconf 87' lang='grc'>1455.)</span> <span class='ocrx_word' id='word_1_4' title='bbox 607 597 719 650; x_wconf 81' lang='lat' dir='ltr'>maun</span> <span class='ocrx_word' id='word_1_5' title='bbox 745 593 988 648; x_wconf 84' lang='lat' dir='ltr'>nuooucmrus</span> <span class='ocrx_word' id='word_1_6' title='bbox 1016 567 1129 664; x_wconf 77' lang='lat' dir='ltr'>(urm).</span> <span class='ocrx_word' id='word_1_7' title='bbox 1559 573 1632 644; x_wconf 88' lang='grc'>213</span> 
     </span>
    </p>
   </div>
   <div class='ocr_carea' id='block_1_2' title="bbox 95 777 1753 875">
    <p class='ocr_par' dir='ltr' id='par_1_2' title="bbox 95 777 1753 875">
     <span class='ocr_line' id='line_1_2' title="bbox 95 777 1753 875; baseline -0.005 -17"><span class='ocrx_word' id='word_1_8' title='bbox 95 805 153 858; x_wconf 90' lang='lat' dir='ltr'>res</span> <span class='ocrx_word' id='word_1_9' title='bbox 181 783 269 857; x_wconf 90' lang='lat' dir='ltr'>aliae</span> <span class='ocrx_word' id='word_1_10' title='bbox 297 783 540 873; x_wconf 82' lang='lat' dir='ltr'>difficultates,</span> <span class='ocrx_word' id='word_1_11' title='bbox 570 783 630 857; x_wconf 91' lang='lat' dir='ltr'>sed</span> <span class='ocrx_word' id='word_1_12' title='bbox 658 781 749 856; x_wconf 90' lang='lat' dir='ltr'>inter</span> <span class='ocrx_word' id='word_1_13' title='bbox 775 782 879 871; x_wconf 88' lang='lat' dir='ltr'>alias,</span> <span class='ocrx_word' id='word_1_14' title='bbox 910 781 966 856; x_wconf 92' lang='lat' dir='ltr'>cui</span> <span class='ocrx_word' id='word_1_15' title='bbox 993 780 1136 875; x_wconf 79' lang='lat' dir='ltr'>difficile</span> <span class='ocrx_word' id='word_1_16' title='bbox 1163 779 1282 854; x_wconf 82' lang='lat' dir='ltr'><strong>resisti</strong></span> <span class='ocrx_word' id='word_1_17' title='bbox 1309 783 1440 872; x_wconf 89' lang='lat' dir='ltr'>petest,</span> <span class='ocrx_word' id='word_1_18' title='bbox 1470 781 1577 852; x_wconf 83' lang='lat' dir='ltr'>fames</span> <span class='ocrx_word' id='word_1_19' title='bbox 1596 777 1633 850; x_wconf 91' lang='lat' dir='ltr'>iu</span> <span class='ocrx_word' id='word_1_20' title='bbox 1747 793 1753 800; x_wconf 85' lang='grc'>’</span> 
     </span>
    </p>
   </div>
   <div class='ocr_carea' id='block_1_3' title="bbox 92 899 1633 2090">
    <p class='ocr_par' dir='ltr' id='par_1_3' title="bbox 92 899 1633 2090">
     <span class='ocr_line' id='line_1_3' title="bbox 96 899 1633 998; baseline -0.004 -20"><span class='ocrx_word' id='word_1_21' title='bbox 96 905 197 998; x_wconf 90' lang='lat' dir='ltr'>equis</span> <span class='ocrx_word' id='word_1_22' title='bbox 224 905 374 994; x_wconf 89' lang='lat' dir='ltr'>alendis,</span> <span class='ocrx_word' id='word_1_23' title='bbox 403 904 595 978; x_wconf 87' lang='lat' dir='ltr'>exercitum</span> <span class='ocrx_word' id='word_1_24' title='bbox 622 925 776 996; x_wconf 90' lang='lat' dir='ltr'>premere</span> <span class='ocrx_word' id='word_1_25' title='bbox 803 904 928 995; x_wconf 91' lang='lat' dir='ltr'>coepit.</span> <span class='ocrx_word' id='word_1_26' title='bbox 958 903 1049 976; x_wconf 91' lang='lat' dir='ltr'>Nam</span> <span class='ocrx_word' id='word_1_27' title='bbox 1076 903 1112 974; x_wconf 92' lang='lat' dir='ltr'>iu</span> <span class='ocrx_word' id='word_1_28' title='bbox 1139 902 1295 996; x_wconf 83' lang='lat' dir='ltr'>regione,</span> <span class='ocrx_word' id='word_1_29' title='bbox 1324 907 1359 974; x_wconf 91' lang='lat' dir='ltr'>et</span> <span class='ocrx_word' id='word_1_30' title='bbox 1386 923 1406 974; x_wconf 93' lang='lat' dir='ltr'>a</span> <span class='ocrx_word' id='word_1_31' title='bbox 1431 899 1571 993; x_wconf 87' lang='lat' dir='ltr'>proprio</span> <span class='ocrx_word' id='word_1_32' title='bbox 1598 903 1633 972; x_wconf 90' lang='lat' dir='ltr'>et</span> 
     </span>
     <span class='ocr_line' id='line_1_4' title="bbox 94 1021 1633 1116; baseline -0.005 -16"><span class='ocrx_word' id='word_1_33' title='bbox 94 1026 220 1100; x_wconf 90' lang='lat' dir='ltr'>hostili</span> <span class='ocrx_word' id='word_1_34' title='bbox 246 1025 402 1100; x_wconf 84' lang='lat' dir='ltr'>exercitu</span> <span class='ocrx_word' id='word_1_35' title='bbox 429 1026 592 1099; x_wconf 88' lang='lat' dir='ltr'>diuturno</span> <span class='ocrx_word' id='word_1_36' title='bbox 619 1025 713 1098; x_wconf 87' lang='lat' dir='ltr'>bello</span> <span class='ocrx_word' id='word_1_37' title='bbox 740 1024 889 1112; x_wconf 84' lang='lat' dir='ltr'>afflicta,</span> <span class='ocrx_word' id='word_1_38' title='bbox 919 1045 1090 1116; x_wconf 77' lang='lat' dir='ltr'><strong>nusquam</strong></span> <span class='ocrx_word' id='word_1_39' title='bbox 1117 1025 1246 1116; x_wconf 91' lang='lat' dir='ltr'>pabula</span> <span class='ocrx_word' id='word_1_40' title='bbox 1272 1045 1333 1115; x_wconf 91' lang='lat' dir='ltr'>pro</span> <span class='ocrx_word' id='word_1_41' title='bbox 1362 1021 1476 1114; x_wconf 88' lang='lat' dir='ltr'>cquis,</span> <span class='ocrx_word' id='word_1_42' title='bbox 1506 1021 1633 1114; x_wconf 88' lang='lat' dir='ltr'>quibus</span> 
     </span>
     <span class='ocr_line' id='line_1_5' title="bbox 94 1144 1631 1240; baseline -0.003 -19"><span class='ocrx_word' id='word_1_43' title='bbox 94 1147 270 1222; x_wconf 86' lang='lat' dir='ltr'>exercitus</span> <span class='ocrx_word' id='word_1_44' title='bbox 298 1146 416 1240; x_wconf 89' lang='lat' dir='ltr'>regius</span> <span class='ocrx_word' id='word_1_45' title='bbox 442 1146 631 1239; x_wconf 89' lang='lat' dir='ltr'>plurimum</span> <span class='ocrx_word' id='word_1_46' title='bbox 658 1149 742 1218; x_wconf 92' lang='lat' dir='ltr'>tuuc</span> <span class='ocrx_word' id='word_1_47' title='bbox 769 1147 923 1235; x_wconf 83' lang='lat' dir='ltr'>ualebat,</span> <span class='ocrx_word' id='word_1_48' title='bbox 952 1145 1227 1238; x_wconf 74' lang='lat' dir='ltr'>reperiebantur,</span> <span class='ocrx_word' id='word_1_49' title='bbox 1249 1144 1449 1233; x_wconf 84' lang='lat' dir='ltr'>frumentis,</span> <span class='ocrx_word' id='word_1_50' title='bbox 1471 1164 1559 1235; x_wconf 90' lang='lat' dir='ltr'>qnae</span> <span class='ocrx_word' id='word_1_51' title='bbox 1576 1163 1631 1216; x_wconf 92' lang='lat' dir='ltr'>ae·</span> 
     </span>
     <span class='ocr_line' id='line_1_6' title="bbox 94 1265 1631 1360; baseline -0.004 -18"><span class='ocrx_word' id='word_1_52' title='bbox 94 1275 171 1342; x_wconf 91' lang='lat' dir='ltr'>stas</span> <span class='ocrx_word' id='word_1_53' title='bbox 197 1268 424 1360; x_wconf 87' lang='lat' dir='ltr'>produxerat,</span> <span class='ocrx_word' id='word_1_54' title='bbox 453 1268 491 1340; x_wconf 90' lang='lat' dir='ltr'>in</span> <span class='ocrx_word' id='word_1_55' title='bbox 517 1267 728 1341; x_wconf 82' lang='lat' dir='ltr'>munitiones</span> <span class='ocrx_word' id='word_1_56' title='bbox 756 1267 925 1340; x_wconf 92' lang='lat' dir='ltr'>deductis.</span> <span class='ocrx_word' id='word_1_57' title='bbox 955 1267 1128 1339; x_wconf 84' lang='lat' dir='ltr'>Villarnm</span> <span class='ocrx_word' id='word_1_58' title='bbox 1155 1288 1291 1358; x_wconf 90' lang='lat' dir='ltr'>quoqne</span> <span class='ocrx_word' id='word_1_59' title='bbox 1313 1265 1543 1352; x_wconf 77' lang='lat' dir='ltr'>habitatores,</span> <span class='ocrx_word' id='word_1_60' title='bbox 1572 1285 1631 1338; x_wconf 92' lang='lat' dir='ltr'>cu-</span> 
     </span>
     <span class='ocr_line' id='line_1_7' title="bbox 93 1385 1630 1481; baseline -0.005 -18"><span class='ocrx_word' id='word_1_61' title='bbox 93 1390 227 1464; x_wconf 91' lang='lat' dir='ltr'>bilibus</span> <span class='ocrx_word' id='word_1_62' title='bbox 259 1388 333 1462; x_wconf 89' lang='lat' dir='ltr'>suis</span> <span class='ocrx_word' id='word_1_63' title='bbox 366 1388 529 1477; x_wconf 83' lang='lat' dir='ltr'>desertis,</span> <span class='ocrx_word' id='word_1_64' title='bbox 563 1388 703 1481; x_wconf 81' lang='lat' dir='ltr'>quidam</span> <span class='ocrx_word' id='word_1_65' title='bbox 726 1387 763 1460; x_wconf 90' lang='lat' dir='ltr'>in</span> <span class='ocrx_word' id='word_1_66' title='bbox 783 1387 945 1462; x_wconf 87' lang='lat' dir='ltr'>Russiam</span> <span class='ocrx_word' id='word_1_67' title='bbox 975 1392 1009 1461; x_wconf 93' lang='lat' dir='ltr'>et</span> <span class='ocrx_word' id='word_1_68' title='bbox 1036 1387 1233 1476; x_wconf 87' lang='lat' dir='ltr'>Poloniam,</span> <span class='ocrx_word' id='word_1_69' title='bbox 1267 1385 1395 1460; x_wconf 89' lang='lat' dir='ltr'>caeteri</span> <span class='ocrx_word' id='word_1_70' title='bbox 1422 1385 1459 1457; x_wconf 91' lang='lat' dir='ltr'>in</span> <span class='ocrx_word' id='word_1_71' title='bbox 1486 1386 1630 1456; x_wconf 78' lang='lat' dir='ltr'>Alman-</span> 
     </span>
     <span class='ocr_line' id='line_1_8' title="bbox 93 1506 1632 1602; baseline -0.003 -20"><span class='ocrx_word' id='word_1_72' title='bbox 93 1511 189 1584; x_wconf 89' lang='lat' dir='ltr'>niam</span> <span class='ocrx_word' id='word_1_73' title='bbox 216 1515 251 1584; x_wconf 92' lang='lat' dir='ltr'>et</span> <span class='ocrx_word' id='word_1_74' title='bbox 277 1510 314 1582; x_wconf 92' lang='lat' dir='ltr'>in</span> <span class='ocrx_word' id='word_1_75' title='bbox 341 1513 494 1584; x_wconf 88' lang='lat' dir='ltr'>caeteras</span> <span class='ocrx_word' id='word_1_76' title='bbox 520 1509 695 1602; x_wconf 85' lang='lat' dir='ltr'>regiones,</span> <span class='ocrx_word' id='word_1_77' title='bbox 723 1515 827 1601; x_wconf 89' lang='lat' dir='ltr'>prout</span> <span class='ocrx_word' id='word_1_78' title='bbox 855 1530 1024 1602; x_wconf 89' lang='lat' dir='ltr'>quemque</span> <span class='ocrx_word' id='word_1_79' title='bbox 1053 1509 1182 1583; x_wconf 85' lang='lat' dir='ltr'>ferebat</span> <span class='ocrx_word' id='word_1_80' title='bbox 1210 1529 1301 1598; x_wconf 90' lang='lat' dir='ltr'>sors,</span> <span class='ocrx_word' id='word_1_81' title='bbox 1330 1506 1475 1599; x_wconf 88' lang='lat' dir='ltr'>dilapsi,</span> <span class='ocrx_word' id='word_1_82' title='bbox 1505 1527 1632 1580; x_wconf 85' lang='lat' dir='ltr'>uacuas</span> 
     </span>
     <span class='ocr_line' id='line_1_9' title="bbox 92 1627 1630 1725; baseline -0.003 -21"><span class='ocrx_word' id='word_1_83' title='bbox 92 1645 207 1704; x_wconf 87' lang='lat' dir='ltr'>terras</span> <span class='ocrx_word' id='word_1_84' title='bbox 233 1631 398 1704; x_wconf 89' lang='lat' dir='ltr'>Prussiae</span> <span class='ocrx_word' id='word_1_85' title='bbox 424 1652 485 1723; x_wconf 86' lang='lat' dir='ltr'>pro</span> <span class='ocrx_word' id='word_1_86' title='bbox 513 1631 635 1704; x_wconf 87' lang='lat' dir='ltr'>maiori</span> <span class='ocrx_word' id='word_1_87' title='bbox 662 1637 761 1723; x_wconf 89' lang='lat' dir='ltr'>parte</span> <span class='ocrx_word' id='word_1_88' title='bbox 789 1630 988 1717; x_wconf 89' lang='lat' dir='ltr'>effeceraut;</span> <span class='ocrx_word' id='word_1_89' title='bbox 1017 1631 1270 1725; x_wconf 85' lang='lat' dir='ltr'>cogebaturque</span> <span class='ocrx_word' id='word_1_90' title='bbox 1298 1628 1473 1702; x_wconf 85' lang='lat' dir='ltr'>exercitus</span> <span class='ocrx_word' id='word_1_91' title='bbox 1500 1627 1630 1720; x_wconf 89' lang='lat' dir='ltr'>regius,</span> 
     </span>
     <span class='ocr_line' id='line_1_10' title="bbox 93 1747 1629 1845; baseline -0.003 -21"><span class='ocrx_word' id='word_1_92' title='bbox 93 1753 187 1844; x_wconf 90' lang='lat' dir='ltr'>quod</span> <span class='ocrx_word' id='word_1_93' title='bbox 215 1757 250 1826; x_wconf 91' lang='lat' dir='ltr'>et</span> <span class='ocrx_word' id='word_1_94' title='bbox 275 1751 391 1844; x_wconf 89' lang='lat' dir='ltr'>ipsum</span> <span class='ocrx_word' id='word_1_95' title='bbox 424 1773 560 1845; x_wconf 87' lang='lat' dir='ltr'>quoque</span> <span class='ocrx_word' id='word_1_96' title='bbox 593 1752 736 1826; x_wconf 86' lang='lat' dir='ltr'>difficile</span> <span class='ocrx_word' id='word_1_97' title='bbox 766 1751 914 1826; x_wconf 81' lang='lat' dir='ltr'>inventu</span> <span class='ocrx_word' id='word_1_98' title='bbox 947 1757 1036 1841; x_wconf 92' lang='lat' dir='ltr'>erat,</span> <span class='ocrx_word' id='word_1_99' title='bbox 1069 1751 1181 1844; x_wconf 92' lang='lat' dir='ltr'>paleis</span> <span class='ocrx_word' id='word_1_100' title='bbox 1210 1756 1244 1824; x_wconf 88' lang='lat' dir='ltr'>et</span> <span class='ocrx_word' id='word_1_101' title='bbox 1271 1749 1423 1843; x_wconf 91' lang='lat' dir='ltr'>tuguriis</span> <span class='ocrx_word' id='word_1_102' title='bbox 1451 1747 1629 1837; x_wconf 90' lang='lat' dir='ltr'>detractis,</span> 
     </span>
     <span class='ocr_line' id='line_1_11' title="bbox 92 1873 1629 1966; baseline -0.001 -22"><span class='ocrx_word' id='word_1_103' title='bbox 92 1877 156 1946; x_wconf 90' lang='lat' dir='ltr'>aut</span> <span class='ocrx_word' id='word_1_104' title='bbox 182 1873 399 1966; x_wconf 85' lang='lat' dir='ltr'>graminibus</span> <span class='ocrx_word' id='word_1_105' title='bbox 430 1873 466 1945; x_wconf 93' lang='lat' dir='ltr'>iu</span> <span class='ocrx_word' id='word_1_106' title='bbox 493 1873 624 1965; x_wconf 87' lang='lat' dir='ltr'>campis</span> <span class='ocrx_word' id='word_1_107' title='bbox 660 1877 722 1945; x_wconf 90' lang='lat' dir='ltr'>aut</span> <span class='ocrx_word' id='word_1_108' title='bbox 752 1873 846 1946; x_wconf 85' lang='lat' dir='ltr'>arvis</span> <span class='ocrx_word' id='word_1_109' title='bbox 878 1874 1028 1963; x_wconf 89' lang='lat' dir='ltr'>relictis,</span> <span class='ocrx_word' id='word_1_110' title='bbox 1065 1894 1233 1966; x_wconf 86' lang='lat' dir='ltr'>equorum</span> <span class='ocrx_word' id='word_1_111' title='bbox 1265 1873 1390 1944; x_wconf 87' lang='lat' dir='ltr'>famem</span> <span class='ocrx_word' id='word_1_112' title='bbox 1423 1875 1629 1944; x_wconf 91' lang='lat' dir='ltr'>sustentare.</span> 
     </span>
     <span class='ocr_line' id='line_1_12' title="bbox 92 1990 1631 2090; baseline -0.004 -22"><span class='ocrx_word' id='word_1_113' title='bbox 92 1995 237 2069; x_wconf 82' lang='lat' dir='ltr'>Arenae</span> <span class='ocrx_word' id='word_1_114' title='bbox 263 1994 496 2067; x_wconf 86' lang='lat' dir='ltr'>venditionem</span> <span class='ocrx_word' id='word_1_115' title='bbox 523 1994 560 2066; x_wconf 91' lang='lat' dir='ltr'>in</span> <span class='ocrx_word' id='word_1_116' title='bbox 588 1994 730 2083; x_wconf 89' lang='lat' dir='ltr'>castris,</span> <span class='ocrx_word' id='word_1_117' title='bbox 759 1995 826 2068; x_wconf 89' lang='lat' dir='ltr'>etsi</span> <span class='ocrx_word' id='word_1_118' title='bbox 852 1996 970 2087; x_wconf 91' lang='lat' dir='ltr'>plures</span> <span class='ocrx_word' id='word_1_119' title='bbox 997 1995 1206 2084; x_wconf 82' lang='lat' dir='ltr'>inferebant,</span> <span class='ocrx_word' id='word_1_120' title='bbox 1236 1992 1376 2086; x_wconf 88' lang='lat' dir='ltr'>assequi</span> <span class='ocrx_word' id='word_1_121' title='bbox 1398 1996 1514 2066; x_wconf 88' lang='lat' dir='ltr'>tamen</span> <span class='ocrx_word' id='word_1_122' title='bbox 1532 1990 1631 2090; x_wconf 84' lang='lat' dir='ltr'>illam</span> 
     </span>
    </p>
   </div>
   <div class='ocr_carea' id='block_1_4' title="bbox 92 2112 1770 2208">
    <p class='ocr_par' dir='ltr' id='par_1_4' title="bbox 92 2112 1770 2208">
     <span class='ocr_line' id='line_1_13' title="bbox 92 2112 1770 2208; baseline -0.001 -20"><span class='ocrx_word' id='word_1_123' title='bbox 92 2138 163 2188; x_wconf 88' lang='lat' dir='ltr'>nou</span> <span class='ocrx_word' id='word_1_124' title='bbox 182 2116 252 2188; x_wconf 91' lang='lat' dir='ltr'>uisi</span> <span class='ocrx_word' id='word_1_125' title='bbox 270 2115 388 2207; x_wconf 91' lang='lat' dir='ltr'>pauci,</span> <span class='ocrx_word' id='word_1_126' title='bbox 418 2114 545 2208; x_wconf 88' lang='lat' dir='ltr'>quibus</span> <span class='ocrx_word' id='word_1_127' title='bbox 572 2116 758 2208; x_wconf 91' lang='lat' dir='ltr'>ampliores</span> <span class='ocrx_word' id='word_1_128' title='bbox 783 2121 882 2190; x_wconf 89' lang='lat' dir='ltr'>erant</span> <span class='ocrx_word' id='word_1_129' title='bbox 900 2137 997 2208; x_wconf 92' lang='lat' dir='ltr'>opes,</span> <span class='ocrx_word' id='word_1_130' title='bbox 1018 2121 1189 2208; x_wconf 89' lang='lat' dir='ltr'>poteraut.</span> <span class='ocrx_word' id='word_1_131' title='bbox 1210 2116 1429 2190; x_wconf 81' lang='lat' dir='ltr'>Caeterorum</span> <span class='ocrx_word' id='word_1_132' title='bbox 1448 2113 1528 2206; x_wconf 91' lang='lat' dir='ltr'>equi</span> <span class='ocrx_word' id='word_1_133' title='bbox 1547 2112 1630 2186; x_wconf 90' lang='lat' dir='ltr'>adeo</span> <span class='ocrx_word' id='word_1_134' title='bbox 1766 2153 1770 2158; x_wconf 94' lang='lat'><em>·</em></span> 
     </span>
    </p>
   </div>
   <div class='ocr_carea' id='block_1_5' title="bbox 92 2235 1632 3546">
    <p class='ocr_par' dir='ltr' id='par_1_5' title="bbox 92 2235 1632 3546">
     <span class='ocr_line' id='line_1_14' title="bbox 93 2235 1632 2329; baseline -0.002 -20"><span class='ocrx_word' id='word_1_135' title='bbox 93 2240 184 2310; x_wconf 87' lang='lat' dir='ltr'>lame</span> <span class='ocrx_word' id='word_1_136' title='bbox 213 2237 451 2326; x_wconf 81' lang='lat' dir='ltr'>tabescebant,</span> <span class='ocrx_word' id='word_1_137' title='bbox 480 2241 520 2308; x_wconf 89' lang='lat' dir='ltr'>nt</span> <span class='ocrx_word' id='word_1_138' title='bbox 549 2245 672 2328; x_wconf 88' lang='lat' dir='ltr'>quarta</span> <span class='ocrx_word' id='word_1_139' title='bbox 698 2259 779 2328; x_wconf 91' lang='lat' dir='ltr'>pars</span> <span class='ocrx_word' id='word_1_140' title='bbox 807 2237 848 2310; x_wconf 93' lang='lat' dir='ltr'>de</span> <span class='ocrx_word' id='word_1_141' title='bbox 867 2236 966 2329; x_wconf 91' lang='lat' dir='ltr'>cquis</span> <span class='ocrx_word' id='word_1_142' title='bbox 986 2237 1085 2310; x_wconf 90' lang='lat' dir='ltr'>illius</span> <span class='ocrx_word' id='word_1_143' title='bbox 1104 2236 1278 2310; x_wconf 85' lang='lat' dir='ltr'>exercitus</span> <span class='ocrx_word' id='word_1_144' title='bbox 1301 2235 1456 2328; x_wconf 88' lang='lat' dir='ltr'>perierit.</span> <span class='ocrx_word' id='word_1_145' title='bbox 1484 2235 1632 2325; x_wconf 89' lang='lat' dir='ltr'>Propter</span> 
     </span>
     <span class='ocr_line' id='line_1_15' title="bbox 94 2356 1631 2451; baseline -0.003 -21"><span class='ocrx_word' id='word_1_146' title='bbox 94 2359 188 2450; x_wconf 90' lang='lat' dir='ltr'>qued</span> <span class='ocrx_word' id='word_1_147' title='bbox 215 2359 292 2432; x_wconf 84' lang='lat' dir='ltr'>Rex</span> <span class='ocrx_word' id='word_1_148' title='bbox 312 2359 350 2449; x_wconf 86' lang='lat'>¹),</span> <span class='ocrx_word' id='word_1_149' title='bbox 379 2379 454 2432; x_wconf 90' lang='lat' dir='ltr'>sero</span> <span class='ocrx_word' id='word_1_150' title='bbox 494 2379 530 2432; x_wconf 88' lang='lat' dir='ltr'>sc</span> <span class='ocrx_word' id='word_1_151' title='bbox 558 2358 704 2432; x_wconf 89' lang='lat' dir='ltr'>consilia</span> <span class='ocrx_word' id='word_1_152' title='bbox 736 2357 804 2432; x_wconf 85' lang='lat' dir='ltr'>sibi</span> <span class='ocrx_word' id='word_1_153' title='bbox 835 2358 1057 2451; x_wconf 89' lang='lat' dir='ltr'>dispendiosa</span> <span class='ocrx_word' id='word_1_154' title='bbox 1089 2358 1253 2450; x_wconf 87' lang='lat' dir='ltr'>elegisse,</span> <span class='ocrx_word' id='word_1_155' title='bbox 1286 2356 1485 2450; x_wconf 91' lang='lat' dir='ltr'>poenitens,</span> <span class='ocrx_word' id='word_1_156' title='bbox 1515 2356 1631 2427; x_wconf 88' lang='lat' dir='ltr'>soluto</span> 
     </span>
     <span class='ocr_line' id='line_1_16' title="bbox 93 2475 1630 2572; baseline -0.003 -20"><span class='ocrx_word' id='word_1_157' title='bbox 93 2479 289 2568; x_wconf 90' lang='lat' dir='ltr'>obsidione,</span> <span class='ocrx_word' id='word_1_158' title='bbox 318 2501 360 2554; x_wconf 85' lang='lat' dir='ltr'>ex</span> <span class='ocrx_word' id='word_1_159' title='bbox 388 2479 536 2572; x_wconf 87' lang='lat' dir='ltr'>ignobili</span> <span class='ocrx_word' id='word_1_160' title='bbox 567 2479 643 2552; x_wconf 84' lang='lat' dir='ltr'>uico</span> <span class='ocrx_word' id='word_1_161' title='bbox 675 2481 844 2552; x_wconf 87' lang='lat' dir='ltr'>famosum</span> <span class='ocrx_word' id='word_1_162' title='bbox 872 2486 907 2554; x_wconf 91' lang='lat' dir='ltr'>et</span> <span class='ocrx_word' id='word_1_163' title='bbox 933 2479 1071 2572; x_wconf 88' lang='lat' dir='ltr'>insigne</span> <span class='ocrx_word' id='word_1_164' title='bbox 1103 2479 1233 2568; x_wconf 84' lang='lat' dir='ltr'>effecit,</span> <span class='ocrx_word' id='word_1_165' title='bbox 1268 2479 1359 2571; x_wconf 90' lang='lat' dir='ltr'>quod</span> <span class='ocrx_word' id='word_1_166' title='bbox 1391 2477 1446 2564; x_wconf 88' lang='lat' dir='ltr'>bis</span> <span class='ocrx_word' id='word_1_167' title='bbox 1474 2498 1511 2550; x_wconf 93' lang='lat' dir='ltr'>se</span> <span class='ocrx_word' id='word_1_168' title='bbox 1539 2475 1630 2549; x_wconf 93' lang='lat' dir='ltr'>obsi-</span> 
     </span>
     <span class='ocr_line' id='line_1_17' title="bbox 92 2599 1630 2694; baseline -0.002 -22"><span class='ocrx_word' id='word_1_169' title='bbox 92 2600 232 2674; x_wconf 91' lang='lat' dir='ltr'>dionem</span> <span class='ocrx_word' id='word_1_170' title='bbox 259 2600 349 2673; x_wconf 90' lang='lat' dir='ltr'>tanti</span> <span class='ocrx_word' id='word_1_171' title='bbox 380 2600 503 2693; x_wconf 91' lang='lat' dir='ltr'>Regis,</span> <span class='ocrx_word' id='word_1_172' title='bbox 540 2622 617 2673; x_wconf 93' lang='lat' dir='ltr'>cum</span> <span class='ocrx_word' id='word_1_173' title='bbox 649 2601 809 2674; x_wconf 91' lang='lat' dir='ltr'>omnibus</span> <span class='ocrx_word' id='word_1_174' title='bbox 843 2602 917 2674; x_wconf 89' lang='lat' dir='ltr'>suis</span> <span class='ocrx_word' id='word_1_175' title='bbox 950 2602 1060 2694; x_wconf 91' lang='lat' dir='ltr'>copiis</span> <span class='ocrx_word' id='word_1_176' title='bbox 1092 2601 1182 2674; x_wconf 90' lang='lat' dir='ltr'>illud</span> <span class='ocrx_word' id='word_1_177' title='bbox 1210 2599 1417 2688; x_wconf 87' lang='lat' dir='ltr'>obsidentis,</span> <span class='ocrx_word' id='word_1_178' title='bbox 1449 2599 1630 2685; x_wconf 88' lang='lat' dir='ltr'>tolerasse,</span> 
     </span>
     <span class='ocr_line' id='line_1_18' title="bbox 92 2719 1628 2815; baseline -0.003 -21"><span class='ocrx_word' id='word_1_179' title='bbox 92 2727 128 2795; x_wconf 89' lang='lat' dir='ltr'>et</span> <span class='ocrx_word' id='word_1_180' title='bbox 154 2722 262 2794; x_wconf 87' lang='lat' dir='ltr'>toties</span> <span class='ocrx_word' id='word_1_181' title='bbox 289 2722 471 2796; x_wconf 84' lang='lat' dir='ltr'>adversum</span> <span class='ocrx_word' id='word_1_182' title='bbox 500 2721 603 2795; x_wconf 91' lang='lat' dir='ltr'>illum</span> <span class='ocrx_word' id='word_1_183' title='bbox 631 2721 881 2814; x_wconf 87' lang='lat' dir='ltr'>triumphasse,</span> <span class='ocrx_word' id='word_1_184' title='bbox 900 2723 1029 2815; x_wconf 92' lang='lat' dir='ltr'>poterit</span> <span class='ocrx_word' id='word_1_185' title='bbox 1047 2723 1139 2814; x_wconf 86' lang='lat' dir='ltr'>apud</span> <span class='ocrx_word' id='word_1_186' title='bbox 1157 2727 1330 2814; x_wconf 90' lang='lat' dir='ltr'>posteros,</span> <span class='ocrx_word' id='word_1_187' title='bbox 1349 2742 1419 2793; x_wconf 92' lang='lat' dir='ltr'>non</span> <span class='ocrx_word' id='word_1_188' title='bbox 1438 2720 1513 2792; x_wconf 90' lang='lat' dir='ltr'>sine</span> <span class='ocrx_word' id='word_1_189' title='bbox 1532 2719 1628 2812; x_wconf 92' lang='lat' dir='ltr'>igno·</span> 
     </span>
     <span class='ocr_line' id='line_1_19' title="bbox 93 2838 1631 2936; baseline -0.003 -20"><span class='ocrx_word' id='word_1_190' title='bbox 93 2843 204 2916; x_wconf 86' lang='lat' dir='ltr'>minio</span> <span class='ocrx_word' id='word_1_191' title='bbox 230 2843 321 2916; x_wconf 87' lang='lat' dir='ltr'>tanti</span> <span class='ocrx_word' id='word_1_192' title='bbox 347 2843 454 2936; x_wconf 89' lang='lat' dir='ltr'>Regis</span> <span class='ocrx_word' id='word_1_193' title='bbox 482 2848 517 2916; x_wconf 93' lang='lat' dir='ltr'>et</span> <span class='ocrx_word' id='word_1_194' title='bbox 544 2842 735 2926; x_wconf 85' lang='lat' dir='ltr'>exercitus,</span> <span class='ocrx_word' id='word_1_195' title='bbox 765 2844 901 2917; x_wconf 89' lang='lat' dir='ltr'>abunde</span> <span class='ocrx_word' id='word_1_196' title='bbox 926 2843 1082 2936; x_wconf 86' lang='lat' dir='ltr'>gloriari.</span> <span class='ocrx_word' id='word_1_197' title='bbox 1112 2845 1222 2916; x_wconf 80' lang='lat' dir='ltr'>Tanta</span> <span class='ocrx_word' id='word_1_198' title='bbox 1254 2847 1370 2916; x_wconf 89' lang='lat' dir='ltr'>autem</span> <span class='ocrx_word' id='word_1_199' title='bbox 1397 2846 1432 2915; x_wconf 89' lang='lat' dir='ltr'>et</span> <span class='ocrx_word' id='word_1_200' title='bbox 1458 2841 1552 2914; x_wconf 88' lang='lat' dir='ltr'>iusta</span> <span class='ocrx_word' id='word_1_201' title='bbox 1578 2838 1631 2912; x_wconf 88' lang='lat' dir='ltr'>ira</span> 
     </span>
     <span class='ocr_line' id='line_1_20' title="bbox 94 2960 1628 3056; baseline -0.004 -18"><span class='ocrx_word' id='word_1_202' title='bbox 94 2969 128 3038; x_wconf 92' lang='lat' dir='ltr'>et</span> <span class='ocrx_word' id='word_1_203' title='bbox 155 2964 397 3056; x_wconf 90' lang='lat' dir='ltr'>desperatione</span> <span class='ocrx_word' id='word_1_204' title='bbox 429 2962 590 3038; x_wconf 89' lang='lat' dir='ltr'>civitates</span> <span class='ocrx_word' id='word_1_205' title='bbox 618 2972 653 3038; x_wconf 89' lang='lat' dir='ltr'>et</span> <span class='ocrx_word' id='word_1_206' title='bbox 679 2964 814 3038; x_wconf 88' lang='lat' dir='ltr'>incolae</span> <span class='ocrx_word' id='word_1_207' title='bbox 841 2965 1024 3054; x_wconf 91' lang='lat' dir='ltr'>Prussiae,</span> <span class='ocrx_word' id='word_1_208' title='bbox 1054 2966 1096 3038; x_wconf 92' lang='lat' dir='ltr'>ob</span> <span class='ocrx_word' id='word_1_209' title='bbox 1123 2963 1315 3038; x_wconf 92' lang='lat' dir='ltr'>indebitam</span> <span class='ocrx_word' id='word_1_210' title='bbox 1344 2969 1379 3037; x_wconf 90' lang='lat' dir='ltr'>et</span> <span class='ocrx_word' id='word_1_211' title='bbox 1405 2960 1628 3036; x_wconf 88' lang='lat' dir='ltr'>inhumanam</span> 
     </span>
     <span class='ocr_line' id='line_1_21' title="bbox 93 3084 1626 3178; baseline -0.003 -19"><span class='ocrx_word' id='word_1_212' title='bbox 93 3107 236 3160; x_wconf 86' lang='lat' dir='ltr'>suarum</span> <span class='ocrx_word' id='word_1_213' title='bbox 263 3086 428 3160; x_wconf 86' lang='lat' dir='ltr'>uillarum</span> <span class='ocrx_word' id='word_1_214' title='bbox 455 3092 491 3160; x_wconf 92' lang='lat' dir='ltr'>et</span> <span class='ocrx_word' id='word_1_215' title='bbox 517 3086 653 3160; x_wconf 90' lang='lat' dir='ltr'>aedium</span> <span class='ocrx_word' id='word_1_216' title='bbox 681 3086 940 3177; x_wconf 91' lang='lat' dir='ltr'>spoliationem,</span> <span class='ocrx_word' id='word_1_217' title='bbox 969 3085 1198 3178; x_wconf 91' lang='lat' dir='ltr'>direptionem</span> <span class='ocrx_word' id='word_1_218' title='bbox 1226 3089 1260 3159; x_wconf 92' lang='lat' dir='ltr'>et</span> <span class='ocrx_word' id='word_1_219' title='bbox 1287 3084 1539 3172; x_wconf 79' lang='lat' dir='ltr'>intensionem,</span> <span class='ocrx_word' id='word_1_220' title='bbox 1568 3103 1626 3156; x_wconf 84' lang='lat' dir='ltr'>ex·</span> 
     </span>
     <span class='ocr_line' id='line_1_22' title="bbox 96 3203 1628 3301; baseline -0.003 -21"><span class='ocrx_word' id='word_1_221' title='bbox 96 3207 276 3300; x_wconf 89' lang='lat' dir='ltr'>peditione</span> <span class='ocrx_word' id='word_1_222' title='bbox 303 3208 367 3280; x_wconf 92' lang='lat' dir='ltr'>illa</span> <span class='ocrx_word' id='word_1_223' title='bbox 393 3229 455 3299; x_wconf 92' lang='lat' dir='ltr'>per</span> <span class='ocrx_word' id='word_1_224' title='bbox 480 3207 613 3301; x_wconf 88' lang='lat' dir='ltr'>regium</span> <span class='ocrx_word' id='word_1_225' title='bbox 641 3207 832 3282; x_wconf 82' lang='lat' dir='ltr'>exercitum</span> <span class='ocrx_word' id='word_1_226' title='bbox 860 3208 934 3282; x_wconf 91' lang='lat' dir='ltr'>sine</span> <span class='ocrx_word' id='word_1_227' title='bbox 961 3208 1080 3299; x_wconf 90' lang='lat' dir='ltr'>aliqua</span> <span class='ocrx_word' id='word_1_228' title='bbox 1102 3207 1274 3282; x_wconf 82' lang='lat' dir='ltr'>coertione</span> <span class='ocrx_word' id='word_1_229' title='bbox 1293 3211 1329 3280; x_wconf 94' lang='lat' dir='ltr'>et</span> <span class='ocrx_word' id='word_1_230' title='bbox 1345 3206 1480 3279; x_wconf 89' lang='lat' dir='ltr'>ultione</span> <span class='ocrx_word' id='word_1_231' title='bbox 1498 3203 1628 3297; x_wconf 88' lang='lat' dir='ltr'>passim</span> 
     </span>
     <span class='ocr_line' id='line_1_23' title="bbox 99 3325 1630 3422; baseline -0.002 -22"><span class='ocrx_word' id='word_1_232' title='bbox 99 3330 245 3417; x_wconf 88' lang='lat' dir='ltr'>iactam,</span> <span class='ocrx_word' id='word_1_233' title='bbox 274 3329 481 3422; x_wconf 84' lang='lat' dir='ltr'>agebantur,</span> <span class='ocrx_word' id='word_1_234' title='bbox 508 3328 693 3402; x_wconf 90' lang='lat' dir='ltr'>utiterum</span> <span class='ocrx_word' id='word_1_235' title='bbox 711 3329 918 3422; x_wconf 86' lang='lat' dir='ltr'>Magistrum</span> <span class='ocrx_word' id='word_1_236' title='bbox 941 3335 976 3402; x_wconf 89' lang='lat' dir='ltr'>et</span> <span class='ocrx_word' id='word_1_237' title='bbox 994 3329 1201 3418; x_wconf 73' lang='lat' dir='ltr'>cruciferos,</span> <span class='ocrx_word' id='word_1_238' title='bbox 1226 3328 1386 3422; x_wconf 87' lang='lat' dir='ltr'>quamuis</span> <span class='ocrx_word' id='word_1_239' title='bbox 1413 3327 1534 3401; x_wconf 89' lang='lat' dir='ltr'>merite</span> <span class='ocrx_word' id='word_1_240' title='bbox 1562 3325 1630 3398; x_wconf 93' lang='lat' dir='ltr'>sibi</span> 
     </span>
     <span class='ocr_line' id='line_1_24' title="bbox 93 3449 1298 3546; baseline 0.001 -24"><span class='ocrx_word' id='word_1_241' title='bbox 93 3450 227 3523; x_wconf 84' lang='lat' dir='ltr'>inuisos</span> <span class='ocrx_word' id='word_1_242' title='bbox 256 3455 291 3522; x_wconf 92' lang='lat' dir='ltr'>et</span> <span class='ocrx_word' id='word_1_243' title='bbox 317 3449 480 3540; x_wconf 89' lang='lat' dir='ltr'>infestos,</span> <span class='ocrx_word' id='word_1_244' title='bbox 508 3472 623 3524; x_wconf 90' lang='lat' dir='ltr'>rerum</span> <span class='ocrx_word' id='word_1_245' title='bbox 650 3451 814 3524; x_wconf 89' lang='lat' dir='ltr'>Prussiae</span> <span class='ocrx_word' id='word_1_246' title='bbox 841 3453 917 3526; x_wconf 89' lang='lat' dir='ltr'>lieri</span> <span class='ocrx_word' id='word_1_247' title='bbox 944 3452 1101 3524; x_wconf 90' lang='lat' dir='ltr'>dominos</span> <span class='ocrx_word' id='word_1_248' title='bbox 1129 3455 1298 3546; x_wconf 89' lang='lat' dir='ltr'>optarent.</span> 
     </span>
    </p>
   </div>
   <div class='ocr_carea' id='block_1_6' title="bbox 93 3805 1628 4140">
    <p class='ocr_par' dir='ltr' id='par_1_6' title="bbox 93 3805 1628 4140">
     <span class='ocr_line' id='line_1_25' title="bbox 93 3805 1628 3900; baseline 0.003 -25"><span class='ocrx_word' id='word_1_249' title='bbox 93 3805 175 3878; x_wconf 82' lang='lat' dir='ltr'>lrrilr</span> <span class='ocrx_word' id='word_1_250' title='bbox 199 3806 336 3878; x_wconf 78' lang='lat' dir='ltr'>Stborcb</span> <span class='ocrx_word' id='word_1_251' title='bbox 358 3807 504 3878; x_wconf 69' lang='lat' dir='ltr'>bortrus</span> <span class='ocrx_word' id='word_1_252' title='bbox 528 3810 563 3878; x_wconf 84' lang='lat' dir='ltr'>ct</span> <span class='ocrx_word' id='word_1_253' title='bbox 583 3805 742 3879; x_wconf 84' lang='lat' dir='ltr'>lohannes</span> <span class='ocrx_word' id='word_1_254' title='bbox 769 3808 1026 3898; x_wconf 64' lang='lat' dir='ltr'>sweborcurli</span> <span class='ocrx_word' id='word_1_255' title='bbox 1048 3809 1185 3880; x_wconf 79' lang='lat' dir='ltr'>coronas</span> <span class='ocrx_word' id='word_1_256' title='bbox 1207 3809 1349 3900; x_wconf 84' lang='lat' dir='ltr'>liagnum</span> <span class='ocrx_word' id='word_1_257' title='bbox 1370 3807 1518 3881; x_wconf 80' lang='lat' dir='ltr'>Poloniae</span> <span class='ocrx_word' id='word_1_258' title='bbox 1540 3827 1628 3898; x_wconf 85' lang='lat' dir='ltr'>prae·</span> 
     </span>
     <span class='ocr_line' id='line_1_26' title="bbox 93 3927 1628 4021; baseline 0.003 -23"><span class='ocrx_word' id='word_1_259' title='bbox 93 3927 222 4013; x_wconf 84' lang='lat' dir='ltr'>dautur,</span> <span class='ocrx_word' id='word_1_260' title='bbox 246 3930 280 3999; x_wconf 85' lang='lat' dir='ltr'>et</span> <span class='ocrx_word' id='word_1_261' title='bbox 302 3928 418 4018; x_wconf 88' lang='lat' dir='ltr'>oppido</span> <span class='ocrx_word' id='word_1_262' title='bbox 440 3929 601 4001; x_wconf 73' lang='lat' dir='ltr'>stanton</span> <span class='ocrx_word' id='word_1_263' title='bbox 622 3929 769 4017; x_wconf 84' lang='lat' dir='ltr'>incenso,</span> <span class='ocrx_word' id='word_1_264' title='bbox 792 3931 983 4002; x_wconf 72' lang='lat' dir='ltr'>famulitium</span> <span class='ocrx_word' id='word_1_265' title='bbox 1005 3931 1148 4020; x_wconf 74' lang='lat' dir='ltr'>dampno</span> <span class='ocrx_word' id='word_1_266' title='bbox 1163 3931 1388 4021; x_wconf 87' lang='lat' dir='ltr'>intercipiunt:</span> <span class='ocrx_word' id='word_1_267' title='bbox 1411 3931 1496 4004; x_wconf 86' lang='lat' dir='ltr'>unda</span> <span class='ocrx_word' id='word_1_268' title='bbox 1512 3933 1628 4021; x_wconf 79' lang='lat' dir='ltr'>pastea</span> 
     </span>
     <span class='ocr_line' id='line_1_27' title="bbox 373 4051 1347 4140; baseline 0.005 -20"><span class='ocrx_word' id='word_1_269' title='bbox 373 4066 430 4138; x_wconf 85' lang='lat' dir='ltr'>per</span> <span class='ocrx_word' id='word_1_270' title='bbox 451 4051 633 4140; x_wconf 87' lang='lat' dir='ltr'>pactionem</span> <span class='ocrx_word' id='word_1_271' title='bbox 655 4068 725 4124; x_wconf 84' lang='lat' dir='ltr'>cum</span> <span class='ocrx_word' id='word_1_272' title='bbox 747 4052 842 4124; x_wconf 87' lang='lat' dir='ltr'>retur</span> <span class='ocrx_word' id='word_1_273' title='bbox 864 4053 932 4124; x_wconf 79' lang='lat' dir='ltr'>uuir</span> <span class='ocrx_word' id='word_1_274' title='bbox 955 4070 975 4125; x_wconf 87' lang='lat' dir='ltr'>a</span> <span class='ocrx_word' id='word_1_275' title='bbox 996 4053 1122 4124; x_wconf 81' lang='lat' dir='ltr'>loleuir</span> <span class='ocrx_word' id='word_1_276' title='bbox 1146 4053 1347 4126; x_wconf 86' lang='lat' dir='ltr'>amittuntur.</span> 
     </span>
    </p>
   </div>
   <div class='ocr_carea' id='block_1_7' title="bbox 92 4299 1627 5367">
    <p class='ocr_par' dir='ltr' id='par_1_7' title="bbox 92 4299 1627 5367">
     <span class='ocr_line' id='line_1_28' title="bbox 197 4299 1625 4395; baseline 0.004 -26"><span class='ocrx_word' id='word_1_277' title='bbox 197 4299 331 4391; x_wconf 73' lang='lat' dir='ltr'>rigente</span> <span class='ocrx_word' id='word_1_278' title='bbox 358 4299 453 4391; x_wconf 86' lang='lat' dir='ltr'>Rege</span> <span class='ocrx_word' id='word_1_279' title='bbox 480 4299 729 4373; x_wconf 91' lang='lat' dir='ltr'>Pruthenicum</span> <span class='ocrx_word' id='word_1_280' title='bbox 757 4301 888 4374; x_wconf 94' lang='lat' dir='ltr'>bellum</span> <span class='ocrx_word' id='word_1_281' title='bbox 911 4307 945 4375; x_wconf 90' lang='lat' dir='ltr'>et</span> <span class='ocrx_word' id='word_1_282' title='bbox 964 4302 1141 4376; x_wconf 92' lang='lat' dir='ltr'>obsidione</span> <span class='ocrx_word' id='word_1_283' title='bbox 1161 4301 1279 4394; x_wconf 91' lang='lat' dir='ltr'>oppidi</span> <span class='ocrx_word' id='word_1_284' title='bbox 1301 4302 1430 4376; x_wconf 83' lang='lat' dir='ltr'>Lasnin</span> <span class='ocrx_word' id='word_1_285' title='bbox 1448 4307 1625 4395; x_wconf 88' lang='lat' dir='ltr'>occupato,</span> 
     </span>
     <span class='ocr_line' id='line_1_29' title="bbox 93 4419 1626 4516; baseline 0.003 -25"><span class='ocrx_word' id='word_1_286' title='bbox 93 4419 189 4491; x_wconf 87' lang='lat' dir='ltr'>Irnik</span> <span class='ocrx_word' id='word_1_287' title='bbox 213 4419 363 4492; x_wconf 82' lang='lat' dir='ltr'>Sthosch</span> <span class='ocrx_word' id='word_1_288' title='bbox 381 4420 422 4492; x_wconf 93' lang='lat' dir='ltr'>de</span> <span class='ocrx_word' id='word_1_289' title='bbox 441 4419 702 4494; x_wconf 84' lang='lat' dir='ltr'>Olbrachcnicue</span> <span class='ocrx_word' id='word_1_290' title='bbox 736 4423 913 4512; x_wconf 84' lang='lat' dir='ltr'>blenarus,</span> <span class='ocrx_word' id='word_1_291' title='bbox 948 4428 983 4496; x_wconf 92' lang='lat' dir='ltr'>et</span> <span class='ocrx_word' id='word_1_292' title='bbox 1014 4425 1188 4498; x_wconf 89' lang='lat' dir='ltr'>Iohannes</span> <span class='ocrx_word' id='word_1_293' title='bbox 1221 4423 1492 4516; x_wconf 80' lang='lat' dir='ltr'>Swyeborouslri</span> <span class='ocrx_word' id='word_1_294' title='bbox 1525 4425 1626 4496; x_wconf 93' lang='lat' dir='ltr'>Polo-</span> 
     </span>
     <span class='ocr_line' id='line_1_30' title="bbox 95 4540 1627 4638; baseline 0.004 -26"><span class='ocrx_word' id='word_1_295' title='bbox 95 4563 176 4630; x_wconf 91' lang='lat' dir='ltr'>uns,</span> <span class='ocrx_word' id='word_1_296' title='bbox 207 4540 268 4632; x_wconf 90' lang='lat' dir='ltr'>qui</span> <span class='ocrx_word' id='word_1_297' title='bbox 293 4545 435 4632; x_wconf 88' lang='lat' dir='ltr'>propter</span> <span class='ocrx_word' id='word_1_298' title='bbox 460 4541 617 4632; x_wconf 86' lang='lat' dir='ltr'>priuatas</span> <span class='ocrx_word' id='word_1_299' title='bbox 645 4547 680 4615; x_wconf 92' lang='lat' dir='ltr'>et</span> <span class='ocrx_word' id='word_1_300' title='bbox 707 4549 910 4635; x_wconf 82' lang='lat' dir='ltr'>praetensae</span> <span class='ocrx_word' id='word_1_301' title='bbox 937 4545 1085 4618; x_wconf 87' lang='lat' dir='ltr'>iniurias</span> <span class='ocrx_word' id='word_1_302' title='bbox 1111 4547 1247 4618; x_wconf 89' lang='lat' dir='ltr'>hostem</span> <span class='ocrx_word' id='word_1_303' title='bbox 1271 4566 1307 4618; x_wconf 93' lang='lat' dir='ltr'>se</span> <span class='ocrx_word' id='word_1_304' title='bbox 1330 4545 1443 4638; x_wconf 89' lang='lat' dir='ltr'>Regni</span> <span class='ocrx_word' id='word_1_305' title='bbox 1462 4544 1627 4618; x_wconf 93' lang='lat' dir='ltr'>Poloniae</span> 
     </span>
     <span class='ocr_line' id='line_1_31' title="bbox 93 4663 1627 4761; baseline 0.002 -26"><span class='ocrx_word' id='word_1_306' title='bbox 93 4663 232 4755; x_wconf 89' lang='lat' dir='ltr'>agebat,</span> <span class='ocrx_word' id='word_1_307' title='bbox 263 4667 495 4753; x_wconf 89' lang='lat' dir='ltr'>opportunum</span> <span class='ocrx_word' id='word_1_308' title='bbox 523 4667 660 4755; x_wconf 90' lang='lat' dir='ltr'>tempus</span> <span class='ocrx_word' id='word_1_309' title='bbox 688 4665 732 4738; x_wconf 91' lang='lat' dir='ltr'>ad</span> <span class='ocrx_word' id='word_1_310' title='bbox 759 4665 992 4740; x_wconf 86' lang='lat' dir='ltr'>inuadendum</span> <span class='ocrx_word' id='word_1_311' title='bbox 1010 4668 1169 4761; x_wconf 85' lang='lat' dir='ltr'>Regnum</span> <span class='ocrx_word' id='word_1_312' title='bbox 1188 4666 1370 4756; x_wconf 89' lang='lat' dir='ltr'>Poloniae,</span> <span class='ocrx_word' id='word_1_313' title='bbox 1399 4665 1573 4740; x_wconf 88' lang='lat' dir='ltr'>militibus</span> <span class='ocrx_word' id='word_1_314' title='bbox 1592 4670 1627 4739; x_wconf 93' lang='lat' dir='ltr'>et</span> 
     </span>
     <span class='ocr_line' id='line_1_32' title="bbox 92 4784 1625 4880; baseline 0.002 -25"><span class='ocrx_word' id='word_1_315' title='bbox 92 4784 256 4875; x_wconf 88' lang='lat' dir='ltr'>gentibus</span> <span class='ocrx_word' id='word_1_316' title='bbox 284 4803 446 4871; x_wconf 86' lang='lat' dir='ltr'>vaenum,</span> <span class='ocrx_word' id='word_1_317' title='bbox 476 4784 604 4856; x_wconf 88' lang='lat' dir='ltr'>iactum</span> <span class='ocrx_word' id='word_1_318' title='bbox 631 4785 716 4875; x_wconf 88' lang='lat' dir='ltr'>rati,</span> <span class='ocrx_word' id='word_1_319' title='bbox 746 4807 823 4858; x_wconf 93' lang='lat' dir='ltr'>cum</span> <span class='ocrx_word' id='word_1_320' title='bbox 852 4787 1071 4879; x_wconf 90' lang='lat' dir='ltr'>equestribus</span> <span class='ocrx_word' id='word_1_321' title='bbox 1100 4791 1134 4860; x_wconf 90' lang='lat' dir='ltr'>et</span> <span class='ocrx_word' id='word_1_322' title='bbox 1160 4787 1381 4879; x_wconf 87' lang='lat' dir='ltr'>pedestribus</span> <span class='ocrx_word' id='word_1_323' title='bbox 1408 4787 1533 4880; x_wconf 88' lang='lat' dir='ltr'>copiis,</span> <span class='ocrx_word' id='word_1_324' title='bbox 1562 4809 1625 4858; x_wconf 90' lang='lat' dir='ltr'>un-</span> 
     </span>
     <span class='ocr_line' id='line_1_33' title="bbox 93 4905 1626 4999; baseline 0.001 -22"><span class='ocrx_word' id='word_1_325' title='bbox 93 4905 271 4996; x_wconf 91' lang='lat' dir='ltr'>decunque</span> <span class='ocrx_word' id='word_1_326' title='bbox 298 4907 473 4996; x_wconf 89' lang='lat' dir='ltr'>poterant,</span> <span class='ocrx_word' id='word_1_327' title='bbox 502 4907 706 4994; x_wconf 87' lang='lat' dir='ltr'>contractis,</span> <span class='ocrx_word' id='word_1_328' title='bbox 737 4907 797 4980; x_wconf 91' lang='lat' dir='ltr'>sed</span> <span class='ocrx_word' id='word_1_329' title='bbox 825 4914 859 4981; x_wconf 92' lang='lat' dir='ltr'>et</span> <span class='ocrx_word' id='word_1_330' title='bbox 885 4909 1046 4999; x_wconf 88' lang='lat' dir='ltr'>pluribus</span> <span class='ocrx_word' id='word_1_331' title='bbox 1073 4909 1298 4999; x_wconf 85' lang='lat' dir='ltr'>voluntariis,</span> <span class='ocrx_word' id='word_1_332' title='bbox 1332 4911 1467 4982; x_wconf 89' lang='lat' dir='ltr'>Ducum</span> <span class='ocrx_word' id='word_1_333' title='bbox 1495 4907 1626 4981; x_wconf 87' lang='lat' dir='ltr'>Slesiae</span> 
     </span>
     <span class='ocr_line' id='line_1_34' title="bbox 95 5025 1625 5122; baseline 0.002 -24"><span class='ocrx_word' id='word_1_334' title='bbox 95 5025 260 5113; x_wconf 91' lang='lat' dir='ltr'>subditis,</span> <span class='ocrx_word' id='word_1_335' title='bbox 293 5046 354 5118; x_wconf 85' lang='lat' dir='ltr'>spe</span> <span class='ocrx_word' id='word_1_336' title='bbox 385 5025 577 5118; x_wconf 92' lang='lat' dir='ltr'>spoliorum</span> <span class='ocrx_word' id='word_1_337' title='bbox 609 5027 812 5118; x_wconf 89' lang='lat' dir='ltr'>solicitatis,</span> <span class='ocrx_word' id='word_1_338' title='bbox 845 5029 1004 5122; x_wconf 90' lang='lat' dir='ltr'>Regnum</span> <span class='ocrx_word' id='word_1_339' title='bbox 1036 5029 1202 5104; x_wconf 90' lang='lat' dir='ltr'>Poloniae</span> <span class='ocrx_word' id='word_1_340' title='bbox 1233 5029 1324 5104; x_wconf 91' lang='lat' dir='ltr'>circa</span> <span class='ocrx_word' id='word_1_341' title='bbox 1352 5030 1479 5122; x_wconf 90' lang='lat' dir='ltr'>oppida</span> <span class='ocrx_word' id='word_1_342' title='bbox 1505 5030 1625 5102; x_wconf 86' lang='lat' dir='ltr'>Ilkusc</span> 
     </span>
     <span class='ocr_line' id='line_1_35' title="bbox 96 5147 1626 5243; baseline 0.001 -23"><span class='ocrx_word' id='word_1_343' title='bbox 96 5151 129 5220; x_wconf 90' lang='lat' dir='ltr'>et</span> <span class='ocrx_word' id='word_1_344' title='bbox 157 5148 324 5221; x_wconf 83' lang='lat' dir='ltr'>Slawlrou</span> <span class='ocrx_word' id='word_1_345' title='bbox 352 5147 539 5221; x_wconf 83' lang='lat' dir='ltr'>inuadunt:</span> <span class='ocrx_word' id='word_1_346' title='bbox 573 5153 608 5221; x_wconf 91' lang='lat' dir='ltr'>et</span> <span class='ocrx_word' id='word_1_347' title='bbox 640 5149 816 5242; x_wconf 90' lang='lat' dir='ltr'>octoginta</span> <span class='ocrx_word' id='word_1_348' title='bbox 847 5151 963 5242; x_wconf 90' lang='lat' dir='ltr'>equis,</span> <span class='ocrx_word' id='word_1_349' title='bbox 998 5151 1124 5243; x_wconf 90' lang='lat' dir='ltr'>quibus</span> <span class='ocrx_word' id='word_1_350' title='bbox 1156 5151 1193 5224; x_wconf 93' lang='lat' dir='ltr'>in</span> <span class='ocrx_word' id='word_1_351' title='bbox 1224 5151 1401 5224; x_wconf 90' lang='lat' dir='ltr'>montibus</span> <span class='ocrx_word' id='word_1_352' title='bbox 1428 5149 1626 5224; x_wconf 90' lang='lat' dir='ltr'>Ilkussien·</span> 
     </span>
     <span class='ocr_line' id='line_1_36' title="bbox 96 5267 1624 5367; baseline 0.003 -28"><span class='ocrx_word' id='word_1_353' title='bbox 96 5267 206 5357; x_wconf 83' lang='lat' dir='ltr'>sibae,</span> <span class='ocrx_word' id='word_1_354' title='bbox 239 5268 420 5359; x_wconf 90' lang='lat' dir='ltr'>plumbum</span> <span class='ocrx_word' id='word_1_355' title='bbox 451 5269 695 5362; x_wconf 81' lang='lat' dir='ltr'>gignentibus,</span> <span class='ocrx_word' id='word_1_356' title='bbox 729 5292 819 5363; x_wconf 90' lang='lat' dir='ltr'>aqua</span> <span class='ocrx_word' id='word_1_357' title='bbox 850 5273 1061 5363; x_wconf 89' lang='lat' dir='ltr'>pellebatur,</span> <span class='ocrx_word' id='word_1_358' title='bbox 1095 5271 1261 5365; x_wconf 81' lang='lat' dir='ltr'>receptis,</span> <span class='ocrx_word' id='word_1_359' title='bbox 1291 5273 1416 5367; x_wconf 92' lang='lat' dir='ltr'>oppido</span> <span class='ocrx_word' id='word_1_360' title='bbox 1445 5271 1624 5361; x_wconf 84' lang='lat' dir='ltr'>Slaulrou,</span> 
     </span>
    </p>
   </div>
   <div class='ocr_carea' id='block_1_8' title="bbox 198 5525 690 5614">
    <p class='ocr_par' dir='ltr' id='par_1_8' title="bbox 198 5525 690 5614">
     <span class='ocr_line' id='line_1_37' title="bbox 198 5525 690 5614; baseline 0.006 -24"><span class='ocrx_word' id='word_1_361' title='bbox 198 5527 221 5606; x_wconf 90' lang='lat'>¹)</span> <span class='ocrx_word' id='word_1_362' title='bbox 246 5527 404 5590; x_wconf 81' lang='lat' dir='ltr'>Gasimirus</span> <span class='ocrx_word' id='word_1_363' title='bbox 426 5529 490 5588; x_wconf 86' lang='lat' dir='ltr'>Rex</span> <span class='ocrx_word' id='word_1_364' title='bbox 511 5525 574 5590; x_wconf 83' lang='lat' dir='ltr'>Ed.</span> <span class='ocrx_word' id='word_1_365' title='bbox 598 5527 690 5614; x_wconf 80' lang='lat' dir='ltr'>Lipe.</span> 
     </span>
    </p>
   </div>
   <div class='ocr_carea' id='block_1_9' title="bbox 0 0 2068 6277">
    <p class='ocr_par' dir='ltr' id='par_1_9' title="bbox 0 0 2068 6277">
     <span class='ocr_line' id='line_1_38' title="bbox 0 0 2068 6277; baseline 0 0"><span class='ocrx_word' id='word_1_366' title='bbox 0 0 2068 6277; x_wconf 95' lang='lat' dir='ltr'> </span> 
     </span>
    </p>
   </div>
  </div>
 </body>
</html>
